{
    "schema":{
        "fields":[
            {
                "name":"index",
                "type":"integer"
            },
            {
                "name":"아파트명",
                "type":"string"
            },
            {
                "name":"투자타입",
                "type":"string"
            },
            {
                "name":"전용면적(m2)",
                "type":"string"
            },
            {
                "name":"전용면적(평)",
                "type":"string"
            },
            {
                "name":"법정동주소",
                "type":"string"
            },
            {
                "name":"도로명주소",
                "type":"string"
            },
            {
                "name":"세대수",
                "type":"integer"
            },
            {
                "name":"입주년차",
                "type":"string"
            },
            {
                "name":"용적률점수",
                "type":"string"
            },
            {
                "name":"건폐율점수",
                "type":"string"
            },
            {
                "name":"세대당주차수",
                "type":"string"
            },
            {
                "name":"난방방식",
                "type":"string"
            },
            {
                "name":"공급면적",
                "type":"string"
            },
            {
                "name":"전용률",
                "type":"string"
            },
            {
                "name":"욕실수",
                "type":"string"
            },
            {
                "name":"현관타입",
                "type":"string"
            },
            {
                "name":"주거총점",
                "type":"number"
            },
            {
                "name":"지역구공급총점",
                "type":"number"
            },
            {
                "name":"역세권",
                "type":"string"
            },
            {
                "name":"30분내 이동가능 거점",
                "type":"string"
            },
            {
                "name":"1시간내 이동가능 거점",
                "type":"string"
            },
            {
                "name":"교통총점",
                "type":"string"
            },
            {
                "name":"백화점",
                "type":"integer"
            },
            {
                "name":"아울렛몰",
                "type":"integer"
            },
            {
                "name":"대형마트",
                "type":"integer"
            },
            {
                "name":"은행",
                "type":"integer"
            },
            {
                "name":"병원",
                "type":"integer"
            },
            {
                "name":"종합병원",
                "type":"integer"
            },
            {
                "name":"공원",
                "type":"integer"
            },
            {
                "name":"혐오시설",
                "type":"integer"
            },
            {
                "name":"인프라총점",
                "type":"number"
            },
            {
                "name":"초등학군",
                "type":"number"
            },
            {
                "name":"중학군",
                "type":"number"
            },
            {
                "name":"학군총점",
                "type":"number"
            },
            {
                "name":"인구수",
                "type":"number"
            },
            {
                "name":"인구증감",
                "type":"number"
            },
            {
                "name":"인구총점",
                "type":"number"
            },
            {
                "name":"일자리",
                "type":"number"
            },
            {
                "name":"소득수준",
                "type":"number"
            },
            {
                "name":"일자리총점",
                "type":"number"
            },
            {
                "name":"가치 총점",
                "type":"number"
            },
            {
                "name":"매매실거래년",
                "type":"string"
            },
            {
                "name":"매매실거래가",
                "type":"number"
            },
            {
                "name":"전세실거래년",
                "type":"number"
            },
            {
                "name":"전세실거래가",
                "type":"number"
            },
            {
                "name":"전세가율",
                "type":"number"
            },
            {
                "name":"장기전세가율평균",
                "type":"number"
            },
            {
                "name":"전세가율거품지수",
                "type":"number"
            },
            {
                "name":"검색코드",
                "type":"integer"
            },
            {
                "name":"세대수",
                "type":"number"
            },
            {
                "name":"준공년월",
                "type":"string"
            },
            {
                "name":"준공년차",
                "type":"number"
            },
            {
                "name":"가까운역이름",
                "type":"string"
            },
            {
                "name":"가까운역거리",
                "type":"string"
            },
            {
                "name":"역세권여부",
                "type":"string"
            },
            {
                "name":"30분이내주요거점역",
                "type":"string"
            },
            {
                "name":"1시간이내주요거점역",
                "type":"string"
            },
            {
                "name":"3km이내백화점수",
                "type":"integer"
            },
            {
                "name":"5km이내아울렛몰수",
                "type":"integer"
            },
            {
                "name":"1km이내대형먀트수",
                "type":"integer"
            },
            {
                "name":"500m이내은행수",
                "type":"integer"
            },
            {
                "name":"500m이내병원수",
                "type":"integer"
            },
            {
                "name":"5km이내대형병원수",
                "type":"integer"
            },
            {
                "name":"500m이내공원수",
                "type":"integer"
            },
            {
                "name":"3km이내혐오시설수",
                "type":"integer"
            },
            {
                "name":"초등학교학업성취도",
                "type":"number"
            },
            {
                "name":"중학교학업성취도",
                "type":"number"
            },
            {
                "name":"용적률",
                "type":"integer"
            },
            {
                "name":"건폐율",
                "type":"integer"
            },
            {
                "name":"Y",
                "type":"number"
            },
            {
                "name":"X",
                "type":"number"
            },
            {
                "name":"rank",
                "type":"number"
            },
            {
                "name":"area_info",
                "type":"string"
            },
            {
                "name":"last_sales",
                "type":"string"
            }
        ],
        "primaryKey":[
            "index"
        ],
        "pandas_version":"1.4.0"
    },
    "data":[
        {
            "index":216,
            "아파트명":"메트로시티2단지",
            "투자타입":"일반",
            "전용면적(m2)":"107.67",
            "전용면적(평)":"32평",
            "법정동주소":"경상남도 창원시 마산회원구 양덕동 84-14",
            "도로명주소":"경상남도 창원시 마산회원구 삼호로 80",
            "세대수":100,
            "입주년차":80,
            "용적률점수":"--",
            "건폐율점수":"--",
            "세대당주차수":60,
            "난방방식":100,
            "공급면적":"--",
            "전용률":"--",
            "욕실수":100,
            "현관타입":100,
            "주거총점":90.0,
            "지역구공급총점":0.0,
            "역세권":"NA",
            "30분내 이동가능 거점":"NA",
            "1시간내 이동가능 거점":"NA",
            "교통총점":"NA",
            "백화점":100,
            "아울렛몰":0,
            "대형마트":100,
            "은행":20,
            "병원":60,
            "종합병원":100,
            "공원":100,
            "혐오시설":0,
            "인프라총점":76.0,
            "초등학군":85.96,
            "중학군":51.8,
            "학군총점":58.632,
            "인구수":21.41,
            "인구증감":-15.26,
            "인구총점":10.409,
            "일자리":3.1,
            "소득수준":67.86,
            "일자리총점":22.528,
            "가치 총점":76.558,
            "매매실거래년":20211218.0,
            "매매실거래가":109000.0,
            "전세실거래년":20211209.0,
            "전세실거래가":45000.0,
            "전세가율":76.27,
            "장기전세가율평균":75.61,
            "전세가율거품지수":-0.66,
            "검색코드":105004,
            "세대수":1915.0,
            "준공년월":"2015-10-23",
            "준공년차":8.0,
            "가까운역이름":"NA",
            "가까운역거리":"NA",
            "역세권여부":"NA",
            "30분이내주요거점역":"NA",
            "1시간이내주요거점역":"NA",
            "3km이내백화점수":2,
            "5km이내아울렛몰수":0,
            "1km이내대형먀트수":2,
            "500m이내은행수":2,
            "500m이내병원수":15,
            "5km이내대형병원수":4,
            "500m이내공원수":2,
            "3km이내혐오시설수":0,
            "초등학교학업성취도":85.96,
            "중학교학업성취도":85.2,
            "용적률":383,
            "건폐율":36,
            "Y":35.225467,
            "X":128.585726,
            "rank":1.0,
            "area_info":"32평(107.67), 32평(107.46), 36평(121.38), 36평(121.26), 36평(121.13), 43평(143.74), 43평(145.21), 48평(161.75)",
            "last_sales":"2021-12-18,109000.0,48평(161.75)"
        },
        {
            "index":207,
            "아파트명":"메트로시티",
            "투자타입":"일반",
            "전용면적(m2)":"119.98",
            "전용면적(평)":"36평",
            "법정동주소":"경상남도 창원시 마산회원구 양덕동 84-1",
            "도로명주소":"경상남도 창원시 마산회원구 양덕서로 30",
            "세대수":100,
            "입주년차":60,
            "용적률점수":"--",
            "건폐율점수":"--",
            "세대당주차수":60,
            "난방방식":30,
            "공급면적":"--",
            "전용률":"--",
            "욕실수":100,
            "현관타입":100,
            "주거총점":79.0,
            "지역구공급총점":0.0,
            "역세권":"NA",
            "30분내 이동가능 거점":"NA",
            "1시간내 이동가능 거점":"NA",
            "교통총점":"NA",
            "백화점":100,
            "아울렛몰":0,
            "대형마트":100,
            "은행":20,
            "병원":60,
            "종합병원":100,
            "공원":100,
            "혐오시설":0,
            "인프라총점":76.0,
            "초등학군":85.96,
            "중학군":51.8,
            "학군총점":58.632,
            "인구수":21.41,
            "인구증감":-15.26,
            "인구총점":10.409,
            "일자리":3.1,
            "소득수준":67.86,
            "일자리총점":22.528,
            "가치 총점":72.708,
            "매매실거래년":20211101.0,
            "매매실거래가":95000.0,
            "전세실거래년":20220105.0,
            "전세실거래가":29400.0,
            "전세가율":51.58,
            "장기전세가율평균":75.61,
            "전세가율거품지수":24.03,
            "검색코드":25924,
            "세대수":2127.0,
            "준공년월":"2009-12-28",
            "준공년차":14.0,
            "가까운역이름":"NA",
            "가까운역거리":"NA",
            "역세권여부":"NA",
            "30분이내주요거점역":"NA",
            "1시간이내주요거점역":"NA",
            "3km이내백화점수":2,
            "5km이내아울렛몰수":0,
            "1km이내대형먀트수":2,
            "500m이내은행수":2,
            "500m이내병원수":16,
            "5km이내대형병원수":4,
            "500m이내공원수":2,
            "3km이내혐오시설수":0,
            "초등학교학업성취도":85.96,
            "중학교학업성취도":85.2,
            "용적률":0,
            "건폐율":0,
            "Y":35.227247,
            "X":128.582623,
            "rank":2.0,
            "area_info":"36평(119.98), 36평(120.1), 36평(120.33), 40평(135.16), 49평(163.35), 49평(163.58), 53평(175.32), 59평(195.58), 71평(235.76)",
            "last_sales":"2021-11-01,95000.0,59평(195.58)"
        },
        {
            "index":184,
            "아파트명":"창원메트로시티석전",
            "투자타입":"일반",
            "전용면적(m2)":"58.58",
            "전용면적(평)":"17평",
            "법정동주소":"경상남도 창원시 마산회원구 석전동 300",
            "도로명주소":"경상남도 창원시 마산회원구 석전남8길 40",
            "세대수":100,
            "입주년차":100,
            "용적률점수":"--",
            "건폐율점수":"--",
            "세대당주차수":30,
            "난방방식":30,
            "공급면적":"--",
            "전용률":"--",
            "욕실수":50,
            "현관타입":100,
            "주거총점":77.5,
            "지역구공급총점":0.0,
            "역세권":"NA",
            "30분내 이동가능 거점":"NA",
            "1시간내 이동가능 거점":"NA",
            "교통총점":"NA",
            "백화점":100,
            "아울렛몰":0,
            "대형마트":0,
            "은행":0,
            "병원":60,
            "종합병원":100,
            "공원":100,
            "혐오시설":0,
            "인프라총점":59.0,
            "초등학군":100.0,
            "중학군":51.8,
            "학군총점":61.44,
            "인구수":21.41,
            "인구증감":-15.26,
            "인구총점":10.409,
            "일자리":3.1,
            "소득수준":67.86,
            "일자리총점":22.528,
            "가치 총점":66.085,
            "매매실거래년":20220115.0,
            "매매실거래가":58500.0,
            "전세실거래년":20211224.0,
            "전세실거래가":20000.0,
            "전세가율":82.99,
            "장기전세가율평균":75.61,
            "전세가율거품지수":-7.38,
            "검색코드":116620,
            "세대수":1763.0,
            "준공년월":"2019-12-23",
            "준공년차":4.0,
            "가까운역이름":"NA",
            "가까운역거리":"NA",
            "역세권여부":"NA",
            "30분이내주요거점역":"NA",
            "1시간이내주요거점역":"NA",
            "3km이내백화점수":1,
            "5km이내아울렛몰수":0,
            "1km이내대형먀트수":0,
            "500m이내은행수":1,
            "500m이내병원수":11,
            "5km이내대형병원수":4,
            "500m이내공원수":7,
            "3km이내혐오시설수":0,
            "초등학교학업성취도":100.0,
            "중학교학업성취도":85.2,
            "용적률":249,
            "건폐율":14,
            "Y":35.229338,
            "X":128.571443,
            "rank":3.0,
            "area_info":"17평(58.58), 22평(75.43), 25평(84.33), 25평(85.39), 29평(98.59), 29평(98.33), 34평(114.56), 34평(114.96), 40평(133.73)",
            "last_sales":"2022-01-15,58500.0,34평(114.96)"
        },
        {
            "index":257,
            "아파트명":"한일타운4차",
            "투자타입":"일반",
            "전용면적(m2)":"97.53",
            "전용면적(평)":"29평",
            "법정동주소":"경상남도 창원시 마산회원구 양덕동 79-9",
            "도로명주소":"경상남도 창원시 마산회원구 양덕서로 45",
            "세대수":50,
            "입주년차":40,
            "용적률점수":"--",
            "건폐율점수":"--",
            "세대당주차수":30,
            "난방방식":30,
            "공급면적":"--",
            "전용률":"--",
            "욕실수":100,
            "현관타입":100,
            "주거총점":53.0,
            "지역구공급총점":0.0,
            "역세권":"NA",
            "30분내 이동가능 거점":"NA",
            "1시간내 이동가능 거점":"NA",
            "교통총점":"NA",
            "백화점":100,
            "아울렛몰":0,
            "대형마트":100,
            "은행":70,
            "병원":60,
            "종합병원":100,
            "공원":100,
            "혐오시설":0,
            "인프라총점":81.0,
            "초등학군":85.96,
            "중학군":51.8,
            "학군총점":58.632,
            "인구수":21.41,
            "인구증감":-15.26,
            "인구총점":10.409,
            "일자리":3.1,
            "소득수준":67.86,
            "일자리총점":22.528,
            "가치 총점":65.608,
            "매매실거래년":20211126.0,
            "매매실거래가":45000.0,
            "전세실거래년":20211022.0,
            "전세실거래가":27000.0,
            "전세가율":103.85,
            "장기전세가율평균":75.61,
            "전세가율거품지수":-28.24,
            "검색코드":17371,
            "세대수":694.0,
            "준공년월":"2004-12-04",
            "준공년차":19.0,
            "가까운역이름":"NA",
            "가까운역거리":"NA",
            "역세권여부":"NA",
            "30분이내주요거점역":"NA",
            "1시간이내주요거점역":"NA",
            "3km이내백화점수":1,
            "5km이내아울렛몰수":0,
            "1km이내대형먀트수":2,
            "500m이내은행수":3,
            "500m이내병원수":26,
            "5km이내대형병원수":4,
            "500m이내공원수":2,
            "3km이내혐오시설수":0,
            "초등학교학업성취도":85.96,
            "중학교학업성취도":85.2,
            "용적률":246,
            "건폐율":59,
            "Y":35.228629,
            "X":128.580172,
            "rank":4.0,
            "area_info":"29평(97.53), 33평(111.05), 44평(147.78)",
            "last_sales":"2021-11-26,45000.0,44평(147.78)"
        },
        {
            "index":245,
            "아파트명":"양덕코오롱하늘채",
            "투자타입":"일반",
            "전용면적(m2)":"67.05",
            "전용면적(평)":"20평",
            "법정동주소":"경상남도 창원시 마산회원구 양덕동 535",
            "도로명주소":"경상남도 창원시 마산회원구 양덕서5길 15",
            "세대수":50,
            "입주년차":80,
            "용적률점수":"--",
            "건폐율점수":"--",
            "세대당주차수":30,
            "난방방식":30,
            "공급면적":"--",
            "전용률":"--",
            "욕실수":50,
            "현관타입":100,
            "주거총점":56.0,
            "지역구공급총점":0.0,
            "역세권":"NA",
            "30분내 이동가능 거점":"NA",
            "1시간내 이동가능 거점":"NA",
            "교통총점":"NA",
            "백화점":100,
            "아울렛몰":0,
            "대형마트":100,
            "은행":20,
            "병원":60,
            "종합병원":100,
            "공원":100,
            "혐오시설":0,
            "인프라총점":76.0,
            "초등학군":85.96,
            "중학군":51.8,
            "학군총점":58.632,
            "인구수":21.41,
            "인구증감":-15.26,
            "인구총점":10.409,
            "일자리":3.1,
            "소득수준":67.86,
            "일자리총점":22.528,
            "가치 총점":64.658,
            "매매실거래년":20211204.0,
            "매매실거래가":56000.0,
            "전세실거래년":null,
            "전세실거래가":null,
            "전세가율":null,
            "장기전세가율평균":75.61,
            "전세가율거품지수":null,
            "검색코드":107707,
            "세대수":535.0,
            "준공년월":"2016-03-25",
            "준공년차":7.0,
            "가까운역이름":"NA",
            "가까운역거리":"NA",
            "역세권여부":"NA",
            "30분이내주요거점역":"NA",
            "1시간이내주요거점역":"NA",
            "3km이내백화점수":2,
            "5km이내아울렛몰수":0,
            "1km이내대형먀트수":2,
            "500m이내은행수":2,
            "500m이내병원수":16,
            "5km이내대형병원수":4,
            "500m이내공원수":2,
            "3km이내혐오시설수":0,
            "초등학교학업성취도":85.96,
            "중학교학업성취도":85.2,
            "용적률":252,
            "건폐율":17,
            "Y":35.226995,
            "X":128.578908,
            "rank":5.0,
            "area_info":"20평(67.05), 33평(111.53), 33평(111.23)",
            "last_sales":"2021-12-04,56000.0,33평(111.23)"
        },
        {
            "index":205,
            "아파트명":"마산한일타운2차",
            "투자타입":"일반",
            "전용면적(m2)":"78.1",
            "전용면적(평)":"23평",
            "법정동주소":"경상남도 창원시 마산회원구 양덕동 64-1",
            "도로명주소":"경상남도 창원시 마산회원구 양덕로 151",
            "세대수":90,
            "입주년차":0,
            "용적률점수":"--",
            "건폐율점수":"--",
            "세대당주차수":0,
            "난방방식":80,
            "공급면적":"--",
            "전용률":"--",
            "욕실수":50,
            "현관타입":100,
            "주거총점":54.5,
            "지역구공급총점":0.0,
            "역세권":"NA",
            "30분내 이동가능 거점":"NA",
            "1시간내 이동가능 거점":"NA",
            "교통총점":"NA",
            "백화점":100,
            "아울렛몰":0,
            "대형마트":80,
            "은행":20,
            "병원":80,
            "종합병원":100,
            "공원":100,
            "혐오시설":0,
            "인프라총점":75.0,
            "초등학군":88.12,
            "중학군":51.8,
            "학군총점":59.064,
            "인구수":21.41,
            "인구증감":-15.26,
            "인구총점":10.409,
            "일자리":3.1,
            "소득수준":67.86,
            "일자리총점":22.528,
            "가치 총점":63.841,
            "매매실거래년":20211217.0,
            "매매실거래가":20500.0,
            "전세실거래년":20220108.0,
            "전세실거래가":14700.0,
            "전세가율":71.71,
            "장기전세가율평균":75.61,
            "전세가율거품지수":3.9,
            "검색코드":6662,
            "세대수":904.0,
            "준공년월":"1996-05-28",
            "준공년차":27.0,
            "가까운역이름":"NA",
            "가까운역거리":"NA",
            "역세권여부":"NA",
            "30분이내주요거점역":"NA",
            "1시간이내주요거점역":"NA",
            "3km이내백화점수":1,
            "5km이내아울렛몰수":0,
            "1km이내대형먀트수":1,
            "500m이내은행수":2,
            "500m이내병원수":39,
            "5km이내대형병원수":3,
            "500m이내공원수":4,
            "3km이내혐오시설수":0,
            "초등학교학업성취도":88.12,
            "중학교학업성취도":85.2,
            "용적률":258,
            "건폐율":0,
            "Y":35.231948,
            "X":128.581624,
            "rank":6.0,
            "area_info":"23평(78.1), 31평(104.52)",
            "last_sales":"2021-12-17,20500.0,23평(78.1)"
        },
        {
            "index":241,
            "아파트명":"양덕우성",
            "투자타입":"일반",
            "전용면적(m2)":"80.05",
            "전용면적(평)":"24평",
            "법정동주소":"경상남도 창원시 마산회원구 양덕동 888-1",
            "도로명주소":"경상남도 창원시 마산회원구 양덕옛2길 16",
            "세대수":80,
            "입주년차":0,
            "용적률점수":"--",
            "건폐율점수":"--",
            "세대당주차수":30,
            "난방방식":30,
            "공급면적":"--",
            "전용률":"--",
            "욕실수":50,
            "현관타입":100,
            "주거총점":50.5,
            "지역구공급총점":0.0,
            "역세권":"NA",
            "30분내 이동가능 거점":"NA",
            "1시간내 이동가능 거점":"NA",
            "교통총점":"NA",
            "백화점":100,
            "아울렛몰":0,
            "대형마트":100,
            "은행":20,
            "병원":60,
            "종합병원":100,
            "공원":100,
            "혐오시설":0,
            "인프라총점":76.0,
            "초등학군":88.12,
            "중학군":51.8,
            "학군총점":59.064,
            "인구수":21.41,
            "인구증감":-15.26,
            "인구총점":10.409,
            "일자리":3.1,
            "소득수준":67.86,
            "일자리총점":22.528,
            "가치 총점":62.841,
            "매매실거래년":20211218.0,
            "매매실거래가":27850.0,
            "전세실거래년":20211226.0,
            "전세실거래가":19700.0,
            "전세가율":98.5,
            "장기전세가율평균":75.61,
            "전세가율거품지수":-22.89,
            "검색코드":6643,
            "세대수":893.0,
            "준공년월":"1998-05-28",
            "준공년차":25.0,
            "가까운역이름":"NA",
            "가까운역거리":"NA",
            "역세권여부":"NA",
            "30분이내주요거점역":"NA",
            "1시간이내주요거점역":"NA",
            "3km이내백화점수":1,
            "5km이내아울렛몰수":0,
            "1km이내대형먀트수":2,
            "500m이내은행수":2,
            "500m이내병원수":22,
            "5km이내대형병원수":4,
            "500m이내공원수":2,
            "3km이내혐오시설수":0,
            "초등학교학업성취도":88.12,
            "중학교학업성취도":85.2,
            "용적률":277,
            "건폐율":21,
            "Y":35.228912,
            "X":128.577548,
            "rank":7.0,
            "area_info":"24평(80.05), 29평(96.37), 32평(106.85), 45평(150.98)",
            "last_sales":"2021-12-18,27850.0,32평(106.85)"
        },
        {
            "index":193,
            "아파트명":"대림하이빌",
            "투자타입":"일반",
            "전용면적(m2)":"102.09",
            "전용면적(평)":"30평",
            "법정동주소":"경상남도 창원시 마산회원구 양덕동 161-1",
            "도로명주소":"경상남도 창원시 마산회원구 양덕동2길 76",
            "세대수":50,
            "입주년차":20,
            "용적률점수":"--",
            "건폐율점수":"--",
            "세대당주차수":30,
            "난방방식":30,
            "공급면적":"--",
            "전용률":"--",
            "욕실수":100,
            "현관타입":100,
            "주거총점":49.0,
            "지역구공급총점":0.0,
            "역세권":"NA",
            "30분내 이동가능 거점":"NA",
            "1시간내 이동가능 거점":"NA",
            "교통총점":"NA",
            "백화점":100,
            "아울렛몰":0,
            "대형마트":100,
            "은행":70,
            "병원":30,
            "종합병원":100,
            "공원":100,
            "혐오시설":0,
            "인프라총점":78.0,
            "초등학군":84.76,
            "중학군":50.12,
            "학군총점":57.048,
            "인구수":21.41,
            "인구증감":-15.26,
            "인구총점":10.409,
            "일자리":3.1,
            "소득수준":67.86,
            "일자리총점":22.528,
            "가치 총점":62.612,
            "매매실거래년":20211208.0,
            "매매실거래가":29900.0,
            "전세실거래년":20211122.0,
            "전세실거래가":20000.0,
            "전세가율":81.63,
            "장기전세가율평균":75.61,
            "전세가율거품지수":-6.02,
            "검색코드":15558,
            "세대수":572.0,
            "준공년월":"2002-05-07",
            "준공년차":21.0,
            "가까운역이름":"NA",
            "가까운역거리":"NA",
            "역세권여부":"NA",
            "30분이내주요거점역":"NA",
            "1시간이내주요거점역":"NA",
            "3km이내백화점수":2,
            "5km이내아울렛몰수":0,
            "1km이내대형먀트수":2,
            "500m이내은행수":3,
            "500m이내병원수":8,
            "5km이내대형병원수":4,
            "500m이내공원수":2,
            "3km이내혐오시설수":0,
            "초등학교학업성취도":84.76,
            "중학교학업성취도":82.4,
            "용적률":355,
            "건폐율":25,
            "Y":35.224653,
            "X":128.589591,
            "rank":8.0,
            "area_info":"30평(102.09), 34평(113.39), 46평(152.26)",
            "last_sales":"2021-12-08,29900.0,46평(152.26)"
        },
        {
            "index":273,
            "아파트명":"e편한세상창원파크센트럴",
            "투자타입":"일반",
            "전용면적(m2)":"73.04",
            "전용면적(평)":"22평",
            "법정동주소":"경상남도 창원시 마산회원구 회원동 313",
            "도로명주소":"경상남도 창원시 마산회원구 회원북13길 20",
            "세대수":90,
            "입주년차":100,
            "용적률점수":"--",
            "건폐율점수":"--",
            "세대당주차수":30,
            "난방방식":30,
            "공급면적":"--",
            "전용률":"--",
            "욕실수":50,
            "현관타입":100,
            "주거총점":74.0,
            "지역구공급총점":0.0,
            "역세권":"NA",
            "30분내 이동가능 거점":"NA",
            "1시간내 이동가능 거점":"NA",
            "교통총점":"NA",
            "백화점":100,
            "아울렛몰":0,
            "대형마트":0,
            "은행":0,
            "병원":60,
            "종합병원":100,
            "공원":100,
            "혐오시설":0,
            "인프라총점":59.0,
            "초등학군":100.0,
            "중학군":40.38,
            "학군총점":52.304,
            "인구수":21.41,
            "인구증감":-15.26,
            "인구총점":10.409,
            "일자리":3.1,
            "소득수준":67.86,
            "일자리총점":22.528,
            "가치 총점":62.576,
            "매매실거래년":20210104.0,
            "매매실거래가":44700.0,
            "전세실거래년":null,
            "전세실거래가":null,
            "전세가율":null,
            "장기전세가율평균":75.61,
            "전세가율거품지수":null,
            "검색코드":120636,
            "세대수":1253.0,
            "준공년월":"2020-08-31",
            "준공년차":3.0,
            "가까운역이름":"NA",
            "가까운역거리":"NA",
            "역세권여부":"NA",
            "30분이내주요거점역":"NA",
            "1시간이내주요거점역":"NA",
            "3km이내백화점수":2,
            "5km이내아울렛몰수":0,
            "1km이내대형먀트수":0,
            "500m이내은행수":1,
            "500m이내병원수":21,
            "5km이내대형병원수":4,
            "500m이내공원수":7,
            "3km이내혐오시설수":0,
            "초등학교학업성취도":100.0,
            "중학교학업성취도":65.9,
            "용적률":244,
            "건폐율":18,
            "Y":35.220983,
            "X":128.569945,
            "rank":9.0,
            "area_info":"22평(73.04), 24평(80.93), 24평(81.26), 25평(85.12), 25평(85.32), 29평(96.96), 29평(97.85), 29평(97.62), 34평(112.52), 34평(114.44), 40평(133.32)",
            "last_sales":"2021-01-04,44700.0,40평(133.32)"
        },
        {
            "index":199,
            "아파트명":"마산양덕동아위드필하임",
            "투자타입":"일반",
            "전용면적(m2)":"89.9",
            "전용면적(평)":"27평",
            "법정동주소":"경상남도 창원시 마산회원구 양덕동 77-8",
            "도로명주소":"경상남도 창원시 마산회원구 양덕서로 45-1",
            "세대수":0,
            "입주년차":80,
            "용적률점수":"--",
            "건폐율점수":"--",
            "세대당주차수":30,
            "난방방식":30,
            "공급면적":"--",
            "전용률":"--",
            "욕실수":100,
            "현관타입":100,
            "주거총점":43.5,
            "지역구공급총점":0.0,
            "역세권":"NA",
            "30분내 이동가능 거점":"NA",
            "1시간내 이동가능 거점":"NA",
            "교통총점":"NA",
            "백화점":100,
            "아울렛몰":0,
            "대형마트":100,
            "은행":70,
            "병원":60,
            "종합병원":100,
            "공원":100,
            "혐오시설":0,
            "인프라총점":81.0,
            "초등학군":85.96,
            "중학군":51.8,
            "학군총점":58.632,
            "인구수":21.41,
            "인구증감":-15.26,
            "인구총점":10.409,
            "일자리":3.1,
            "소득수준":67.86,
            "일자리총점":22.528,
            "가치 총점":62.283,
            "매매실거래년":20220104.0,
            "매매실거래가":34000.0,
            "전세실거래년":20211125.0,
            "전세실거래가":25000.0,
            "전세가율":108.7,
            "장기전세가율평균":75.61,
            "전세가율거품지수":-33.09,
            "검색코드":111856,
            "세대수":153.0,
            "준공년월":"2017-12-28",
            "준공년차":6.0,
            "가까운역이름":"NA",
            "가까운역거리":"NA",
            "역세권여부":"NA",
            "30분이내주요거점역":"NA",
            "1시간이내주요거점역":"NA",
            "3km이내백화점수":1,
            "5km이내아울렛몰수":0,
            "1km이내대형먀트수":3,
            "500m이내은행수":3,
            "500m이내병원수":28,
            "5km이내대형병원수":3,
            "500m이내공원수":3,
            "3km이내혐오시설수":0,
            "초등학교학업성취도":85.96,
            "중학교학업성취도":85.2,
            "용적률":216,
            "건폐율":17,
            "Y":35.229621,
            "X":128.580625,
            "rank":10.0,
            "area_info":"27평(89.9), 27평(91.26), 30평(102.31)",
            "last_sales":"2022-01-04,34000.0,30평(102.31)"
        },
        {
            "index":254,
            "아파트명":"한일타운3차",
            "투자타입":"일반",
            "전용면적(m2)":"85.89",
            "전용면적(평)":"25평",
            "법정동주소":"경상남도 창원시 마산회원구 양덕동 910",
            "도로명주소":"경상남도 창원시 마산회원구 삼호로 151",
            "세대수":50,
            "입주년차":20,
            "용적률점수":"--",
            "건폐율점수":"--",
            "세대당주차수":30,
            "난방방식":30,
            "공급면적":"--",
            "전용률":"--",
            "욕실수":100,
            "현관타입":100,
            "주거총점":49.0,
            "지역구공급총점":0.0,
            "역세권":"NA",
            "30분내 이동가능 거점":"NA",
            "1시간내 이동가능 거점":"NA",
            "교통총점":"NA",
            "백화점":100,
            "아울렛몰":0,
            "대형마트":100,
            "은행":20,
            "병원":60,
            "종합병원":100,
            "공원":80,
            "혐오시설":0,
            "인프라총점":75.4,
            "초등학군":85.96,
            "중학군":51.8,
            "학군총점":58.632,
            "인구수":21.41,
            "인구증감":-15.26,
            "인구총점":10.409,
            "일자리":3.1,
            "소득수준":67.86,
            "일자리총점":22.528,
            "가치 총점":61.968,
            "매매실거래년":20211122.0,
            "매매실거래가":19000.0,
            "전세실거래년":20211220.0,
            "전세실거래가":18000.0,
            "전세가율":94.74,
            "장기전세가율평균":75.61,
            "전세가율거품지수":-19.13,
            "검색코드":15435,
            "세대수":664.0,
            "준공년월":"2003-01-18",
            "준공년차":20.0,
            "가까운역이름":"NA",
            "가까운역거리":"NA",
            "역세권여부":"NA",
            "30분이내주요거점역":"NA",
            "1시간이내주요거점역":"NA",
            "3km이내백화점수":2,
            "5km이내아울렛몰수":0,
            "1km이내대형먀트수":2,
            "500m이내은행수":2,
            "500m이내병원수":13,
            "5km이내대형병원수":4,
            "500m이내공원수":1,
            "3km이내혐오시설수":0,
            "초등학교학업성취도":85.96,
            "중학교학업성취도":85.2,
            "용적률":263,
            "건폐율":18,
            "Y":35.226738,
            "X":128.576072,
            "rank":11.0,
            "area_info":"25평(85.89), 26평(87.84), 34평(114.64)",
            "last_sales":"2021-11-22,19000.0,25평(85.89)"
        },
        {
            "index":260,
            "아파트명":"롯데캐슬더퍼스트",
            "투자타입":"일반",
            "전용면적(m2)":"85.09",
            "전용면적(평)":"25평",
            "법정동주소":"경상남도 창원시 마산회원구 합성동 358",
            "도로명주소":"경상남도 창원시 마산회원구 합성북16길 197",
            "세대수":90,
            "입주년차":80,
            "용적률점수":"--",
            "건폐율점수":"--",
            "세대당주차수":30,
            "난방방식":30,
            "공급면적":"--",
            "전용률":"--",
            "욕실수":100,
            "현관타입":100,
            "주거총점":75.0,
            "지역구공급총점":0.0,
            "역세권":"NA",
            "30분내 이동가능 거점":"NA",
            "1시간내 이동가능 거점":"NA",
            "교통총점":"NA",
            "백화점":100,
            "아울렛몰":0,
            "대형마트":0,
            "은행":0,
            "병원":30,
            "종합병원":80,
            "공원":100,
            "혐오시설":0,
            "인프라총점":52.0,
            "초등학군":83.68,
            "중학군":48.66,
            "학군총점":55.664,
            "인구수":21.41,
            "인구증감":-15.26,
            "인구총점":10.409,
            "일자리":3.1,
            "소득수준":67.86,
            "일자리총점":22.528,
            "가치 총점":60.966,
            "매매실거래년":20211204.0,
            "매매실거래가":56000.0,
            "전세실거래년":20210705.0,
            "전세실거래가":30000.0,
            "전세가율":75.0,
            "장기전세가율평균":75.61,
            "전세가율거품지수":0.61,
            "검색코드":111379,
            "세대수":1184.0,
            "준공년월":"2018-07-20",
            "준공년차":5.0,
            "가까운역이름":"NA",
            "가까운역거리":"NA",
            "역세권여부":"NA",
            "30분이내주요거점역":"NA",
            "1시간이내주요거점역":"NA",
            "3km이내백화점수":1,
            "5km이내아울렛몰수":0,
            "1km이내대형먀트수":0,
            "500m이내은행수":1,
            "500m이내병원수":7,
            "5km이내대형병원수":1,
            "500m이내공원수":2,
            "3km이내혐오시설수":0,
            "초등학교학업성취도":83.68,
            "중학교학업성취도":77.9,
            "용적률":207,
            "건폐율":12,
            "Y":35.246005,
            "X":128.587359,
            "rank":12.0,
            "area_info":"25평(85.09), 34평(113.42), 34평(113.39), 39평(132.15)",
            "last_sales":"2021-12-04,56000.0,34평(113.39)"
        },
        {
            "index":202,
            "아파트명":"마산한일타운1차",
            "투자타입":"일반",
            "전용면적(m2)":"84.17",
            "전용면적(평)":"25평",
            "법정동주소":"경상남도 창원시 마산회원구 양덕동 74-1",
            "도로명주소":"경상남도 창원시 마산회원구 양덕서8길 25",
            "세대수":50,
            "입주년차":0,
            "용적률점수":"--",
            "건폐율점수":"--",
            "세대당주차수":0,
            "난방방식":30,
            "공급면적":"--",
            "전용률":"--",
            "욕실수":50,
            "현관타입":100,
            "주거총점":35.5,
            "지역구공급총점":0.0,
            "역세권":"NA",
            "30분내 이동가능 거점":"NA",
            "1시간내 이동가능 거점":"NA",
            "교통총점":"NA",
            "백화점":100,
            "아울렛몰":0,
            "대형마트":80,
            "은행":70,
            "병원":80,
            "종합병원":100,
            "공원":100,
            "혐오시설":0,
            "인프라총점":80.0,
            "초등학군":88.12,
            "중학군":51.8,
            "학군총점":59.064,
            "인구수":21.41,
            "인구증감":-15.26,
            "인구총점":10.409,
            "일자리":3.1,
            "소득수준":67.86,
            "일자리총점":22.528,
            "가치 총점":59.191,
            "매매실거래년":20211204.0,
            "매매실거래가":27600.0,
            "전세실거래년":20211225.0,
            "전세실거래가":17000.0,
            "전세가율":96.59,
            "장기전세가율평균":75.61,
            "전세가율거품지수":-20.98,
            "검색코드":6657,
            "세대수":685.0,
            "준공년월":"1994-11-24",
            "준공년차":29.0,
            "가까운역이름":"NA",
            "가까운역거리":"NA",
            "역세권여부":"NA",
            "30분이내주요거점역":"NA",
            "1시간이내주요거점역":"NA",
            "3km이내백화점수":1,
            "5km이내아울렛몰수":0,
            "1km이내대형먀트수":1,
            "500m이내은행수":3,
            "500m이내병원수":33,
            "5km이내대형병원수":3,
            "500m이내공원수":4,
            "3km이내혐오시설수":0,
            "초등학교학업성취도":88.12,
            "중학교학업성취도":85.2,
            "용적률":32,
            "건폐율":18,
            "Y":35.231033,
            "X":128.578805,
            "rank":13.0,
            "area_info":"25평(84.17), 32평(106.43), 47평(157.09)",
            "last_sales":"2021-12-04,27600.0,32평(106.43)"
        },
        {
            "index":178,
            "아파트명":"창원마산역동도센트리움",
            "투자타입":"일반",
            "전용면적(m2)":"102.63",
            "전용면적(평)":"31평",
            "법정동주소":"경상남도 창원시 마산회원구 석전동 232-1",
            "도로명주소":"경상남도 창원시 마산회원구 양덕옛2길 129",
            "세대수":0,
            "입주년차":60,
            "용적률점수":"--",
            "건폐율점수":"--",
            "세대당주차수":30,
            "난방방식":30,
            "공급면적":"--",
            "전용률":"--",
            "욕실수":100,
            "현관타입":100,
            "주거총점":39.5,
            "지역구공급총점":0.0,
            "역세권":"NA",
            "30분내 이동가능 거점":"NA",
            "1시간내 이동가능 거점":"NA",
            "교통총점":"NA",
            "백화점":100,
            "아울렛몰":0,
            "대형마트":80,
            "은행":0,
            "병원":80,
            "종합병원":100,
            "공원":100,
            "혐오시설":0,
            "인프라총점":73.0,
            "초등학군":88.12,
            "중학군":51.8,
            "학군총점":59.064,
            "인구수":21.41,
            "인구증감":-15.26,
            "인구총점":10.409,
            "일자리":3.1,
            "소득수준":67.86,
            "일자리총점":22.528,
            "가치 총점":57.791,
            "매매실거래년":20211130.0,
            "매매실거래가":31000.0,
            "전세실거래년":20210829.0,
            "전세실거래가":26000.0,
            "전세가율":104.0,
            "장기전세가율평균":75.61,
            "전세가율거품지수":-28.39,
            "검색코드":25380,
            "세대수":170.0,
            "준공년월":"2013-02-08",
            "준공년차":10.0,
            "가까운역이름":"NA",
            "가까운역거리":"NA",
            "역세권여부":"NA",
            "30분이내주요거점역":"NA",
            "1시간이내주요거점역":"NA",
            "3km이내백화점수":1,
            "5km이내아울렛몰수":0,
            "1km이내대형먀트수":1,
            "500m이내은행수":1,
            "500m이내병원수":41,
            "5km이내대형병원수":3,
            "500m이내공원수":4,
            "3km이내혐오시설수":0,
            "초등학교학업성취도":88.12,
            "중학교학업성취도":85.2,
            "용적률":499,
            "건폐율":62,
            "Y":35.233768,
            "X":128.580021,
            "rank":14.0,
            "area_info":"31평(102.63), 32평(108.23), 33평(112.33), 34평(114.31), 34평(115.2), 43평(143.67)",
            "last_sales":"2021-11-30,31000.0,34평(114.31)"
        },
        {
            "index":224,
            "아파트명":"비전스카이",
            "투자타입":"일반",
            "전용면적(m2)":"85.29",
            "전용면적(평)":"25평",
            "법정동주소":"경상남도 창원시 마산회원구 양덕동 153-5",
            "도로명주소":"경상남도 창원시 마산회원구 해안대로 607",
            "세대수":0,
            "입주년차":40,
            "용적률점수":"--",
            "건폐율점수":"--",
            "세대당주차수":0,
            "난방방식":30,
            "공급면적":"--",
            "전용률":"--",
            "욕실수":100,
            "현관타입":100,
            "주거총점":31.0,
            "지역구공급총점":0.0,
            "역세권":"NA",
            "30분내 이동가능 거점":"NA",
            "1시간내 이동가능 거점":"NA",
            "교통총점":"NA",
            "백화점":100,
            "아울렛몰":0,
            "대형마트":100,
            "은행":70,
            "병원":60,
            "종합병원":100,
            "공원":100,
            "혐오시설":0,
            "인프라총점":81.0,
            "초등학군":84.76,
            "중학군":41.18,
            "학군총점":49.896,
            "인구수":21.41,
            "인구증감":-15.26,
            "인구총점":10.409,
            "일자리":3.1,
            "소득수준":67.86,
            "일자리총점":22.528,
            "가치 총점":55.724,
            "매매실거래년":20220106.0,
            "매매실거래가":17500.0,
            "전세실거래년":20211120.0,
            "전세실거래가":14000.0,
            "전세가율":90.32,
            "장기전세가율평균":75.61,
            "전세가율거품지수":-14.71,
            "검색코드":100774,
            "세대수":227.0,
            "준공년월":"2005-08-22",
            "준공년차":18.0,
            "가까운역이름":"NA",
            "가까운역거리":"NA",
            "역세권여부":"NA",
            "30분이내주요거점역":"NA",
            "1시간이내주요거점역":"NA",
            "3km이내백화점수":2,
            "5km이내아울렛몰수":0,
            "1km이내대형먀트수":2,
            "500m이내은행수":3,
            "500m이내병원수":18,
            "5km이내대형병원수":4,
            "500m이내공원수":2,
            "3km이내혐오시설수":0,
            "초등학교학업성취도":84.76,
            "중학교학업성취도":67.5,
            "용적률":548,
            "건폐율":48,
            "Y":35.221908,
            "X":128.588835,
            "rank":15.0,
            "area_info":"25평(85.29), 28평(94.52)",
            "last_sales":"2022-01-06,17500.0,28평(94.52)"
        },
        {
            "index":248,
            "아파트명":"유한미소안",
            "투자타입":"일반",
            "전용면적(m2)":"87.62",
            "전용면적(평)":"26평",
            "법정동주소":"경상남도 창원시 마산회원구 양덕동 49-1",
            "도로명주소":"경상남도 창원시 마산회원구 양덕천길 47",
            "세대수":0,
            "입주년차":40,
            "용적률점수":"--",
            "건폐율점수":"--",
            "세대당주차수":30,
            "난방방식":30,
            "공급면적":"--",
            "전용률":"--",
            "욕실수":100,
            "현관타입":100,
            "주거총점":35.5,
            "지역구공급총점":0.0,
            "역세권":"NA",
            "30분내 이동가능 거점":"NA",
            "1시간내 이동가능 거점":"NA",
            "교통총점":"NA",
            "백화점":100,
            "아울렛몰":0,
            "대형마트":100,
            "은행":0,
            "병원":30,
            "종합병원":100,
            "공원":100,
            "혐오시설":0,
            "인프라총점":71.0,
            "초등학군":85.2,
            "중학군":50.12,
            "학군총점":57.136,
            "인구수":21.41,
            "인구증감":-15.26,
            "인구총점":10.409,
            "일자리":3.1,
            "소득수준":67.86,
            "일자리총점":22.528,
            "가치 총점":55.109,
            "매매실거래년":20211224.0,
            "매매실거래가":19500.0,
            "전세실거래년":20200926.0,
            "전세실거래가":16000.0,
            "전세가율":82.05,
            "장기전세가율평균":75.61,
            "전세가율거품지수":-6.44,
            "검색코드":102453,
            "세대수":170.0,
            "준공년월":"2008-09-19",
            "준공년차":15.0,
            "가까운역이름":"NA",
            "가까운역거리":"NA",
            "역세권여부":"NA",
            "30분이내주요거점역":"NA",
            "1시간이내주요거점역":"NA",
            "3km이내백화점수":1,
            "5km이내아울렛몰수":0,
            "1km이내대형먀트수":3,
            "500m이내은행수":1,
            "500m이내병원수":9,
            "5km이내대형병원수":3,
            "500m이내공원수":3,
            "3km이내혐오시설수":0,
            "초등학교학업성취도":85.2,
            "중학교학업성취도":82.4,
            "용적률":362,
            "건폐율":40,
            "Y":35.231201,
            "X":128.587023,
            "rank":16.0,
            "area_info":"26평(87.62), 36평(119.63)",
            "last_sales":"2021-12-24,19500.0,26평(87.62)"
        },
        {
            "index":226,
            "아파트명":"삼성버킹궁",
            "투자타입":"일반",
            "전용면적(m2)":"101.7",
            "전용면적(평)":"30평",
            "법정동주소":"경상남도 창원시 마산회원구 양덕동 148-3",
            "도로명주소":"경상남도 창원시 마산회원구 용마로 142",
            "세대수":0,
            "입주년차":20,
            "용적률점수":"--",
            "건폐율점수":"--",
            "세대당주차수":30,
            "난방방식":30,
            "공급면적":"--",
            "전용률":"--",
            "욕실수":100,
            "현관타입":50,
            "주거총점":26.5,
            "지역구공급총점":0.0,
            "역세권":"NA",
            "30분내 이동가능 거점":"NA",
            "1시간내 이동가능 거점":"NA",
            "교통총점":"NA",
            "백화점":100,
            "아울렛몰":0,
            "대형마트":100,
            "은행":20,
            "병원":60,
            "종합병원":100,
            "공원":80,
            "혐오시설":0,
            "인프라총점":75.4,
            "초등학군":85.96,
            "중학군":50.12,
            "학군총점":57.288,
            "인구수":21.41,
            "인구증감":-15.26,
            "인구총점":10.409,
            "일자리":3.1,
            "소득수준":67.86,
            "일자리총점":22.528,
            "가치 총점":53.757,
            "매매실거래년":20220117.0,
            "매매실거래가":21500.0,
            "전세실거래년":20190614.0,
            "전세실거래가":15500.0,
            "전세가율":89.6,
            "장기전세가율평균":75.61,
            "전세가율거품지수":-13.99,
            "검색코드":15559,
            "세대수":170.0,
            "준공년월":"2002-07-23",
            "준공년차":21.0,
            "가까운역이름":"NA",
            "가까운역거리":"NA",
            "역세권여부":"NA",
            "30분이내주요거점역":"NA",
            "1시간이내주요거점역":"NA",
            "3km이내백화점수":2,
            "5km이내아울렛몰수":0,
            "1km이내대형먀트수":2,
            "500m이내은행수":2,
            "500m이내병원수":14,
            "5km이내대형병원수":4,
            "500m이내공원수":1,
            "3km이내혐오시설수":0,
            "초등학교학업성취도":85.96,
            "중학교학업성취도":82.4,
            "용적률":462,
            "건폐율":39,
            "Y":35.224668,
            "X":128.586702,
            "rank":17.0,
            "area_info":"30평(101.7), 31평(102.54), 31평(103.77)",
            "last_sales":"2022-01-17,21500.0,31평(103.77)"
        },
        {
            "index":233,
            "아파트명":"신성미소지움",
            "투자타입":"일반",
            "전용면적(m2)":"103.73",
            "전용면적(평)":"31평",
            "법정동주소":"경상남도 창원시 마산회원구 양덕동 102-1",
            "도로명주소":"경상남도 창원시 마산회원구 양덕북17길 73",
            "세대수":0,
            "입주년차":20,
            "용적률점수":"--",
            "건폐율점수":"--",
            "세대당주차수":30,
            "난방방식":30,
            "공급면적":"--",
            "전용률":"--",
            "욕실수":100,
            "현관타입":100,
            "주거총점":31.5,
            "지역구공급총점":0.0,
            "역세권":"NA",
            "30분내 이동가능 거점":"NA",
            "1시간내 이동가능 거점":"NA",
            "교통총점":"NA",
            "백화점":100,
            "아울렛몰":0,
            "대형마트":80,
            "은행":20,
            "병원":80,
            "종합병원":100,
            "공원":100,
            "혐오시설":0,
            "인프라총점":75.0,
            "초등학군":85.2,
            "중학군":40.86,
            "학군총점":49.728,
            "인구수":21.41,
            "인구증감":-15.26,
            "인구총점":10.409,
            "일자리":3.1,
            "소득수준":67.86,
            "일자리총점":22.528,
            "가치 총점":53.457,
            "매매실거래년":20211115.0,
            "매매실거래가":22000.0,
            "전세실거래년":20211130.0,
            "전세실거래가":20000.0,
            "전세가율":90.91,
            "장기전세가율평균":75.61,
            "전세가율거품지수":-15.3,
            "검색코드":17370,
            "세대수":227.0,
            "준공년월":"2003-12-17",
            "준공년차":20.0,
            "가까운역이름":"NA",
            "가까운역거리":"NA",
            "역세권여부":"NA",
            "30분이내주요거점역":"NA",
            "1시간이내주요거점역":"NA",
            "3km이내백화점수":1,
            "5km이내아울렛몰수":0,
            "1km이내대형먀트수":1,
            "500m이내은행수":2,
            "500m이내병원수":35,
            "5km이내대형병원수":3,
            "500m이내공원수":3,
            "3km이내혐오시설수":0,
            "초등학교학업성취도":85.2,
            "중학교학업성취도":67.3,
            "용적률":260,
            "건폐율":21,
            "Y":35.233867,
            "X":128.58378,
            "rank":18.0,
            "area_info":"31평(103.73), 31평(103.34), 31평(103.66), 40평(133.33)",
            "last_sales":"2021-11-15,22000.0,31평(103.73)"
        },
        {
            "index":168,
            "아파트명":"이미지피렌체",
            "투자타입":"일반",
            "전용면적(m2)":"84.16",
            "전용면적(평)":"25평",
            "법정동주소":"경상남도 창원시 마산회원구 석전동 260-14",
            "도로명주소":"경상남도 창원시 마산회원구 양덕옛1길 37",
            "세대수":0,
            "입주년차":40,
            "용적률점수":"--",
            "건폐율점수":"--",
            "세대당주차수":30,
            "난방방식":30,
            "공급면적":"--",
            "전용률":"--",
            "욕실수":100,
            "현관타입":100,
            "주거총점":35.5,
            "지역구공급총점":0.0,
            "역세권":"NA",
            "30분내 이동가능 거점":"NA",
            "1시간내 이동가능 거점":"NA",
            "교통총점":"NA",
            "백화점":100,
            "아울렛몰":0,
            "대형마트":0,
            "은행":20,
            "병원":60,
            "종합병원":100,
            "공원":100,
            "혐오시설":0,
            "인프라총점":61.0,
            "초등학군":85.96,
            "중학군":51.8,
            "학군총점":58.632,
            "인구수":21.41,
            "인구증감":-15.26,
            "인구총점":10.409,
            "일자리":3.1,
            "소득수준":67.86,
            "일자리총점":22.528,
            "가치 총점":51.483,
            "매매실거래년":20211204.0,
            "매매실거래가":26600.0,
            "전세실거래년":null,
            "전세실거래가":null,
            "전세가율":null,
            "장기전세가율평균":75.61,
            "전세가율거품지수":null,
            "검색코드":101088,
            "세대수":160.0,
            "준공년월":"2004-02-21",
            "준공년차":19.0,
            "가까운역이름":"NA",
            "가까운역거리":"NA",
            "역세권여부":"NA",
            "30분이내주요거점역":"NA",
            "1시간이내주요거점역":"NA",
            "3km이내백화점수":2,
            "5km이내아울렛몰수":0,
            "1km이내대형먀트수":0,
            "500m이내은행수":2,
            "500m이내병원수":11,
            "5km이내대형병원수":4,
            "500m이내공원수":3,
            "3km이내혐오시설수":0,
            "초등학교학업성취도":85.96,
            "중학교학업성취도":85.2,
            "용적률":0,
            "건폐율":0,
            "Y":35.226998,
            "X":128.574514,
            "rank":19.0,
            "area_info":"25평(84.16), 32평(108.07), 33평(109.2), 44평(146.28)",
            "last_sales":"2021-12-04,26600.0,44평(146.28)"
        },
        {
            "index":167,
            "아파트명":"봉암푸르내",
            "투자타입":"재건축",
            "전용면적(m2)":"43.92",
            "전용면적(평)":"13평",
            "법정동주소":"경상남도 창원시 마산회원구 봉암동 660-15",
            "도로명주소":"경상남도 창원시 마산회원구 봉암공단5길 47",
            "세대수":0,
            "입주년차":"--",
            "용적률점수":100,
            "건폐율점수":0,
            "세대당주차수":"--",
            "난방방식":"--",
            "공급면적":50,
            "전용률":80,
            "욕실수":"--",
            "현관타입":"--",
            "주거총점":46.5,
            "지역구공급총점":0.0,
            "역세권":"NA",
            "30분내 이동가능 거점":"NA",
            "1시간내 이동가능 거점":"NA",
            "교통총점":"NA",
            "백화점":100,
            "아울렛몰":0,
            "대형마트":0,
            "은행":20,
            "병원":0,
            "종합병원":100,
            "공원":0,
            "혐오시설":0,
            "인프라총점":52.0,
            "초등학군":84.76,
            "중학군":50.12,
            "학군총점":57.048,
            "인구수":21.41,
            "인구증감":-15.26,
            "인구총점":10.409,
            "일자리":3.1,
            "소득수준":67.86,
            "일자리총점":22.528,
            "가치 총점":51.337,
            "매매실거래년":20211213.0,
            "매매실거래가":5300.0,
            "전세실거래년":20210901.0,
            "전세실거래가":2000.0,
            "전세가율":37.74,
            "장기전세가율평균":75.61,
            "전세가율거품지수":37.87,
            "검색코드":145090,
            "세대수":100.0,
            "준공년월":"1991-11-30",
            "준공년차":32.0,
            "가까운역이름":"NA",
            "가까운역거리":"NA",
            "역세권여부":"NA",
            "30분이내주요거점역":"NA",
            "1시간이내주요거점역":"NA",
            "3km이내백화점수":2,
            "5km이내아울렛몰수":0,
            "1km이내대형먀트수":0,
            "500m이내은행수":2,
            "500m이내병원수":0,
            "5km이내대형병원수":5,
            "500m이내공원수":0,
            "3km이내혐오시설수":0,
            "초등학교학업성취도":84.76,
            "중학교학업성취도":82.4,
            "용적률":127,
            "건폐율":0,
            "Y":35.216021,
            "X":128.597554,
            "rank":20.0,
            "area_info":"13평(43.92)",
            "last_sales":"2021-12-13,5300.0,13평(43.92)"
        },
        {
            "index":287,
            "아파트명":"한효",
            "투자타입":"일반",
            "전용면적(m2)":"106.66",
            "전용면적(평)":"32평",
            "법정동주소":"경상남도 창원시 마산회원구 회원동 415",
            "도로명주소":"경상남도 창원시 마산회원구 회원동3길 38",
            "세대수":50,
            "입주년차":0,
            "용적률점수":"--",
            "건폐율점수":"--",
            "세대당주차수":0,
            "난방방식":30,
            "공급면적":"--",
            "전용률":"--",
            "욕실수":100,
            "현관타입":100,
            "주거총점":40.5,
            "지역구공급총점":0.0,
            "역세권":"NA",
            "30분내 이동가능 거점":"NA",
            "1시간내 이동가능 거점":"NA",
            "교통총점":"NA",
            "백화점":100,
            "아울렛몰":0,
            "대형마트":0,
            "은행":0,
            "병원":60,
            "종합병원":100,
            "공원":100,
            "혐오시설":0,
            "인프라총점":59.0,
            "초등학군":100.0,
            "중학군":40.38,
            "학군총점":52.304,
            "인구수":21.41,
            "인구증감":-15.26,
            "인구총점":10.409,
            "일자리":3.1,
            "소득수준":67.86,
            "일자리총점":22.528,
            "가치 총점":50.851,
            "매매실거래년":20211228.0,
            "매매실거래가":23000.0,
            "전세실거래년":20210129.0,
            "전세실거래가":12500.0,
            "전세가율":63.13,
            "장기전세가율평균":75.61,
            "전세가율거품지수":12.48,
            "검색코드":6827,
            "세대수":498.0,
            "준공년월":"1994-06-25",
            "준공년차":29.0,
            "가까운역이름":"NA",
            "가까운역거리":"NA",
            "역세권여부":"NA",
            "30분이내주요거점역":"NA",
            "1시간이내주요거점역":"NA",
            "3km이내백화점수":2,
            "5km이내아울렛몰수":0,
            "1km이내대형먀트수":0,
            "500m이내은행수":1,
            "500m이내병원수":26,
            "5km이내대형병원수":4,
            "500m이내공원수":6,
            "3km이내혐오시설수":0,
            "초등학교학업성취도":100.0,
            "중학교학업성취도":65.9,
            "용적률":263,
            "건폐율":17,
            "Y":35.217744,
            "X":128.571779,
            "rank":21.0,
            "area_info":"32평(106.66), 44평(148.66), 45평(149.2), 51평(169.27)",
            "last_sales":"2021-12-28,23000.0,51평(169.27)"
        },
        {
            "index":264,
            "아파트명":"무학",
            "투자타입":"재건축",
            "전용면적(m2)":"50.49",
            "전용면적(평)":"15평",
            "법정동주소":"경상남도 창원시 마산회원구 합성동 694-1",
            "도로명주소":"경상남도 창원시 마산회원구 금강로 35",
            "세대수":30,
            "입주년차":"--",
            "용적률점수":0,
            "건폐율점수":0,
            "세대당주차수":"--",
            "난방방식":"--",
            "공급면적":50,
            "전용률":80,
            "욕실수":"--",
            "현관타입":"--",
            "주거총점":15.5,
            "지역구공급총점":0.0,
            "역세권":"NA",
            "30분내 이동가능 거점":"NA",
            "1시간내 이동가능 거점":"NA",
            "교통총점":"NA",
            "백화점":100,
            "아울렛몰":0,
            "대형마트":80,
            "은행":0,
            "병원":80,
            "종합병원":100,
            "공원":80,
            "혐오시설":0,
            "인프라총점":72.4,
            "초등학군":83.68,
            "중학군":48.66,
            "학군총점":55.664,
            "인구수":21.41,
            "인구증감":-15.26,
            "인구총점":10.409,
            "일자리":3.1,
            "소득수준":67.86,
            "일자리총점":22.528,
            "가치 총점":48.301,
            "매매실거래년":20211227.0,
            "매매실거래가":10500.0,
            "전세실거래년":20210830.0,
            "전세실거래가":7000.0,
            "전세가율":63.64,
            "장기전세가율평균":75.61,
            "전세가율거품지수":11.97,
            "검색코드":6783,
            "세대수":390.0,
            "준공년월":"1987-02-21",
            "준공년차":36.0,
            "가까운역이름":"NA",
            "가까운역거리":"NA",
            "역세권여부":"NA",
            "30분이내주요거점역":"NA",
            "1시간이내주요거점역":"NA",
            "3km이내백화점수":1,
            "5km이내아울렛몰수":0,
            "1km이내대형먀트수":1,
            "500m이내은행수":0,
            "500m이내병원수":40,
            "5km이내대형병원수":3,
            "500m이내공원수":1,
            "3km이내혐오시설수":0,
            "초등학교학업성취도":83.68,
            "중학교학업성취도":77.9,
            "용적률":0,
            "건폐율":0,
            "Y":35.239318,
            "X":128.578677,
            "rank":22.0,
            "area_info":"15평(50.49), 16평(54.96), 16평(55.01), 18평(59.74)",
            "last_sales":"2021-12-27,10500.0,18평(59.74)"
        },
        {
            "index":141,
            "아파트명":"코오롱하늘채2차",
            "투자타입":"일반",
            "전용면적(m2)":"98.9",
            "전용면적(평)":"29평",
            "법정동주소":"경상남도 창원시 마산회원구 내서읍 호계리 80",
            "도로명주소":"경상남도 창원시 마산회원구 호원로 359",
            "세대수":100,
            "입주년차":40,
            "용적률점수":"--",
            "건폐율점수":"--",
            "세대당주차수":30,
            "난방방식":30,
            "공급면적":"--",
            "전용률":"--",
            "욕실수":100,
            "현관타입":100,
            "주거총점":70.5,
            "지역구공급총점":0.0,
            "역세권":"NA",
            "30분내 이동가능 거점":"NA",
            "1시간내 이동가능 거점":"NA",
            "교통총점":"NA",
            "백화점":0,
            "아울렛몰":0,
            "대형마트":0,
            "은행":0,
            "병원":60,
            "종합병원":80,
            "공원":0,
            "혐오시설":0,
            "인프라총점":22.0,
            "초등학군":87.95,
            "중학군":47.72,
            "학군총점":55.766,
            "인구수":21.41,
            "인구증감":-15.26,
            "인구총점":10.409,
            "일자리":3.1,
            "소득수준":67.86,
            "일자리총점":22.528,
            "가치 총점":47.4165,
            "매매실거래년":20220110.0,
            "매매실거래가":26900.0,
            "전세실거래년":20220109.0,
            "전세실거래가":15000.0,
            "전세가율":55.76,
            "장기전세가율평균":75.61,
            "전세가율거품지수":19.85,
            "검색코드":17368,
            "세대수":1730.0,
            "준공년월":"2005-05-23",
            "준공년차":18.0,
            "가까운역이름":"NA",
            "가까운역거리":"NA",
            "역세권여부":"NA",
            "30분이내주요거점역":"NA",
            "1시간이내주요거점역":"NA",
            "3km이내백화점수":0,
            "5km이내아울렛몰수":0,
            "1km이내대형먀트수":0,
            "500m이내은행수":1,
            "500m이내병원수":11,
            "5km이내대형병원수":1,
            "500m이내공원수":0,
            "3km이내혐오시설수":0,
            "초등학교학업성취도":87.95,
            "중학교학업성취도":78.0,
            "용적률":241,
            "건폐율":15,
            "Y":35.26401,
            "X":128.52354,
            "rank":23.0,
            "area_info":"29평(98.9), 33평(111.01), 33평(112.17), 39평(131.32), 49평(165.08)",
            "last_sales":"2022-01-10,26900.0,29평(98.9)"
        },
        {
            "index":115,
            "아파트명":"장미",
            "투자타입":"재건축",
            "전용면적(m2)":"63.54",
            "전용면적(평)":"19평",
            "법정동주소":"경상남도 창원시 마산회원구 내서읍 중리 1056",
            "도로명주소":"경상남도 창원시 마산회원구 중리상곡로 18",
            "세대수":30,
            "입주년차":"--",
            "용적률점수":100,
            "건폐율점수":100,
            "세대당주차수":"--",
            "난방방식":"--",
            "공급면적":50,
            "전용률":60,
            "욕실수":"--",
            "현관타입":"--",
            "주거총점":74.5,
            "지역구공급총점":0.0,
            "역세권":"NA",
            "30분내 이동가능 거점":"NA",
            "1시간내 이동가능 거점":"NA",
            "교통총점":"NA",
            "백화점":0,
            "아울렛몰":0,
            "대형마트":0,
            "은행":0,
            "병원":10,
            "종합병원":80,
            "공원":100,
            "혐오시설":0,
            "인프라총점":20.0,
            "초등학군":82.53,
            "중학군":45.66,
            "학군총점":53.034,
            "인구수":21.41,
            "인구증감":-15.26,
            "인구총점":10.409,
            "일자리":3.1,
            "소득수준":67.86,
            "일자리총점":22.528,
            "가치 총점":47.3335,
            "매매실거래년":20211230.0,
            "매매실거래가":8500.0,
            "전세실거래년":20210405.0,
            "전세실거래가":5500.0,
            "전세가율":64.71,
            "장기전세가율평균":75.61,
            "전세가율거품지수":10.9,
            "검색코드":6513,
            "세대수":375.0,
            "준공년월":"1992-12-24",
            "준공년차":31.0,
            "가까운역이름":"NA",
            "가까운역거리":"NA",
            "역세권여부":"NA",
            "30분이내주요거점역":"NA",
            "1시간이내주요거점역":"NA",
            "3km이내백화점수":0,
            "5km이내아울렛몰수":0,
            "1km이내대형먀트수":0,
            "500m이내은행수":0,
            "500m이내병원수":4,
            "5km이내대형병원수":1,
            "500m이내공원수":2,
            "3km이내혐오시설수":0,
            "초등학교학업성취도":82.53,
            "중학교학업성취도":76.1,
            "용적률":115,
            "건폐율":9,
            "Y":35.243075,
            "X":128.504569,
            "rank":24.0,
            "area_info":"19평(63.54)",
            "last_sales":"2021-12-30,8500.0,19평(63.54)"
        },
        {
            "index":103,
            "아파트명":"숲속마을주공6단지",
            "투자타입":"일반",
            "전용면적(m2)":"77.63",
            "전용면적(평)":"23평",
            "법정동주소":"경상남도 창원시 마산회원구 내서읍 삼계리 508-1",
            "도로명주소":"경상남도 창원시 마산회원구 숲속로 27",
            "세대수":80,
            "입주년차":20,
            "용적률점수":"--",
            "건폐율점수":"--",
            "세대당주차수":0,
            "난방방식":30,
            "공급면적":"--",
            "전용률":"--",
            "욕실수":100,
            "현관타입":100,
            "주거총점":55.0,
            "지역구공급총점":0.0,
            "역세권":"NA",
            "30분내 이동가능 거점":"NA",
            "1시간내 이동가능 거점":"NA",
            "교통총점":"NA",
            "백화점":0,
            "아울렛몰":0,
            "대형마트":80,
            "은행":0,
            "병원":0,
            "종합병원":80,
            "공원":100,
            "혐오시설":0,
            "인프라총점":31.0,
            "초등학군":87.77,
            "중학군":52.32,
            "학군총점":59.41,
            "인구수":21.41,
            "인구증감":-15.26,
            "인구총점":10.409,
            "일자리":3.1,
            "소득수준":67.86,
            "일자리총점":22.528,
            "가치 총점":46.5025,
            "매매실거래년":20211229.0,
            "매매실거래가":17000.0,
            "전세실거래년":20210916.0,
            "전세실거래가":12000.0,
            "전세가율":75.95,
            "장기전세가율평균":75.61,
            "전세가율거품지수":-0.34,
            "검색코드":6530,
            "세대수":720.0,
            "준공년월":"2002-03-13",
            "준공년차":21.0,
            "가까운역이름":"NA",
            "가까운역거리":"NA",
            "역세권여부":"NA",
            "30분이내주요거점역":"NA",
            "1시간이내주요거점역":"NA",
            "3km이내백화점수":0,
            "5km이내아울렛몰수":0,
            "1km이내대형먀트수":1,
            "500m이내은행수":0,
            "500m이내병원수":0,
            "5km이내대형병원수":1,
            "500m이내공원수":3,
            "3km이내혐오시설수":0,
            "초등학교학업성취도":87.77,
            "중학교학업성취도":86.2,
            "용적률":175,
            "건폐율":18,
            "Y":35.228734,
            "X":128.49801,
            "rank":25.0,
            "area_info":"23평(77.63), 23평(77.63), 29평(98.42), 33평(109.94), 33평(110.1), 33평(110.12)",
            "last_sales":"2021-12-29,17000.0,29평(98.42)"
        },
        {
            "index":229,
            "아파트명":"서안양덕타운",
            "투자타입":"일반",
            "전용면적(m2)":"79.76",
            "전용면적(평)":"24평",
            "법정동주소":"경상남도 창원시 마산회원구 양덕동 26-3",
            "도로명주소":"경상남도 창원시 마산회원구 팔용로 62-1",
            "세대수":0,
            "입주년차":0,
            "용적률점수":"--",
            "건폐율점수":"--",
            "세대당주차수":0,
            "난방방식":80,
            "공급면적":"--",
            "전용률":"--",
            "욕실수":50,
            "현관타입":100,
            "주거총점":23.0,
            "지역구공급총점":0.0,
            "역세권":"NA",
            "30분내 이동가능 거점":"NA",
            "1시간내 이동가능 거점":"NA",
            "교통총점":"NA",
            "백화점":100,
            "아울렛몰":0,
            "대형마트":80,
            "은행":0,
            "병원":0,
            "종합병원":100,
            "공원":100,
            "혐오시설":0,
            "인프라총점":65.0,
            "초등학군":85.2,
            "중학군":40.86,
            "학군총점":49.728,
            "인구수":21.41,
            "인구증감":-15.26,
            "인구총점":10.409,
            "일자리":3.1,
            "소득수준":67.86,
            "일자리총점":22.528,
            "가치 총점":46.482,
            "매매실거래년":20211019.0,
            "매매실거래가":14800.0,
            "전세실거래년":20211027.0,
            "전세실거래가":12000.0,
            "전세가율":92.31,
            "장기전세가율평균":75.61,
            "전세가율거품지수":-16.7,
            "검색코드":6635,
            "세대수":200.0,
            "준공년월":"1994-12-10",
            "준공년차":29.0,
            "가까운역이름":"NA",
            "가까운역거리":"NA",
            "역세권여부":"NA",
            "30분이내주요거점역":"NA",
            "1시간이내주요거점역":"NA",
            "3km이내백화점수":1,
            "5km이내아울렛몰수":0,
            "1km이내대형먀트수":1,
            "500m이내은행수":0,
            "500m이내병원수":0,
            "5km이내대형병원수":3,
            "500m이내공원수":3,
            "3km이내혐오시설수":0,
            "초등학교학업성취도":85.2,
            "중학교학업성취도":67.3,
            "용적률":301,
            "건폐율":27,
            "Y":35.23449,
            "X":128.58926,
            "rank":26.0,
            "area_info":"24평(79.76), 23평(79.26), 32평(105.81), 34평(112.97)",
            "last_sales":"2021-10-19,14800.0,34평(112.97)"
        },
        {
            "index":252,
            "아파트명":"타워맨션",
            "투자타입":"재건축",
            "전용면적(m2)":"86.7",
            "전용면적(평)":"26평",
            "법정동주소":"경상남도 창원시 마산회원구 양덕동 53-4",
            "도로명주소":"경상남도 창원시 마산회원구 양덕천길 20",
            "세대수":0,
            "입주년차":"--",
            "용적률점수":0,
            "건폐율점수":0,
            "세대당주차수":"--",
            "난방방식":"--",
            "공급면적":70,
            "전용률":80,
            "욕실수":"--",
            "현관타입":"--",
            "주거총점":7.5,
            "지역구공급총점":0.0,
            "역세권":"NA",
            "30분내 이동가능 거점":"NA",
            "1시간내 이동가능 거점":"NA",
            "교통총점":"NA",
            "백화점":100,
            "아울렛몰":0,
            "대형마트":100,
            "은행":0,
            "병원":60,
            "종합병원":100,
            "공원":80,
            "혐오시설":0,
            "인프라총점":73.4,
            "초등학군":85.2,
            "중학군":50.12,
            "학군총점":57.136,
            "인구수":21.41,
            "인구증감":-15.26,
            "인구총점":10.409,
            "일자리":3.1,
            "소득수준":67.86,
            "일자리총점":22.528,
            "가치 총점":46.269,
            "매매실거래년":20211119.0,
            "매매실거래가":11800.0,
            "전세실거래년":20171209.0,
            "전세실거래가":10000.0,
            "전세가율":102.04,
            "장기전세가율평균":75.61,
            "전세가율거품지수":-26.43,
            "검색코드":6653,
            "세대수":119.0,
            "준공년월":"1979-08-03",
            "준공년차":44.0,
            "가까운역이름":"NA",
            "가까운역거리":"NA",
            "역세권여부":"NA",
            "30분이내주요거점역":"NA",
            "1시간이내주요거점역":"NA",
            "3km이내백화점수":1,
            "5km이내아울렛몰수":0,
            "1km이내대형먀트수":2,
            "500m이내은행수":1,
            "500m이내병원수":15,
            "5km이내대형병원수":3,
            "500m이내공원수":1,
            "3km이내혐오시설수":0,
            "초등학교학업성취도":85.2,
            "중학교학업성취도":82.4,
            "용적률":0,
            "건폐율":0,
            "Y":35.22968,
            "X":128.586562,
            "rank":27.0,
            "area_info":"26평(86.7), 34평(112.43)",
            "last_sales":"2021-11-19,11800.0,34평(112.43)"
        },
        {
            "index":196,
            "아파트명":"대상",
            "투자타입":"일반",
            "전용면적(m2)":"61.06",
            "전용면적(평)":"18평",
            "법정동주소":"경상남도 창원시 마산회원구 양덕동 96-13",
            "도로명주소":"경상남도 창원시 마산회원구 양덕북17길 48",
            "세대수":0,
            "입주년차":20,
            "용적률점수":"--",
            "건폐율점수":"--",
            "세대당주차수":0,
            "난방방식":30,
            "공급면적":"--",
            "전용률":"--",
            "욕실수":50,
            "현관타입":10,
            "주거총점":13.0,
            "지역구공급총점":0.0,
            "역세권":"NA",
            "30분내 이동가능 거점":"NA",
            "1시간내 이동가능 거점":"NA",
            "교통총점":"NA",
            "백화점":100,
            "아울렛몰":0,
            "대형마트":80,
            "은행":0,
            "병원":80,
            "종합병원":100,
            "공원":100,
            "혐오시설":0,
            "인프라총점":73.0,
            "초등학군":85.2,
            "중학군":40.86,
            "학군총점":49.728,
            "인구수":21.41,
            "인구증감":-15.26,
            "인구총점":10.409,
            "일자리":3.1,
            "소득수준":67.86,
            "일자리총점":22.528,
            "가치 총점":46.182,
            "매매실거래년":20211213.0,
            "매매실거래가":10700.0,
            "전세실거래년":20200622.0,
            "전세실거래가":8000.0,
            "전세가율":74.77,
            "장기전세가율평균":75.61,
            "전세가율거품지수":0.84,
            "검색코드":6631,
            "세대수":212.0,
            "준공년월":"1999-02-12",
            "준공년차":24.0,
            "가까운역이름":"NA",
            "가까운역거리":"NA",
            "역세권여부":"NA",
            "30분이내주요거점역":"NA",
            "1시간이내주요거점역":"NA",
            "3km이내백화점수":1,
            "5km이내아울렛몰수":0,
            "1km이내대형먀트수":1,
            "500m이내은행수":1,
            "500m이내병원수":46,
            "5km이내대형병원수":3,
            "500m이내공원수":3,
            "3km이내혐오시설수":0,
            "초등학교학업성취도":85.2,
            "중학교학업성취도":67.3,
            "용적률":227,
            "건폐율":28,
            "Y":35.235527,
            "X":128.583396,
            "rank":28.0,
            "area_info":"18평(61.06), 23평(77.55), 31평(104.12)",
            "last_sales":"2021-12-13,10700.0,18평(61.06)"
        },
        {
            "index":40,
            "아파트명":"대동",
            "투자타입":"일반",
            "전용면적(m2)":"72.85",
            "전용면적(평)":"22평",
            "법정동주소":"경상남도 창원시 마산회원구 내서읍 삼계리 34",
            "도로명주소":"경상남도 창원시 마산회원구 삼계5길 30",
            "세대수":80,
            "입주년차":0,
            "용적률점수":"--",
            "건폐율점수":"--",
            "세대당주차수":0,
            "난방방식":30,
            "공급면적":"--",
            "전용률":"--",
            "욕실수":50,
            "현관타입":100,
            "주거총점":46.0,
            "지역구공급총점":0.0,
            "역세권":"NA",
            "30분내 이동가능 거점":"NA",
            "1시간내 이동가능 거점":"NA",
            "교통총점":"NA",
            "백화점":0,
            "아울렛몰":0,
            "대형마트":80,
            "은행":0,
            "병원":60,
            "종합병원":80,
            "공원":100,
            "혐오시설":0,
            "인프라총점":37.0,
            "초등학군":87.77,
            "중학군":52.32,
            "학군총점":59.41,
            "인구수":21.41,
            "인구증감":-15.26,
            "인구총점":10.409,
            "일자리":3.1,
            "소득수준":67.86,
            "일자리총점":22.528,
            "가치 총점":45.7525,
            "매매실거래년":20211218.0,
            "매매실거래가":20700.0,
            "전세실거래년":20211225.0,
            "전세실거래가":10000.0,
            "전세가율":75.76,
            "장기전세가율평균":75.61,
            "전세가율거품지수":-0.15,
            "검색코드":6500,
            "세대수":822.0,
            "준공년월":"1998-06-16",
            "준공년차":25.0,
            "가까운역이름":"NA",
            "가까운역거리":"NA",
            "역세권여부":"NA",
            "30분이내주요거점역":"NA",
            "1시간이내주요거점역":"NA",
            "3km이내백화점수":0,
            "5km이내아울렛몰수":0,
            "1km이내대형먀트수":1,
            "500m이내은행수":0,
            "500m이내병원수":26,
            "5km이내대형병원수":1,
            "500m이내공원수":3,
            "3km이내혐오시설수":0,
            "초등학교학업성취도":87.77,
            "중학교학업성취도":86.2,
            "용적률":223,
            "건폐율":23,
            "Y":35.23091,
            "X":128.50259,
            "rank":29.0,
            "area_info":"22평(72.85), 22평(72.96), 25평(84.66), 25평(85.19), 30평(99.5), 30평(100.27), 31평(102.56)",
            "last_sales":"2021-12-18,20700.0,31평(102.56)"
        },
        {
            "index":166,
            "아파트명":"봉암서광",
            "투자타입":"일반",
            "전용면적(m2)":"79.1",
            "전용면적(평)":"23평",
            "법정동주소":"경상남도 창원시 마산회원구 봉암동 277",
            "도로명주소":"경상남도 창원시 마산회원구 봉양로 241",
            "세대수":30,
            "입주년차":20,
            "용적률점수":"--",
            "건폐율점수":"--",
            "세대당주차수":0,
            "난방방식":30,
            "공급면적":"--",
            "전용률":"--",
            "욕실수":50,
            "현관타입":100,
            "주거총점":32.5,
            "지역구공급총점":0.0,
            "역세권":"NA",
            "30분내 이동가능 거점":"NA",
            "1시간내 이동가능 거점":"NA",
            "교통총점":"NA",
            "백화점":100,
            "아울렛몰":0,
            "대형마트":0,
            "은행":0,
            "병원":0,
            "종합병원":100,
            "공원":0,
            "혐오시설":0,
            "인프라총점":50.0,
            "초등학군":84.76,
            "중학군":50.12,
            "학군총점":57.048,
            "인구수":21.41,
            "인구증감":-15.26,
            "인구총점":10.409,
            "일자리":3.1,
            "소득수준":67.86,
            "일자리총점":22.528,
            "가치 총점":45.637,
            "매매실거래년":20211203.0,
            "매매실거래가":8000.0,
            "전세실거래년":20211225.0,
            "전세실거래가":8000.0,
            "전세가율":100.0,
            "장기전세가율평균":75.61,
            "전세가율거품지수":-24.39,
            "검색코드":6542,
            "세대수":364.0,
            "준공년월":"2000-12-12",
            "준공년차":23.0,
            "가까운역이름":"NA",
            "가까운역거리":"NA",
            "역세권여부":"NA",
            "30분이내주요거점역":"NA",
            "1시간이내주요거점역":"NA",
            "3km이내백화점수":1,
            "5km이내아울렛몰수":0,
            "1km이내대형먀트수":0,
            "500m이내은행수":0,
            "500m이내병원수":0,
            "5km이내대형병원수":4,
            "500m이내공원수":0,
            "3km이내혐오시설수":0,
            "초등학교학업성취도":84.76,
            "중학교학업성취도":82.4,
            "용적률":315,
            "건폐율":23,
            "Y":35.216605,
            "X":128.612929,
            "rank":30.0,
            "area_info":"23평(79.1)",
            "last_sales":"2021-12-03,8000.0,23평(79.1)"
        },
        {
            "index":81,
            "아파트명":"삼계현대",
            "투자타입":"일반",
            "전용면적(m2)":"88.04",
            "전용면적(평)":"26평",
            "법정동주소":"경상남도 창원시 마산회원구 내서읍 삼계리 21",
            "도로명주소":"경상남도 창원시 마산회원구 삼풍로 82",
            "세대수":50,
            "입주년차":0,
            "용적률점수":"--",
            "건폐율점수":"--",
            "세대당주차수":30,
            "난방방식":30,
            "공급면적":"--",
            "전용률":"--",
            "욕실수":100,
            "현관타입":100,
            "주거총점":45.0,
            "지역구공급총점":0.0,
            "역세권":"NA",
            "30분내 이동가능 거점":"NA",
            "1시간내 이동가능 거점":"NA",
            "교통총점":"NA",
            "백화점":0,
            "아울렛몰":0,
            "대형마트":80,
            "은행":0,
            "병원":60,
            "종합병원":80,
            "공원":100,
            "혐오시설":0,
            "인프라총점":37.0,
            "초등학군":88.12,
            "중학군":52.32,
            "학군총점":59.48,
            "인구수":21.41,
            "인구증감":-15.26,
            "인구총점":10.409,
            "일자리":3.1,
            "소득수준":67.86,
            "일자리총점":22.528,
            "가치 총점":45.42,
            "매매실거래년":20211123.0,
            "매매실거래가":19900.0,
            "전세실거래년":20210702.0,
            "전세실거래가":15000.0,
            "전세가율":75.38,
            "장기전세가율평균":75.61,
            "전세가율거품지수":0.23,
            "검색코드":6503,
            "세대수":674.0,
            "준공년월":"1998-06-20",
            "준공년차":25.0,
            "가까운역이름":"NA",
            "가까운역거리":"NA",
            "역세권여부":"NA",
            "30분이내주요거점역":"NA",
            "1시간이내주요거점역":"NA",
            "3km이내백화점수":0,
            "5km이내아울렛몰수":0,
            "1km이내대형먀트수":1,
            "500m이내은행수":0,
            "500m이내병원수":26,
            "5km이내대형병원수":1,
            "500m이내공원수":2,
            "3km이내혐오시설수":0,
            "초등학교학업성취도":88.12,
            "중학교학업성취도":86.2,
            "용적률":226,
            "건폐율":21,
            "Y":35.23332,
            "X":128.50239,
            "rank":31.0,
            "area_info":"26평(88.04), 29평(96.15), 29평(97.76), 34평(113.33), 34평(113.11), 39평(130.21)",
            "last_sales":"2021-11-23,19900.0,26평(88.04)"
        },
        {
            "index":237,
            "아파트명":"양덕경남",
            "투자타입":"재건축",
            "전용면적(m2)":"76.76",
            "전용면적(평)":"23평",
            "법정동주소":"경상남도 창원시 마산회원구 양덕동 5-2",
            "도로명주소":"경상남도 창원시 마산회원구 양덕동17길 22",
            "세대수":0,
            "입주년차":"--",
            "용적률점수":0,
            "건폐율점수":60,
            "세대당주차수":"--",
            "난방방식":"--",
            "공급면적":50,
            "전용률":60,
            "욕실수":"--",
            "현관타입":"--",
            "주거총점":17.5,
            "지역구공급총점":0.0,
            "역세권":"NA",
            "30분내 이동가능 거점":"NA",
            "1시간내 이동가능 거점":"NA",
            "교통총점":"NA",
            "백화점":100,
            "아울렛몰":0,
            "대형마트":80,
            "은행":0,
            "병원":0,
            "종합병원":100,
            "공원":100,
            "혐오시설":0,
            "인프라총점":65.0,
            "초등학군":85.2,
            "중학군":40.86,
            "학군총점":49.728,
            "인구수":21.41,
            "인구증감":-15.26,
            "인구총점":10.409,
            "일자리":3.1,
            "소득수준":67.86,
            "일자리총점":22.528,
            "가치 총점":44.557,
            "매매실거래년":20211012.0,
            "매매실거래가":13500.0,
            "전세실거래년":20210311.0,
            "전세실거래가":10000.0,
            "전세가율":108.7,
            "장기전세가율평균":75.61,
            "전세가율거품지수":-33.09,
            "검색코드":6629,
            "세대수":257.0,
            "준공년월":"1992-12-31",
            "준공년차":31.0,
            "가까운역이름":"NA",
            "가까운역거리":"NA",
            "역세권여부":"NA",
            "30분이내주요거점역":"NA",
            "1시간이내주요거점역":"NA",
            "3km이내백화점수":1,
            "5km이내아울렛몰수":0,
            "1km이내대형먀트수":1,
            "500m이내은행수":0,
            "500m이내병원수":0,
            "5km이내대형병원수":3,
            "500m이내공원수":2,
            "3km이내혐오시설수":0,
            "초등학교학업성취도":85.2,
            "중학교학업성취도":67.3,
            "용적률":0,
            "건폐율":30,
            "Y":35.234247,
            "X":128.590847,
            "rank":32.0,
            "area_info":"23평(76.76), 23평(76.04), 29평(96.03), 50평(167.26)",
            "last_sales":"2021-10-12,13500.0,29평(96.03)"
        },
        {
            "index":156,
            "아파트명":"화성",
            "투자타입":"일반",
            "전용면적(m2)":"99.43",
            "전용면적(평)":"30평",
            "법정동주소":"경상남도 창원시 마산회원구 내서읍 삼계리 14",
            "도로명주소":"경상남도 창원시 마산회원구 삼계8길 31",
            "세대수":30,
            "입주년차":0,
            "용적률점수":"--",
            "건폐율점수":"--",
            "세대당주차수":60,
            "난방방식":30,
            "공급면적":"--",
            "전용률":"--",
            "욕실수":100,
            "현관타입":100,
            "주거총점":42.5,
            "지역구공급총점":0.0,
            "역세권":"NA",
            "30분내 이동가능 거점":"NA",
            "1시간내 이동가능 거점":"NA",
            "교통총점":"NA",
            "백화점":0,
            "아울렛몰":0,
            "대형마트":80,
            "은행":0,
            "병원":60,
            "종합병원":80,
            "공원":100,
            "혐오시설":0,
            "인프라총점":37.0,
            "초등학군":88.12,
            "중학군":52.32,
            "학군총점":59.48,
            "인구수":21.41,
            "인구증감":-15.26,
            "인구총점":10.409,
            "일자리":3.1,
            "소득수준":67.86,
            "일자리총점":22.528,
            "가치 총점":44.545,
            "매매실거래년":20220103.0,
            "매매실거래가":29500.0,
            "전세실거래년":20200719.0,
            "전세실거래가":16000.0,
            "전세가율":84.66,
            "장기전세가율평균":75.61,
            "전세가율거품지수":-9.05,
            "검색코드":6526,
            "세대수":330.0,
            "준공년월":"1998-09-19",
            "준공년차":25.0,
            "가까운역이름":"NA",
            "가까운역거리":"NA",
            "역세권여부":"NA",
            "30분이내주요거점역":"NA",
            "1시간이내주요거점역":"NA",
            "3km이내백화점수":0,
            "5km이내아울렛몰수":0,
            "1km이내대형먀트수":1,
            "500m이내은행수":0,
            "500m이내병원수":26,
            "5km이내대형병원수":1,
            "500m이내공원수":2,
            "3km이내혐오시설수":0,
            "초등학교학업성취도":88.12,
            "중학교학업성취도":86.2,
            "용적률":248,
            "건폐율":23,
            "Y":35.233638,
            "X":128.500105,
            "rank":33.0,
            "area_info":"30평(99.43), 42평(139.72)",
            "last_sales":"2022-01-03,29500.0,42평(139.72)"
        },
        {
            "index":47,
            "아파트명":"대동다숲(삼계)",
            "투자타입":"일반",
            "전용면적(m2)":"90.35",
            "전용면적(평)":"27평",
            "법정동주소":"경상남도 창원시 마산회원구 내서읍 삼계리 37",
            "도로명주소":"경상남도 창원시 마산회원구 삼계2길 31",
            "세대수":30,
            "입주년차":20,
            "용적률점수":"--",
            "건폐율점수":"--",
            "세대당주차수":30,
            "난방방식":30,
            "공급면적":"--",
            "전용률":"--",
            "욕실수":100,
            "현관타입":100,
            "주거총점":42.0,
            "지역구공급총점":0.0,
            "역세권":"NA",
            "30분내 이동가능 거점":"NA",
            "1시간내 이동가능 거점":"NA",
            "교통총점":"NA",
            "백화점":0,
            "아울렛몰":0,
            "대형마트":80,
            "은행":0,
            "병원":60,
            "종합병원":80,
            "공원":100,
            "혐오시설":0,
            "인프라총점":37.0,
            "초등학군":87.77,
            "중학군":52.32,
            "학군총점":59.41,
            "인구수":21.41,
            "인구증감":-15.26,
            "인구총점":10.409,
            "일자리":3.1,
            "소득수준":67.86,
            "일자리총점":22.528,
            "가치 총점":44.3525,
            "매매실거래년":20211129.0,
            "매매실거래가":18350.0,
            "전세실거래년":20210426.0,
            "전세실거래가":13000.0,
            "전세가율":79.27,
            "장기전세가율평균":75.61,
            "전세가율거품지수":-3.66,
            "검색코드":6496,
            "세대수":390.0,
            "준공년월":"1999-05-08",
            "준공년차":24.0,
            "가까운역이름":"NA",
            "가까운역거리":"NA",
            "역세권여부":"NA",
            "30분이내주요거점역":"NA",
            "1시간이내주요거점역":"NA",
            "3km이내백화점수":0,
            "5km이내아울렛몰수":0,
            "1km이내대형먀트수":1,
            "500m이내은행수":0,
            "500m이내병원수":26,
            "5km이내대형병원수":1,
            "500m이내공원수":2,
            "3km이내혐오시설수":0,
            "초등학교학업성취도":87.77,
            "중학교학업성취도":86.2,
            "용적률":250,
            "건폐율":23,
            "Y":35.23013,
            "X":128.50437,
            "rank":34.0,
            "area_info":"27평(90.35), 29평(96.89), 29평(96.88)",
            "last_sales":"2021-11-29,18350.0,29평(96.89)"
        },
        {
            "index":250,
            "아파트명":"정우맨션",
            "투자타입":"재건축",
            "전용면적(m2)":"80.99",
            "전용면적(평)":"24평",
            "법정동주소":"경상남도 창원시 마산회원구 양덕동 158-5",
            "도로명주소":"경상남도 창원시 마산회원구 양덕동2길 106",
            "세대수":0,
            "입주년차":"--",
            "용적률점수":0,
            "건폐율점수":0,
            "세대당주차수":"--",
            "난방방식":"--",
            "공급면적":50,
            "전용률":100,
            "욕실수":"--",
            "현관타입":"--",
            "주거총점":7.5,
            "지역구공급총점":0.0,
            "역세권":"NA",
            "30분내 이동가능 거점":"NA",
            "1시간내 이동가능 거점":"NA",
            "교통총점":"NA",
            "백화점":100,
            "아울렛몰":0,
            "대형마트":100,
            "은행":0,
            "병원":30,
            "종합병원":100,
            "공원":0,
            "혐오시설":0,
            "인프라총점":68.0,
            "초등학군":84.76,
            "중학군":50.12,
            "학군총점":57.048,
            "인구수":21.41,
            "인구증감":-15.26,
            "인구총점":10.409,
            "일자리":3.1,
            "소득수준":67.86,
            "일자리총점":22.528,
            "가치 총점":44.087,
            "매매실거래년":20220110.0,
            "매매실거래가":11850.0,
            "전세실거래년":null,
            "전세실거래가":null,
            "전세가율":null,
            "장기전세가율평균":75.61,
            "전세가율거품지수":null,
            "검색코드":6651,
            "세대수":180.0,
            "준공년월":"1979-05-16",
            "준공년차":44.0,
            "가까운역이름":"NA",
            "가까운역거리":"NA",
            "역세권여부":"NA",
            "30분이내주요거점역":"NA",
            "1시간이내주요거점역":"NA",
            "3km이내백화점수":1,
            "5km이내아울렛몰수":0,
            "1km이내대형먀트수":2,
            "500m이내은행수":1,
            "500m이내병원수":9,
            "5km이내대형병원수":3,
            "500m이내공원수":0,
            "3km이내혐오시설수":0,
            "초등학교학업성취도":84.76,
            "중학교학업성취도":82.4,
            "용적률":0,
            "건폐율":0,
            "Y":35.22621,
            "X":128.58849,
            "rank":35.0,
            "area_info":"24평(80.99), 25평(83.74)",
            "last_sales":"2022-01-10,11850.0,25평(83.74)"
        },
        {
            "index":26,
            "아파트명":"THE-푸른",
            "투자타입":"일반",
            "전용면적(m2)":"53.25",
            "전용면적(평)":"16평",
            "법정동주소":"경상남도 창원시 마산회원구 내서읍 삼계리 7",
            "도로명주소":"경상남도 창원시 마산회원구 삼계10길 22",
            "세대수":90,
            "입주년차":0,
            "용적률점수":"--",
            "건폐율점수":"--",
            "세대당주차수":0,
            "난방방식":30,
            "공급면적":"--",
            "전용률":"--",
            "욕실수":50,
            "현관타입":10,
            "주거총점":40.5,
            "지역구공급총점":0.0,
            "역세권":"NA",
            "30분내 이동가능 거점":"NA",
            "1시간내 이동가능 거점":"NA",
            "교통총점":"NA",
            "백화점":0,
            "아울렛몰":0,
            "대형마트":80,
            "은행":0,
            "병원":60,
            "종합병원":80,
            "공원":100,
            "혐오시설":0,
            "인프라총점":37.0,
            "초등학군":88.12,
            "중학군":52.32,
            "학군총점":59.48,
            "인구수":21.41,
            "인구증감":-15.26,
            "인구총점":10.409,
            "일자리":3.1,
            "소득수준":67.86,
            "일자리총점":22.528,
            "가치 총점":43.845,
            "매매실거래년":20220105.0,
            "매매실거래가":13000.0,
            "전세실거래년":20211230.0,
            "전세실거래가":7000.0,
            "전세가율":90.91,
            "장기전세가율평균":75.61,
            "전세가율거품지수":-15.3,
            "검색코드":6523,
            "세대수":1314.0,
            "준공년월":"1998-06-17",
            "준공년차":25.0,
            "가까운역이름":"NA",
            "가까운역거리":"NA",
            "역세권여부":"NA",
            "30분이내주요거점역":"NA",
            "1시간이내주요거점역":"NA",
            "3km이내백화점수":0,
            "5km이내아울렛몰수":0,
            "1km이내대형먀트수":1,
            "500m이내은행수":0,
            "500m이내병원수":26,
            "5km이내대형병원수":1,
            "500m이내공원수":3,
            "3km이내혐오시설수":0,
            "초등학교학업성취도":88.12,
            "중학교학업성취도":86.2,
            "용적률":182,
            "건폐율":16,
            "Y":35.235463,
            "X":128.502951,
            "rank":36.0,
            "area_info":"16평(53.25), 19평(63.99), 21평(72.29), 21평(72.31), 21평(72.16)",
            "last_sales":"2022-01-05,13000.0,21평(72.29)"
        },
        {
            "index":146,
            "아파트명":"한우리1차",
            "투자타입":"일반",
            "전용면적(m2)":"72.87",
            "전용면적(평)":"22평",
            "법정동주소":"경상남도 창원시 마산회원구 내서읍 삼계리 38",
            "도로명주소":"경상남도 창원시 마산회원구 삼계1길 48",
            "세대수":50,
            "입주년차":20,
            "용적률점수":"--",
            "건폐율점수":"--",
            "세대당주차수":0,
            "난방방식":30,
            "공급면적":"--",
            "전용률":"--",
            "욕실수":50,
            "현관타입":100,
            "주거총점":39.5,
            "지역구공급총점":0.0,
            "역세권":"NA",
            "30분내 이동가능 거점":"NA",
            "1시간내 이동가능 거점":"NA",
            "교통총점":"NA",
            "백화점":0,
            "아울렛몰":0,
            "대형마트":80,
            "은행":0,
            "병원":60,
            "종합병원":80,
            "공원":80,
            "혐오시설":0,
            "인프라총점":36.4,
            "초등학군":87.77,
            "중학군":52.32,
            "학군총점":59.41,
            "인구수":21.41,
            "인구증감":-15.26,
            "인구총점":10.409,
            "일자리":3.1,
            "소득수준":67.86,
            "일자리총점":22.528,
            "가치 총점":43.2375,
            "매매실거래년":20211224.0,
            "매매실거래가":12700.0,
            "전세실거래년":20211220.0,
            "전세실거래가":10500.0,
            "전세가율":82.68,
            "장기전세가율평균":75.61,
            "전세가율거품지수":-7.07,
            "검색코드":6516,
            "세대수":540.0,
            "준공년월":"2000-09-08",
            "준공년차":23.0,
            "가까운역이름":"NA",
            "가까운역거리":"NA",
            "역세권여부":"NA",
            "30분이내주요거점역":"NA",
            "1시간이내주요거점역":"NA",
            "3km이내백화점수":0,
            "5km이내아울렛몰수":0,
            "1km이내대형먀트수":1,
            "500m이내은행수":0,
            "500m이내병원수":21,
            "5km이내대형병원수":1,
            "500m이내공원수":1,
            "3km이내혐오시설수":0,
            "초등학교학업성취도":87.77,
            "중학교학업성취도":86.2,
            "용적률":239,
            "건폐율":23,
            "Y":35.22874,
            "X":128.50455,
            "rank":37.0,
            "area_info":"22평(72.87)",
            "last_sales":"2021-12-24,12700.0,22평(72.87)"
        },
        {
            "index":52,
            "아파트명":"대동이미지1단지",
            "투자타입":"일반",
            "전용면적(m2)":"83.7",
            "전용면적(평)":"25평",
            "법정동주소":"경상남도 창원시 마산회원구 내서읍 삼계리 290",
            "도로명주소":"경상남도 창원시 마산회원구 광려로 28",
            "세대수":90,
            "입주년차":20,
            "용적률점수":"--",
            "건폐율점수":"--",
            "세대당주차수":60,
            "난방방식":30,
            "공급면적":"--",
            "전용률":"--",
            "욕실수":50,
            "현관타입":100,
            "주거총점":62.5,
            "지역구공급총점":0.0,
            "역세권":"NA",
            "30분내 이동가능 거점":"NA",
            "1시간내 이동가능 거점":"NA",
            "교통총점":"NA",
            "백화점":0,
            "아울렛몰":0,
            "대형마트":0,
            "은행":0,
            "병원":0,
            "종합병원":80,
            "공원":0,
            "혐오시설":0,
            "인프라총점":16.0,
            "초등학군":88.06,
            "중학군":52.68,
            "학군총점":59.756,
            "인구수":21.41,
            "인구증감":-15.26,
            "인구총점":10.409,
            "일자리":3.1,
            "소득수준":67.86,
            "일자리총점":22.528,
            "가치 총점":43.214,
            "매매실거래년":20211220.0,
            "매매실거래가":21000.0,
            "전세실거래년":20211007.0,
            "전세실거래가":11000.0,
            "전세가율":85.27,
            "장기전세가율평균":75.61,
            "전세가율거품지수":-9.66,
            "검색코드":17366,
            "세대수":1002.0,
            "준공년월":"2003-12-19",
            "준공년차":20.0,
            "가까운역이름":"NA",
            "가까운역거리":"NA",
            "역세권여부":"NA",
            "30분이내주요거점역":"NA",
            "1시간이내주요거점역":"NA",
            "3km이내백화점수":0,
            "5km이내아울렛몰수":0,
            "1km이내대형먀트수":0,
            "500m이내은행수":0,
            "500m이내병원수":1,
            "5km이내대형병원수":1,
            "500m이내공원수":0,
            "3km이내혐오시설수":0,
            "초등학교학업성취도":88.06,
            "중학교학업성취도":87.2,
            "용적률":234,
            "건폐율":16,
            "Y":35.223128,
            "X":128.502062,
            "rank":38.0,
            "area_info":"25평(83.7), 25평(84.3), 30평(99.2), 34평(112.8), 34평(113.58)",
            "last_sales":"2021-12-20,21000.0,34평(113.58)"
        },
        {
            "index":291,
            "아파트명":"회원주공",
            "투자타입":"일반",
            "전용면적(m2)":"74.45",
            "전용면적(평)":"22평",
            "법정동주소":"경상남도 창원시 마산회원구 회원동 648-1",
            "도로명주소":"경상남도 창원시 마산회원구 회원서11길 21",
            "세대수":0,
            "입주년차":20,
            "용적률점수":"--",
            "건폐율점수":"--",
            "세대당주차수":0,
            "난방방식":30,
            "공급면적":"--",
            "전용률":"--",
            "욕실수":50,
            "현관타입":100,
            "주거총점":22.0,
            "지역구공급총점":0.0,
            "역세권":"NA",
            "30분내 이동가능 거점":"NA",
            "1시간내 이동가능 거점":"NA",
            "교통총점":"NA",
            "백화점":100,
            "아울렛몰":0,
            "대형마트":0,
            "은행":0,
            "병원":10,
            "종합병원":100,
            "공원":100,
            "혐오시설":0,
            "인프라총점":54.0,
            "초등학군":84.05,
            "중학군":46.58,
            "학군총점":54.074,
            "인구수":21.41,
            "인구증감":-15.26,
            "인구총점":10.409,
            "일자리":3.1,
            "소득수준":67.86,
            "일자리총점":22.528,
            "가치 총점":42.8185,
            "매매실거래년":20211215.0,
            "매매실거래가":10900.0,
            "전세실거래년":20211010.0,
            "전세실거래가":12000.0,
            "전세가율":110.09,
            "장기전세가율평균":75.61,
            "전세가율거품지수":-34.48,
            "검색코드":15566,
            "세대수":156.0,
            "준공년월":"2002-05-14",
            "준공년차":21.0,
            "가까운역이름":"NA",
            "가까운역거리":"NA",
            "역세권여부":"NA",
            "30분이내주요거점역":"NA",
            "1시간이내주요거점역":"NA",
            "3km이내백화점수":2,
            "5km이내아울렛몰수":0,
            "1km이내대형먀트수":0,
            "500m이내은행수":0,
            "500m이내병원수":3,
            "5km이내대형병원수":4,
            "500m이내공원수":2,
            "3km이내혐오시설수":0,
            "초등학교학업성취도":84.05,
            "중학교학업성취도":75.1,
            "용적률":0,
            "건폐율":0,
            "Y":35.21716,
            "X":128.55928,
            "rank":39.0,
            "area_info":"22평(74.45), 22평(74.4), 31평(105.47)",
            "last_sales":"2021-12-15,10900.0,22평(74.45)"
        },
        {
            "index":99,
            "아파트명":"숲속마을주공5단지",
            "투자타입":"일반",
            "전용면적(m2)":"85.17",
            "전용면적(평)":"25평",
            "법정동주소":"경상남도 창원시 마산회원구 내서읍 삼계리 507-1",
            "도로명주소":"경상남도 창원시 마산회원구 숲속로 30",
            "세대수":50,
            "입주년차":20,
            "용적률점수":"--",
            "건폐율점수":"--",
            "세대당주차수":30,
            "난방방식":30,
            "공급면적":"--",
            "전용률":"--",
            "욕실수":50,
            "현관타입":100,
            "주거총점":44.0,
            "지역구공급총점":0.0,
            "역세권":"NA",
            "30분내 이동가능 거점":"NA",
            "1시간내 이동가능 거점":"NA",
            "교통총점":"NA",
            "백화점":0,
            "아울렛몰":0,
            "대형마트":80,
            "은행":0,
            "병원":0,
            "종합병원":80,
            "공원":100,
            "혐오시설":0,
            "인프라총점":31.0,
            "초등학군":87.88,
            "중학군":52.32,
            "학군총점":59.432,
            "인구수":21.41,
            "인구증감":-15.26,
            "인구총점":10.409,
            "일자리":3.1,
            "소득수준":67.86,
            "일자리총점":22.528,
            "가치 총점":42.658,
            "매매실거래년":20211216.0,
            "매매실거래가":16300.0,
            "전세실거래년":20170208.0,
            "전세실거래가":12000.0,
            "전세가율":96.0,
            "장기전세가율평균":75.61,
            "전세가율거품지수":-20.39,
            "검색코드":6528,
            "세대수":480.0,
            "준공년월":"2001-10-17",
            "준공년차":22.0,
            "가까운역이름":"NA",
            "가까운역거리":"NA",
            "역세권여부":"NA",
            "30분이내주요거점역":"NA",
            "1시간이내주요거점역":"NA",
            "3km이내백화점수":0,
            "5km이내아울렛몰수":0,
            "1km이내대형먀트수":1,
            "500m이내은행수":0,
            "500m이내병원수":0,
            "5km이내대형병원수":1,
            "500m이내공원수":3,
            "3km이내혐오시설수":0,
            "초등학교학업성취도":87.88,
            "중학교학업성취도":86.2,
            "용적률":186,
            "건폐율":18,
            "Y":35.229298,
            "X":128.496607,
            "rank":40.0,
            "area_info":"25평(85.17), 29평(97.3), 32평(108.19), 32평(108.26)",
            "last_sales":"2021-12-16,16300.0,32평(108.26)"
        },
        {
            "index":153,
            "아파트명":"현대",
            "투자타입":"재건축",
            "전용면적(m2)":"89.8",
            "전용면적(평)":"27평",
            "법정동주소":"경상남도 창원시 마산회원구 내서읍 중리 338-1",
            "도로명주소":"경상남도 창원시 마산회원구 호원로 186-1",
            "세대수":90,
            "입주년차":"--",
            "용적률점수":20,
            "건폐율점수":100,
            "세대당주차수":"--",
            "난방방식":"--",
            "공급면적":70,
            "전용률":80,
            "욕실수":"--",
            "현관타입":"--",
            "주거총점":62.5,
            "지역구공급총점":0.0,
            "역세권":"NA",
            "30분내 이동가능 거점":"NA",
            "1시간내 이동가능 거점":"NA",
            "교통총점":"NA",
            "백화점":0,
            "아울렛몰":0,
            "대형마트":0,
            "은행":0,
            "병원":10,
            "종합병원":80,
            "공원":0,
            "혐오시설":0,
            "인프라총점":17.0,
            "초등학군":89.3,
            "중학군":45.66,
            "학군총점":54.388,
            "인구수":21.41,
            "인구증감":-15.26,
            "인구총점":10.409,
            "일자리":3.1,
            "소득수준":67.86,
            "일자리총점":22.528,
            "가치 총점":42.272,
            "매매실거래년":20220108.0,
            "매매실거래가":12000.0,
            "전세실거래년":20211209.0,
            "전세실거래가":8500.0,
            "전세가율":104.94,
            "장기전세가율평균":75.61,
            "전세가율거품지수":-29.33,
            "검색코드":6520,
            "세대수":969.0,
            "준공년월":"1992-12-17",
            "준공년차":31.0,
            "가까운역이름":"NA",
            "가까운역거리":"NA",
            "역세권여부":"NA",
            "30분이내주요거점역":"NA",
            "1시간이내주요거점역":"NA",
            "3km이내백화점수":0,
            "5km이내아울렛몰수":0,
            "1km이내대형먀트수":0,
            "500m이내은행수":1,
            "500m이내병원수":3,
            "5km이내대형병원수":1,
            "500m이내공원수":0,
            "3km이내혐오시설수":0,
            "초등학교학업성취도":89.3,
            "중학교학업성취도":76.1,
            "용적률":206,
            "건폐율":17,
            "Y":35.251408,
            "X":128.522752,
            "rank":41.0,
            "area_info":"27평(89.8), 31평(102.67), 45평(151.49)",
            "last_sales":"2022-01-08,12000.0,31평(102.67)"
        },
        {
            "index":134,
            "아파트명":"코오롱하늘채1차",
            "투자타입":"일반",
            "전용면적(m2)":"80.66",
            "전용면적(평)":"24평",
            "법정동주소":"경상남도 창원시 마산회원구 내서읍 호계리 10",
            "도로명주소":"경상남도 창원시 마산회원구 호원로 361-3",
            "세대수":100,
            "입주년차":20,
            "용적률점수":"--",
            "건폐율점수":"--",
            "세대당주차수":30,
            "난방방식":30,
            "공급면적":"--",
            "전용률":"--",
            "욕실수":50,
            "현관타입":100,
            "주거총점":61.5,
            "지역구공급총점":0.0,
            "역세권":"NA",
            "30분내 이동가능 거점":"NA",
            "1시간내 이동가능 거점":"NA",
            "교통총점":"NA",
            "백화점":0,
            "아울렛몰":0,
            "대형마트":0,
            "은행":0,
            "병원":10,
            "종합병원":80,
            "공원":0,
            "혐오시설":0,
            "인프라총점":17.0,
            "초등학군":87.95,
            "중학군":47.72,
            "학군총점":55.766,
            "인구수":21.41,
            "인구증감":-15.26,
            "인구총점":10.409,
            "일자리":3.1,
            "소득수준":67.86,
            "일자리총점":22.528,
            "가치 총점":42.2665,
            "매매실거래년":20220108.0,
            "매매실거래가":20500.0,
            "전세실거래년":20211207.0,
            "전세실거래가":13000.0,
            "전세가율":76.92,
            "장기전세가율평균":75.61,
            "전세가율거품지수":-1.31,
            "검색코드":15533,
            "세대수":2040.0,
            "준공년월":"2001-11-22",
            "준공년차":22.0,
            "가까운역이름":"NA",
            "가까운역거리":"NA",
            "역세권여부":"NA",
            "30분이내주요거점역":"NA",
            "1시간이내주요거점역":"NA",
            "3km이내백화점수":0,
            "5km이내아울렛몰수":0,
            "1km이내대형먀트수":0,
            "500m이내은행수":0,
            "500m이내병원수":3,
            "5km이내대형병원수":1,
            "500m이내공원수":0,
            "3km이내혐오시설수":0,
            "초등학교학업성취도":87.95,
            "중학교학업성취도":78.0,
            "용적률":258,
            "건폐율":17,
            "Y":35.267423,
            "X":128.525438,
            "rank":42.0,
            "area_info":"24평(80.66), 28평(95.77), 33평(109.9), 33평(109.89), 39평(131.17), 47평(157.63), 61평(204.29)",
            "last_sales":"2022-01-08,20500.0,33평(109.9)"
        },
        {
            "index":50,
            "아파트명":"대동다숲(원계)",
            "투자타입":"일반",
            "전용면적(m2)":"77.6",
            "전용면적(평)":"23평",
            "법정동주소":"경상남도 창원시 마산회원구 내서읍 원계리 647",
            "도로명주소":"경상남도 창원시 마산회원구 광려천남로 267",
            "세대수":30,
            "입주년차":40,
            "용적률점수":"--",
            "건폐율점수":"--",
            "세대당주차수":0,
            "난방방식":30,
            "공급면적":"--",
            "전용률":"--",
            "욕실수":50,
            "현관타입":100,
            "주거총점":36.5,
            "지역구공급총점":0.0,
            "역세권":"NA",
            "30분내 이동가능 거점":"NA",
            "1시간내 이동가능 거점":"NA",
            "교통총점":"NA",
            "백화점":0,
            "아울렛몰":0,
            "대형마트":80,
            "은행":0,
            "병원":60,
            "종합병원":80,
            "공원":80,
            "혐오시설":0,
            "인프라총점":36.4,
            "초등학군":87.77,
            "중학군":52.32,
            "학군총점":59.41,
            "인구수":21.41,
            "인구증감":-15.26,
            "인구총점":10.409,
            "일자리":3.1,
            "소득수준":67.86,
            "일자리총점":22.528,
            "가치 총점":42.1875,
            "매매실거래년":20211221.0,
            "매매실거래가":23500.0,
            "전세실거래년":20211227.0,
            "전세실거래가":14000.0,
            "전세가율":92.11,
            "장기전세가율평균":75.61,
            "전세가율거품지수":-16.5,
            "검색코드":19226,
            "세대수":347.0,
            "준공년월":"2006-06-19",
            "준공년차":17.0,
            "가까운역이름":"NA",
            "가까운역거리":"NA",
            "역세권여부":"NA",
            "30분이내주요거점역":"NA",
            "1시간이내주요거점역":"NA",
            "3km이내백화점수":0,
            "5km이내아울렛몰수":0,
            "1km이내대형먀트수":1,
            "500m이내은행수":0,
            "500m이내병원수":19,
            "5km이내대형병원수":1,
            "500m이내공원수":1,
            "3km이내혐오시설수":0,
            "초등학교학업성취도":87.77,
            "중학교학업성취도":86.2,
            "용적률":249,
            "건폐율":23,
            "Y":35.229194,
            "X":128.506593,
            "rank":43.0,
            "area_info":"23평(77.6), 34평(113.54)",
            "last_sales":"2021-12-21,23500.0,34평(113.54)"
        },
        {
            "index":63,
            "아파트명":"동신1차",
            "투자타입":"일반",
            "전용면적(m2)":"107.62",
            "전용면적(평)":"32평",
            "법정동주소":"경상남도 창원시 마산회원구 내서읍 중리 1038",
            "도로명주소":"경상남도 창원시 마산회원구 중리상곡로 114",
            "세대수":50,
            "입주년차":0,
            "용적률점수":"--",
            "건폐율점수":"--",
            "세대당주차수":0,
            "난방방식":80,
            "공급면적":"--",
            "전용률":"--",
            "욕실수":100,
            "현관타입":100,
            "주거총점":45.5,
            "지역구공급총점":0.0,
            "역세권":"NA",
            "30분내 이동가능 거점":"NA",
            "1시간내 이동가능 거점":"NA",
            "교통총점":"NA",
            "백화점":0,
            "아울렛몰":0,
            "대형마트":80,
            "은행":0,
            "병원":0,
            "종합병원":80,
            "공원":100,
            "혐오시설":0,
            "인프라총점":31.0,
            "초등학군":82.53,
            "중학군":45.66,
            "학군총점":53.034,
            "인구수":21.41,
            "인구증감":-15.26,
            "인구총점":10.409,
            "일자리":3.1,
            "소득수준":67.86,
            "일자리총점":22.528,
            "가치 총점":41.5835,
            "매매실거래년":20220104.0,
            "매매실거래가":18000.0,
            "전세실거래년":20210420.0,
            "전세실거래가":12000.0,
            "전세가율":77.42,
            "장기전세가율평균":75.61,
            "전세가율거품지수":-1.81,
            "검색코드":15499,
            "세대수":509.0,
            "준공년월":"1994-06-29",
            "준공년차":29.0,
            "가까운역이름":"NA",
            "가까운역거리":"NA",
            "역세권여부":"NA",
            "30분이내주요거점역":"NA",
            "1시간이내주요거점역":"NA",
            "3km이내백화점수":0,
            "5km이내아울렛몰수":0,
            "1km이내대형먀트수":1,
            "500m이내은행수":0,
            "500m이내병원수":1,
            "5km이내대형병원수":1,
            "500m이내공원수":3,
            "3km이내혐오시설수":0,
            "초등학교학업성취도":82.53,
            "중학교학업성취도":76.1,
            "용적률":0,
            "건폐율":19,
            "Y":35.250141,
            "X":128.511305,
            "rank":44.0,
            "area_info":"32평(107.62), 38평(126.38), 41평(138.51)",
            "last_sales":"2022-01-04,18000.0,38평(126.38)"
        },
        {
            "index":172,
            "아파트명":"일우근주",
            "투자타입":"일반",
            "전용면적(m2)":"74.83",
            "전용면적(평)":"22평",
            "법정동주소":"경상남도 창원시 마산회원구 석전동 203-10",
            "도로명주소":"경상남도 창원시 마산회원구 석전북2길 64",
            "세대수":0,
            "입주년차":0,
            "용적률점수":"--",
            "건폐율점수":"--",
            "세대당주차수":0,
            "난방방식":30,
            "공급면적":"--",
            "전용률":"--",
            "욕실수":50,
            "현관타입":100,
            "주거총점":18.0,
            "지역구공급총점":0.0,
            "역세권":"NA",
            "30분내 이동가능 거점":"NA",
            "1시간내 이동가능 거점":"NA",
            "교통총점":"NA",
            "백화점":100,
            "아울렛몰":0,
            "대형마트":0,
            "은행":0,
            "병원":0,
            "종합병원":100,
            "공원":100,
            "혐오시설":0,
            "인프라총점":53.0,
            "초등학군":100.0,
            "중학군":45.06,
            "학군총점":56.048,
            "인구수":21.41,
            "인구증감":-15.26,
            "인구총점":10.409,
            "일자리":3.1,
            "소득수준":67.86,
            "일자리총점":22.528,
            "가치 총점":41.512,
            "매매실거래년":20211229.0,
            "매매실거래가":14000.0,
            "전세실거래년":20201017.0,
            "전세실거래가":8000.0,
            "전세가율":78.43,
            "장기전세가율평균":75.61,
            "전세가율거품지수":-2.82,
            "검색코드":6577,
            "세대수":269.0,
            "준공년월":"1994-12-28",
            "준공년차":29.0,
            "가까운역이름":"NA",
            "가까운역거리":"NA",
            "역세권여부":"NA",
            "30분이내주요거점역":"NA",
            "1시간이내주요거점역":"NA",
            "3km이내백화점수":1,
            "5km이내아울렛몰수":0,
            "1km이내대형먀트수":0,
            "500m이내은행수":0,
            "500m이내병원수":1,
            "5km이내대형병원수":3,
            "500m이내공원수":4,
            "3km이내혐오시설수":0,
            "초등학교학업성취도":100.0,
            "중학교학업성취도":72.5,
            "용적률":319,
            "건폐율":31,
            "Y":35.23237,
            "X":128.568795,
            "rank":45.0,
            "area_info":"22평(74.83), 31평(104.99), 31평(105.41), 43평(143.37)",
            "last_sales":"2021-12-29,14000.0,31평(105.41)"
        },
        {
            "index":57,
            "아파트명":"대동이미지2단지",
            "투자타입":"일반",
            "전용면적(m2)":"83.58",
            "전용면적(평)":"25평",
            "법정동주소":"경상남도 창원시 마산회원구 내서읍 삼계리 260",
            "도로명주소":"경상남도 창원시 마산회원구 광려로 29",
            "세대수":50,
            "입주년차":20,
            "용적률점수":"--",
            "건폐율점수":"--",
            "세대당주차수":100,
            "난방방식":30,
            "공급면적":"--",
            "전용률":"--",
            "욕실수":50,
            "현관타입":100,
            "주거총점":54.5,
            "지역구공급총점":0.0,
            "역세권":"NA",
            "30분내 이동가능 거점":"NA",
            "1시간내 이동가능 거점":"NA",
            "교통총점":"NA",
            "백화점":0,
            "아울렛몰":0,
            "대형마트":0,
            "은행":0,
            "병원":0,
            "종합병원":80,
            "공원":80,
            "혐오시설":0,
            "인프라총점":18.4,
            "초등학군":87.77,
            "중학군":52.68,
            "학군총점":59.698,
            "인구수":21.41,
            "인구증감":-15.26,
            "인구총점":10.409,
            "일자리":3.1,
            "소득수준":67.86,
            "일자리총점":22.528,
            "가치 총점":41.3595,
            "매매실거래년":20211208.0,
            "매매실거래가":14500.0,
            "전세실거래년":20210828.0,
            "전세실거래가":10500.0,
            "전세가율":82.03,
            "장기전세가율평균":75.61,
            "전세가율거품지수":-6.42,
            "검색코드":17367,
            "세대수":540.0,
            "준공년월":"2003-12-19",
            "준공년차":20.0,
            "가까운역이름":"NA",
            "가까운역거리":"NA",
            "역세권여부":"NA",
            "30분이내주요거점역":"NA",
            "1시간이내주요거점역":"NA",
            "3km이내백화점수":0,
            "5km이내아울렛몰수":0,
            "1km이내대형먀트수":0,
            "500m이내은행수":0,
            "500m이내병원수":1,
            "5km이내대형병원수":1,
            "500m이내공원수":1,
            "3km이내혐오시설수":0,
            "초등학교학업성취도":87.77,
            "중학교학업성취도":87.2,
            "용적률":234,
            "건폐율":17,
            "Y":35.223888,
            "X":128.503495,
            "rank":46.0,
            "area_info":"25평(83.58), 25평(84.18), 29평(99.08), 34평(112.71), 34평(113.41)",
            "last_sales":"2021-12-08,14500.0,25평(84.18)"
        },
        {
            "index":109,
            "아파트명":"숲속마을주공그린빌4단지",
            "투자타입":"일반",
            "전용면적(m2)":"63.4",
            "전용면적(평)":"19평",
            "법정동주소":"경상남도 창원시 마산회원구 내서읍 삼계리 506",
            "도로명주소":"경상남도 창원시 마산회원구 숲속로 8",
            "세대수":50,
            "입주년차":20,
            "용적률점수":"--",
            "건폐율점수":"--",
            "세대당주차수":0,
            "난방방식":30,
            "공급면적":"--",
            "전용률":"--",
            "욕실수":50,
            "현관타입":100,
            "주거총점":39.5,
            "지역구공급총점":0.0,
            "역세권":"NA",
            "30분내 이동가능 거점":"NA",
            "1시간내 이동가능 거점":"NA",
            "교통총점":"NA",
            "백화점":0,
            "아울렛몰":0,
            "대형마트":80,
            "은행":0,
            "병원":0,
            "종합병원":80,
            "공원":100,
            "혐오시설":0,
            "인프라총점":31.0,
            "초등학군":87.88,
            "중학군":52.32,
            "학군총점":59.432,
            "인구수":21.41,
            "인구증감":-15.26,
            "인구총점":10.409,
            "일자리":3.1,
            "소득수준":67.86,
            "일자리총점":22.528,
            "가치 총점":41.083,
            "매매실거래년":20211109.0,
            "매매실거래가":20800.0,
            "전세실거래년":null,
            "전세실거래가":null,
            "전세가율":null,
            "장기전세가율평균":75.61,
            "전세가율거품지수":null,
            "검색코드":15530,
            "세대수":444.0,
            "준공년월":"2002-11-14",
            "준공년차":21.0,
            "가까운역이름":"NA",
            "가까운역거리":"NA",
            "역세권여부":"NA",
            "30분이내주요거점역":"NA",
            "1시간이내주요거점역":"NA",
            "3km이내백화점수":0,
            "5km이내아울렛몰수":0,
            "1km이내대형먀트수":1,
            "500m이내은행수":0,
            "500m이내병원수":0,
            "5km이내대형병원수":1,
            "500m이내공원수":3,
            "3km이내혐오시설수":0,
            "초등학교학업성취도":87.88,
            "중학교학업성취도":86.2,
            "용적률":198,
            "건폐율":18,
            "Y":35.231102,
            "X":128.496387,
            "rank":47.0,
            "area_info":"19평(63.4), 23평(76.8), 29평(98.3), 33평(109.57)",
            "last_sales":"2021-11-09,20800.0,33평(109.57)"
        },
        {
            "index":176,
            "아파트명":"일우맨션",
            "투자타입":"재건축",
            "전용면적(m2)":"97.51",
            "전용면적(평)":"29평",
            "법정동주소":"경상남도 창원시 마산회원구 석전동 146-14",
            "도로명주소":"경상남도 창원시 마산회원구 석전남23길 6",
            "세대수":0,
            "입주년차":"--",
            "용적률점수":0,
            "건폐율점수":0,
            "세대당주차수":"--",
            "난방방식":"--",
            "공급면적":70,
            "전용률":80,
            "욕실수":"--",
            "현관타입":"--",
            "주거총점":7.5,
            "지역구공급총점":0.0,
            "역세권":"NA",
            "30분내 이동가능 거점":"NA",
            "1시간내 이동가능 거점":"NA",
            "교통총점":"NA",
            "백화점":100,
            "아울렛몰":0,
            "대형마트":0,
            "은행":0,
            "병원":30,
            "종합병원":100,
            "공원":100,
            "혐오시설":0,
            "인프라총점":56.0,
            "초등학군":100.0,
            "중학군":51.8,
            "학군총점":61.44,
            "인구수":21.41,
            "인구증감":-15.26,
            "인구총점":10.409,
            "일자리":3.1,
            "소득수준":67.86,
            "일자리총점":22.528,
            "가치 총점":40.385,
            "매매실거래년":20211230.0,
            "매매실거래가":13350.0,
            "전세실거래년":20200717.0,
            "전세실거래가":7000.0,
            "전세가율":79.55,
            "장기전세가율평균":75.61,
            "전세가율거품지수":-3.94,
            "검색코드":6576,
            "세대수":148.0,
            "준공년월":"1991-09-05",
            "준공년차":32.0,
            "가까운역이름":"NA",
            "가까운역거리":"NA",
            "역세권여부":"NA",
            "30분이내주요거점역":"NA",
            "1시간이내주요거점역":"NA",
            "3km이내백화점수":2,
            "5km이내아울렛몰수":0,
            "1km이내대형먀트수":0,
            "500m이내은행수":0,
            "500m이내병원수":5,
            "5km이내대형병원수":4,
            "500m이내공원수":7,
            "3km이내혐오시설수":0,
            "초등학교학업성취도":100.0,
            "중학교학업성취도":85.2,
            "용적률":0,
            "건폐율":0,
            "Y":35.226815,
            "X":128.57114,
            "rank":48.0,
            "area_info":"29평(97.51), 31평(102.77)",
            "last_sales":"2021-12-30,13350.0,31평(102.77)"
        },
        {
            "index":148,
            "아파트명":"한일유앤아이오르젠",
            "투자타입":"일반",
            "전용면적(m2)":"109.77",
            "전용면적(평)":"33평",
            "법정동주소":"경상남도 창원시 마산회원구 내서읍 원계리 832-49",
            "도로명주소":"경상남도 창원시 마산회원구 광려천남로 245",
            "세대수":0,
            "입주년차":40,
            "용적률점수":"--",
            "건폐율점수":"--",
            "세대당주차수":0,
            "난방방식":30,
            "공급면적":"--",
            "전용률":"--",
            "욕실수":100,
            "현관타입":100,
            "주거총점":31.0,
            "지역구공급총점":0.0,
            "역세권":"NA",
            "30분내 이동가능 거점":"NA",
            "1시간내 이동가능 거점":"NA",
            "교통총점":"NA",
            "백화점":0,
            "아울렛몰":0,
            "대형마트":80,
            "은행":0,
            "병원":60,
            "종합병원":80,
            "공원":80,
            "혐오시설":0,
            "인프라총점":36.4,
            "초등학군":87.77,
            "중학군":52.32,
            "학군총점":59.41,
            "인구수":21.41,
            "인구증감":-15.26,
            "인구총점":10.409,
            "일자리":3.1,
            "소득수준":67.86,
            "일자리총점":22.528,
            "가치 총점":40.2625,
            "매매실거래년":20211021.0,
            "매매실거래가":20000.0,
            "전세실거래년":20210224.0,
            "전세실거래가":16000.0,
            "전세가율":80.0,
            "장기전세가율평균":75.61,
            "전세가율거품지수":-4.39,
            "검색코드":19227,
            "세대수":212.0,
            "준공년월":"2005-07-06",
            "준공년차":18.0,
            "가까운역이름":"NA",
            "가까운역거리":"NA",
            "역세권여부":"NA",
            "30분이내주요거점역":"NA",
            "1시간이내주요거점역":"NA",
            "3km이내백화점수":0,
            "5km이내아울렛몰수":0,
            "1km이내대형먀트수":1,
            "500m이내은행수":0,
            "500m이내병원수":26,
            "5km이내대형병원수":1,
            "500m이내공원수":1,
            "3km이내혐오시설수":0,
            "초등학교학업성취도":87.77,
            "중학교학업성취도":86.2,
            "용적률":284,
            "건폐율":19,
            "Y":35.231971,
            "X":128.506379,
            "rank":49.0,
            "area_info":"33평(109.77), 33평(109.77)",
            "last_sales":"2021-10-21,20000.0,33평(109.77)"
        },
        {
            "index":97,
            "아파트명":"성우",
            "투자타입":"일반",
            "전용면적(m2)":"86.17",
            "전용면적(평)":"26평",
            "법정동주소":"경상남도 창원시 마산회원구 내서읍 호계리 352",
            "도로명주소":"경상남도 창원시 마산회원구 광려천북로 58",
            "세대수":30,
            "입주년차":40,
            "용적률점수":"--",
            "건폐율점수":"--",
            "세대당주차수":30,
            "난방방식":30,
            "공급면적":"--",
            "전용률":"--",
            "욕실수":50,
            "현관타입":100,
            "주거총점":41.0,
            "지역구공급총점":0.0,
            "역세권":"NA",
            "30분내 이동가능 거점":"NA",
            "1시간내 이동가능 거점":"NA",
            "교통총점":"NA",
            "백화점":0,
            "아울렛몰":0,
            "대형마트":80,
            "은행":0,
            "병원":0,
            "종합병원":80,
            "공원":0,
            "혐오시설":0,
            "인프라총점":28.0,
            "초등학군":89.3,
            "중학군":47.72,
            "학군총점":56.036,
            "인구수":21.41,
            "인구증감":-15.26,
            "인구총점":10.409,
            "일자리":3.1,
            "소득수준":67.86,
            "일자리총점":22.528,
            "가치 총점":39.559,
            "매매실거래년":20211210.0,
            "매매실거래가":18000.0,
            "전세실거래년":20210226.0,
            "전세실거래가":11000.0,
            "전세가율":78.57,
            "장기전세가율평균":75.61,
            "전세가율거품지수":-2.96,
            "검색코드":100989,
            "세대수":330.0,
            "준공년월":"2004-06-30",
            "준공년차":19.0,
            "가까운역이름":"NA",
            "가까운역거리":"NA",
            "역세권여부":"NA",
            "30분이내주요거점역":"NA",
            "1시간이내주요거점역":"NA",
            "3km이내백화점수":0,
            "5km이내아울렛몰수":0,
            "1km이내대형먀트수":1,
            "500m이내은행수":1,
            "500m이내병원수":1,
            "5km이내대형병원수":1,
            "500m이내공원수":0,
            "3km이내혐오시설수":0,
            "초등학교학업성취도":89.3,
            "중학교학업성취도":78.0,
            "용적률":296,
            "건폐율":20,
            "Y":35.255552,
            "X":128.519087,
            "rank":50.0,
            "area_info":"26평(86.17), 32평(106.26)",
            "last_sales":"2021-12-10,18000.0,32평(106.26)"
        },
        {
            "index":147,
            "아파트명":"한우리2차",
            "투자타입":"일반",
            "전용면적(m2)":"72.13",
            "전용면적(평)":"21평",
            "법정동주소":"경상남도 창원시 마산회원구 내서읍 삼계리 42",
            "도로명주소":"경상남도 창원시 마산회원구 삼계1길 18",
            "세대수":30,
            "입주년차":20,
            "용적률점수":"--",
            "건폐율점수":"--",
            "세대당주차수":0,
            "난방방식":30,
            "공급면적":"--",
            "전용률":"--",
            "욕실수":50,
            "현관타입":100,
            "주거총점":32.5,
            "지역구공급총점":0.0,
            "역세권":"NA",
            "30분내 이동가능 거점":"NA",
            "1시간내 이동가능 거점":"NA",
            "교통총점":"NA",
            "백화점":0,
            "아울렛몰":0,
            "대형마트":80,
            "은행":0,
            "병원":10,
            "종합병원":80,
            "공원":80,
            "혐오시설":0,
            "인프라총점":31.4,
            "초등학군":87.77,
            "중학군":52.32,
            "학군총점":59.41,
            "인구수":21.41,
            "인구증감":-15.26,
            "인구총점":10.409,
            "일자리":3.1,
            "소득수준":67.86,
            "일자리총점":22.528,
            "가치 총점":38.7875,
            "매매실거래년":20211224.0,
            "매매실거래가":11700.0,
            "전세실거래년":20211201.0,
            "전세실거래가":10500.0,
            "전세가율":89.74,
            "장기전세가율평균":75.61,
            "전세가율거품지수":-14.13,
            "검색코드":6518,
            "세대수":314.0,
            "준공년월":"2001-06-30",
            "준공년차":22.0,
            "가까운역이름":"NA",
            "가까운역거리":"NA",
            "역세권여부":"NA",
            "30분이내주요거점역":"NA",
            "1시간이내주요거점역":"NA",
            "3km이내백화점수":0,
            "5km이내아울렛몰수":0,
            "1km이내대형먀트수":1,
            "500m이내은행수":0,
            "500m이내병원수":2,
            "5km이내대형병원수":1,
            "500m이내공원수":1,
            "3km이내혐오시설수":0,
            "초등학교학업성취도":87.77,
            "중학교학업성취도":86.2,
            "용적률":244,
            "건폐율":23,
            "Y":35.227104,
            "X":128.504009,
            "rank":51.0,
            "area_info":"21평(72.13)",
            "last_sales":"2021-12-24,11700.0,21평(72.13)"
        },
        {
            "index":284,
            "아파트명":"대림파크",
            "투자타입":"재건축",
            "전용면적(m2)":"62.85",
            "전용면적(평)":"19평",
            "법정동주소":"경상남도 창원시 마산회원구 회원동 355-13",
            "도로명주소":"경상남도 창원시 마산회원구 회원남로 78",
            "세대수":0,
            "입주년차":"--",
            "용적률점수":0,
            "건폐율점수":0,
            "세대당주차수":"--",
            "난방방식":"--",
            "공급면적":50,
            "전용률":60,
            "욕실수":"--",
            "현관타입":"--",
            "주거총점":5.5,
            "지역구공급총점":0.0,
            "역세권":"NA",
            "30분내 이동가능 거점":"NA",
            "1시간내 이동가능 거점":"NA",
            "교통총점":"NA",
            "백화점":100,
            "아울렛몰":0,
            "대형마트":0,
            "은행":0,
            "병원":60,
            "종합병원":100,
            "공원":100,
            "혐오시설":0,
            "인프라총점":59.0,
            "초등학군":100.0,
            "중학군":40.38,
            "학군총점":52.304,
            "인구수":21.41,
            "인구증감":-15.26,
            "인구총점":10.409,
            "일자리":3.1,
            "소득수준":67.86,
            "일자리총점":22.528,
            "가치 총점":38.601,
            "매매실거래년":20200703.0,
            "매매실거래가":22900.0,
            "전세실거래년":20131017.0,
            "전세실거래가":5000.0,
            "전세가율":54.25,
            "장기전세가율평균":75.61,
            "전세가율거품지수":21.36,
            "검색코드":15563,
            "세대수":150.0,
            "준공년월":"1987-12-12",
            "준공년차":36.0,
            "가까운역이름":"NA",
            "가까운역거리":"NA",
            "역세권여부":"NA",
            "30분이내주요거점역":"NA",
            "1시간이내주요거점역":"NA",
            "3km이내백화점수":2,
            "5km이내아울렛몰수":0,
            "1km이내대형먀트수":0,
            "500m이내은행수":1,
            "500m이내병원수":25,
            "5km이내대형병원수":4,
            "500m이내공원수":8,
            "3km이내혐오시설수":0,
            "초등학교학업성취도":100.0,
            "중학교학업성취도":65.9,
            "용적률":0,
            "건폐율":0,
            "Y":35.218577,
            "X":128.569006,
            "rank":52.0,
            "area_info":"19평(62.85), 31평(104.44), 48평(161.88)",
            "last_sales":"2020-07-03,22900.0,48평(161.88)"
        },
        {
            "index":66,
            "아파트명":"동신2차",
            "투자타입":"일반",
            "전용면적(m2)":"76.15",
            "전용면적(평)":"23평",
            "법정동주소":"경상남도 창원시 마산회원구 내서읍 중리 1036",
            "도로명주소":"경상남도 창원시 마산회원구 중리상곡로 134",
            "세대수":50,
            "입주년차":0,
            "용적률점수":"--",
            "건폐율점수":"--",
            "세대당주차수":0,
            "난방방식":30,
            "공급면적":"--",
            "전용률":"--",
            "욕실수":50,
            "현관타입":100,
            "주거총점":35.5,
            "지역구공급총점":0.0,
            "역세권":"NA",
            "30분내 이동가능 거점":"NA",
            "1시간내 이동가능 거점":"NA",
            "교통총점":"NA",
            "백화점":0,
            "아울렛몰":0,
            "대형마트":80,
            "은행":0,
            "병원":0,
            "종합병원":80,
            "공원":100,
            "혐오시설":0,
            "인프라총점":31.0,
            "초등학군":89.3,
            "중학군":45.66,
            "학군총점":54.388,
            "인구수":21.41,
            "인구증감":-15.26,
            "인구총점":10.409,
            "일자리":3.1,
            "소득수준":67.86,
            "일자리총점":22.528,
            "가치 총점":38.422,
            "매매실거래년":20211229.0,
            "매매실거래가":15000.0,
            "전세실거래년":20200728.0,
            "전세실거래가":6000.0,
            "전세가율":50.0,
            "장기전세가율평균":75.61,
            "전세가율거품지수":25.61,
            "검색코드":15500,
            "세대수":570.0,
            "준공년월":"1996-03-20",
            "준공년차":27.0,
            "가까운역이름":"NA",
            "가까운역거리":"NA",
            "역세권여부":"NA",
            "30분이내주요거점역":"NA",
            "1시간이내주요거점역":"NA",
            "3km이내백화점수":0,
            "5km이내아울렛몰수":0,
            "1km이내대형먀트수":1,
            "500m이내은행수":0,
            "500m이내병원수":1,
            "5km이내대형병원수":1,
            "500m이내공원수":2,
            "3km이내혐오시설수":0,
            "초등학교학업성취도":89.3,
            "중학교학업성취도":76.1,
            "용적률":230,
            "건폐율":20,
            "Y":35.251417,
            "X":128.512148,
            "rank":53.0,
            "area_info":"23평(76.15), 28평(95.81), 31평(104.6)",
            "last_sales":"2021-12-29,15000.0,31평(104.6)"
        },
        {
            "index":118,
            "아파트명":"중리서광2차",
            "투자타입":"재건축",
            "전용면적(m2)":"79.07",
            "전용면적(평)":"23평",
            "법정동주소":"경상남도 창원시 마산회원구 내서읍 호계리 348",
            "도로명주소":"경상남도 창원시 마산회원구 호계안길 91",
            "세대수":50,
            "입주년차":"--",
            "용적률점수":0,
            "건폐율점수":60,
            "세대당주차수":"--",
            "난방방식":"--",
            "공급면적":50,
            "전용률":60,
            "욕실수":"--",
            "현관타입":"--",
            "주거총점":32.5,
            "지역구공급총점":0.0,
            "역세권":"NA",
            "30분내 이동가능 거점":"NA",
            "1시간내 이동가능 거점":"NA",
            "교통총점":"NA",
            "백화점":0,
            "아울렛몰":0,
            "대형마트":80,
            "은행":0,
            "병원":30,
            "종합병원":80,
            "공원":0,
            "혐오시설":0,
            "인프라총점":31.0,
            "초등학군":89.3,
            "중학군":47.72,
            "학군총점":56.036,
            "인구수":21.41,
            "인구증감":-15.26,
            "인구총점":10.409,
            "일자리":3.1,
            "소득수준":67.86,
            "일자리총점":22.528,
            "가치 총점":37.784,
            "매매실거래년":20211207.0,
            "매매실거래가":10300.0,
            "전세실거래년":20210204.0,
            "전세실거래가":5500.0,
            "전세가율":78.57,
            "장기전세가율평균":75.61,
            "전세가율거품지수":-2.96,
            "검색코드":15527,
            "세대수":452.0,
            "준공년월":"1992-11-27",
            "준공년차":31.0,
            "가까운역이름":"NA",
            "가까운역거리":"NA",
            "역세권여부":"NA",
            "30분이내주요거점역":"NA",
            "1시간이내주요거점역":"NA",
            "3km이내백화점수":0,
            "5km이내아울렛몰수":0,
            "1km이내대형먀트수":1,
            "500m이내은행수":1,
            "500m이내병원수":8,
            "5km이내대형병원수":1,
            "500m이내공원수":0,
            "3km이내혐오시설수":0,
            "초등학교학업성취도":89.3,
            "중학교학업성취도":78.0,
            "용적률":373,
            "건폐율":31,
            "Y":35.257513,
            "X":128.520187,
            "rank":54.0,
            "area_info":"23평(79.07), 25평(84.48), 25평(84.51), 29평(96.54), 29평(96.99), 30평(100.23), 30평(100.66), 30평(100.56)",
            "last_sales":"2021-12-07,10300.0,30평(100.23)"
        },
        {
            "index":8,
            "아파트명":"구암대동타운",
            "투자타입":"일반",
            "전용면적(m2)":"78.53",
            "전용면적(평)":"23평",
            "법정동주소":"경상남도 창원시 마산회원구 구암동 87",
            "도로명주소":"경상남도 창원시 마산회원구 구암남16길 54",
            "세대수":80,
            "입주년차":0,
            "용적률점수":"--",
            "건폐율점수":"--",
            "세대당주차수":0,
            "난방방식":30,
            "공급면적":"--",
            "전용률":"--",
            "욕실수":50,
            "현관타입":100,
            "주거총점":46.0,
            "지역구공급총점":0.0,
            "역세권":"NA",
            "30분내 이동가능 거점":"NA",
            "1시간내 이동가능 거점":"NA",
            "교통총점":"NA",
            "백화점":0,
            "아울렛몰":0,
            "대형마트":0,
            "은행":0,
            "병원":0,
            "종합병원":100,
            "공원":100,
            "혐오시설":0,
            "인프라총점":23.0,
            "초등학군":85.56,
            "중학군":37.62,
            "학군총점":47.208,
            "인구수":21.41,
            "인구증감":-15.26,
            "인구총점":10.409,
            "일자리":3.1,
            "소득수준":67.86,
            "일자리총점":22.528,
            "가치 총점":37.102,
            "매매실거래년":20211206.0,
            "매매실거래가":20000.0,
            "전세실거래년":20210723.0,
            "전세실거래가":10000.0,
            "전세가율":67.57,
            "장기전세가율평균":75.61,
            "전세가율거품지수":8.04,
            "검색코드":6477,
            "세대수":862.0,
            "준공년월":"1998-01-05",
            "준공년차":25.0,
            "가까운역이름":"NA",
            "가까운역거리":"NA",
            "역세권여부":"NA",
            "30분이내주요거점역":"NA",
            "1시간이내주요거점역":"NA",
            "3km이내백화점수":0,
            "5km이내아울렛몰수":0,
            "1km이내대형먀트수":0,
            "500m이내은행수":1,
            "500m이내병원수":1,
            "5km이내대형병원수":2,
            "500m이내공원수":2,
            "3km이내혐오시설수":0,
            "초등학교학업성취도":85.56,
            "중학교학업성취도":62.7,
            "용적률":338,
            "건폐율":33,
            "Y":35.249642,
            "X":128.600343,
            "rank":55.0,
            "area_info":"23평(78.53), 23평(78.46), 24평(79.66), 32평(106.85)",
            "last_sales":"2021-12-06,20000.0,32평(106.85)"
        },
        {
            "index":16,
            "아파트명":"중앙하이츠(구암메트로하이츠)",
            "투자타입":"일반",
            "전용면적(m2)":"108.69",
            "전용면적(평)":"32평",
            "법정동주소":"경상남도 창원시 마산회원구 구암동 51-1",
            "도로명주소":"경상남도 창원시 마산회원구 팔용로 215",
            "세대수":0,
            "입주년차":40,
            "용적률점수":"--",
            "건폐율점수":"--",
            "세대당주차수":30,
            "난방방식":30,
            "공급면적":"--",
            "전용률":"--",
            "욕실수":100,
            "현관타입":100,
            "주거총점":35.5,
            "지역구공급총점":0.0,
            "역세권":"NA",
            "30분내 이동가능 거점":"NA",
            "1시간내 이동가능 거점":"NA",
            "교통총점":"NA",
            "백화점":0,
            "아울렛몰":0,
            "대형마트":0,
            "은행":0,
            "병원":30,
            "종합병원":100,
            "공원":80,
            "혐오시설":0,
            "인프라총점":25.4,
            "초등학군":88.44,
            "중학군":48.66,
            "학군총점":56.616,
            "인구수":21.41,
            "인구증감":-15.26,
            "인구총점":10.409,
            "일자리":3.1,
            "소득수준":67.86,
            "일자리총점":22.528,
            "가치 총점":36.739,
            "매매실거래년":20211217.0,
            "매매실거래가":28500.0,
            "전세실거래년":20200228.0,
            "전세실거래가":19000.0,
            "전세가율":66.67,
            "장기전세가율평균":75.61,
            "전세가율거품지수":8.94,
            "검색코드":105147,
            "세대수":266.0,
            "준공년월":"2006-09-22",
            "준공년차":17.0,
            "가까운역이름":"NA",
            "가까운역거리":"NA",
            "역세권여부":"NA",
            "30분이내주요거점역":"NA",
            "1시간이내주요거점역":"NA",
            "3km이내백화점수":0,
            "5km이내아울렛몰수":0,
            "1km이내대형먀트수":0,
            "500m이내은행수":0,
            "500m이내병원수":5,
            "5km이내대형병원수":2,
            "500m이내공원수":1,
            "3km이내혐오시설수":0,
            "초등학교학업성취도":88.44,
            "중학교학업성취도":77.9,
            "용적률":249,
            "건폐율":22,
            "Y":35.247389,
            "X":128.594722,
            "rank":56.0,
            "area_info":"32평(108.69), 42평(139.91)",
            "last_sales":"2021-12-17,28500.0,32평(108.69)"
        },
        {
            "index":71,
            "아파트명":"삼계블루힐스",
            "투자타입":"일반",
            "전용면적(m2)":"83.06",
            "전용면적(평)":"25평",
            "법정동주소":"경상남도 창원시 마산회원구 내서읍 삼계리 304",
            "도로명주소":"경상남도 창원시 마산회원구 광려로 55",
            "세대수":0,
            "입주년차":80,
            "용적률점수":"--",
            "건폐율점수":"--",
            "세대당주차수":30,
            "난방방식":30,
            "공급면적":"--",
            "전용률":"--",
            "욕실수":100,
            "현관타입":100,
            "주거총점":43.5,
            "지역구공급총점":0.0,
            "역세권":"NA",
            "30분내 이동가능 거점":"NA",
            "1시간내 이동가능 거점":"NA",
            "교통총점":"NA",
            "백화점":0,
            "아울렛몰":0,
            "대형마트":0,
            "은행":0,
            "병원":0,
            "종합병원":80,
            "공원":0,
            "혐오시설":0,
            "인프라총점":16.0,
            "초등학군":88.06,
            "중학군":52.68,
            "학군총점":59.756,
            "인구수":21.41,
            "인구증감":-15.26,
            "인구총점":10.409,
            "일자리":3.1,
            "소득수준":67.86,
            "일자리총점":22.528,
            "가치 총점":36.564,
            "매매실거래년":20211113.0,
            "매매실거래가":19200.0,
            "전세실거래년":20200215.0,
            "전세실거래가":14000.0,
            "전세가율":72.92,
            "장기전세가율평균":75.61,
            "전세가율거품지수":2.69,
            "검색코드":107709,
            "세대수":223.0,
            "준공년월":"2015-09-18",
            "준공년차":8.0,
            "가까운역이름":"NA",
            "가까운역거리":"NA",
            "역세권여부":"NA",
            "30분이내주요거점역":"NA",
            "1시간이내주요거점역":"NA",
            "3km이내백화점수":0,
            "5km이내아울렛몰수":0,
            "1km이내대형먀트수":0,
            "500m이내은행수":0,
            "500m이내병원수":1,
            "5km이내대형병원수":1,
            "500m이내공원수":0,
            "3km이내혐오시설수":0,
            "초등학교학업성취도":88.06,
            "중학교학업성취도":87.2,
            "용적률":249,
            "건폐율":22,
            "Y":35.222268,
            "X":128.503067,
            "rank":57.0,
            "area_info":"25평(83.06), 29평(98.73), 32평(108.98)",
            "last_sales":"2021-11-13,19200.0,25평(83.06)"
        },
        {
            "index":162,
            "아파트명":"82봉암",
            "투자타입":"재건축",
            "전용면적(m2)":"34.02",
            "전용면적(평)":"10평",
            "법정동주소":"경상남도 창원시 마산회원구 봉암동 194",
            "도로명주소":"경상남도 창원시 마산회원구 무역로 271",
            "세대수":0,
            "입주년차":"--",
            "용적률점수":0,
            "건폐율점수":0,
            "세대당주차수":"--",
            "난방방식":"--",
            "공급면적":50,
            "전용률":100,
            "욕실수":"--",
            "현관타입":"--",
            "주거총점":7.5,
            "지역구공급총점":0.0,
            "역세권":"NA",
            "30분내 이동가능 거점":"NA",
            "1시간내 이동가능 거점":"NA",
            "교통총점":"NA",
            "백화점":100,
            "아울렛몰":0,
            "대형마트":0,
            "은행":0,
            "병원":0,
            "종합병원":100,
            "공원":0,
            "혐오시설":0,
            "인프라총점":50.0,
            "초등학군":87.29,
            "중학군":47.02,
            "학군총점":55.074,
            "인구수":21.41,
            "인구증감":-15.26,
            "인구총점":10.409,
            "일자리":3.1,
            "소득수준":67.86,
            "일자리총점":22.528,
            "가치 총점":36.3935,
            "매매실거래년":"18000101",
            "매매실거래가":null,
            "전세실거래년":null,
            "전세실거래가":null,
            "전세가율":null,
            "장기전세가율평균":75.61,
            "전세가율거품지수":null,
            "검색코드":15541,
            "세대수":129.0,
            "준공년월":"1982-10-21",
            "준공년차":41.0,
            "가까운역이름":"NA",
            "가까운역거리":"NA",
            "역세권여부":"NA",
            "30분이내주요거점역":"NA",
            "1시간이내주요거점역":"NA",
            "3km이내백화점수":1,
            "5km이내아울렛몰수":0,
            "1km이내대형먀트수":0,
            "500m이내은행수":0,
            "500m이내병원수":0,
            "5km이내대형병원수":4,
            "500m이내공원수":0,
            "3km이내혐오시설수":0,
            "초등학교학업성취도":87.29,
            "중학교학업성취도":77.7,
            "용적률":0,
            "건폐율":0,
            "Y":35.213385,
            "X":128.616551,
            "rank":58.0,
            "area_info":"10평(34.02), 13평(46.07), 15평(52.15), 17평(59.31)",
            "last_sales":"1800-01-01,nan,10평(34.02)"
        },
        {
            "index":33,
            "아파트명":"국제한마음타운",
            "투자타입":"재건축",
            "전용면적(m2)":"71.62",
            "전용면적(평)":"21평",
            "법정동주소":"경상남도 창원시 마산회원구 내서읍 호계리 790-23",
            "도로명주소":"경상남도 창원시 마산회원구 호계본동로 38",
            "세대수":50,
            "입주년차":"--",
            "용적률점수":0,
            "건폐율점수":80,
            "세대당주차수":"--",
            "난방방식":"--",
            "공급면적":50,
            "전용률":80,
            "욕실수":"--",
            "현관타입":"--",
            "주거총점":37.5,
            "지역구공급총점":0.0,
            "역세권":"NA",
            "30분내 이동가능 거점":"NA",
            "1시간내 이동가능 거점":"NA",
            "교통총점":"NA",
            "백화점":0,
            "아울렛몰":0,
            "대형마트":0,
            "은행":0,
            "병원":60,
            "종합병원":80,
            "공원":0,
            "혐오시설":0,
            "인프라총점":22.0,
            "초등학군":87.95,
            "중학군":47.72,
            "학군총점":55.766,
            "인구수":21.41,
            "인구증감":-15.26,
            "인구총점":10.409,
            "일자리":3.1,
            "소득수준":67.86,
            "일자리총점":22.528,
            "가치 총점":35.8665,
            "매매실거래년":20210802.0,
            "매매실거래가":10300.0,
            "전세실거래년":20190424.0,
            "전세실거래가":7000.0,
            "전세가율":100.0,
            "장기전세가율평균":75.61,
            "전세가율거품지수":-24.39,
            "검색코드":15496,
            "세대수":493.0,
            "준공년월":"1992-11-02",
            "준공년차":31.0,
            "가까운역이름":"NA",
            "가까운역거리":"NA",
            "역세권여부":"NA",
            "30분이내주요거점역":"NA",
            "1시간이내주요거점역":"NA",
            "3km이내백화점수":0,
            "5km이내아울렛몰수":0,
            "1km이내대형먀트수":0,
            "500m이내은행수":1,
            "500m이내병원수":10,
            "5km이내대형병원수":1,
            "500m이내공원수":0,
            "3km이내혐오시설수":0,
            "초등학교학업성취도":87.95,
            "중학교학업성취도":78.0,
            "용적률":316,
            "건폐율":29,
            "Y":35.264285,
            "X":128.521747,
            "rank":59.0,
            "area_info":"21평(71.62), 21평(71.37), 22평(74.53), 22평(75.19), 24평(81.7), 28평(95.28), 30평(102.06)",
            "last_sales":"2021-08-02,10300.0,30평(102.06)"
        },
        {
            "index":0,
            "아파트명":"경남(1335)",
            "투자타입":"재건축",
            "전용면적(m2)":"54.05",
            "전용면적(평)":"16평",
            "법정동주소":"경상남도 창원시 마산회원구 구암동 1335",
            "도로명주소":"경상남도 창원시 마산회원구 소계천서길 49",
            "세대수":0,
            "입주년차":"--",
            "용적률점수":80,
            "건폐율점수":0,
            "세대당주차수":"--",
            "난방방식":"--",
            "공급면적":50,
            "전용률":80,
            "욕실수":"--",
            "현관타입":"--",
            "주거총점":38.5,
            "지역구공급총점":0.0,
            "역세권":"NA",
            "30분내 이동가능 거점":"NA",
            "1시간내 이동가능 거점":"NA",
            "교통총점":"NA",
            "백화점":0,
            "아울렛몰":0,
            "대형마트":0,
            "은행":0,
            "병원":30,
            "종합병원":100,
            "공원":100,
            "혐오시설":0,
            "인프라총점":26.0,
            "초등학군":86.05,
            "중학군":37.62,
            "학군총점":47.306,
            "인구수":21.41,
            "인구증감":-15.26,
            "인구총점":10.409,
            "일자리":3.1,
            "소득수준":67.86,
            "일자리총점":22.528,
            "가치 총점":35.7015,
            "매매실거래년":20220113.0,
            "매매실거래가":12700.0,
            "전세실거래년":20211017.0,
            "전세실거래가":8300.0,
            "전세가율":65.35,
            "장기전세가율평균":75.61,
            "전세가율거품지수":10.26,
            "검색코드":6475,
            "세대수":220.0,
            "준공년월":"1985-12-13",
            "준공년차":38.0,
            "가까운역이름":"NA",
            "가까운역거리":"NA",
            "역세권여부":"NA",
            "30분이내주요거점역":"NA",
            "1시간이내주요거점역":"NA",
            "3km이내백화점수":0,
            "5km이내아울렛몰수":0,
            "1km이내대형먀트수":0,
            "500m이내은행수":1,
            "500m이내병원수":5,
            "5km이내대형병원수":2,
            "500m이내공원수":5,
            "3km이내혐오시설수":0,
            "초등학교학업성취도":86.05,
            "중학교학업성취도":62.7,
            "용적률":157,
            "건폐율":0,
            "Y":35.257339,
            "X":128.596927,
            "rank":60.0,
            "area_info":"16평(54.05), 16평(54.99), 17평(57.85), 17평(58.26)",
            "last_sales":"2022-01-13,12700.0,16평(54.05)"
        },
        {
            "index":74,
            "아파트명":"삼계위드필타운하우스",
            "투자타입":"일반",
            "전용면적(m2)":"89.96",
            "전용면적(평)":"27평",
            "법정동주소":"경상남도 창원시 마산회원구 내서읍 삼계리 341-15",
            "도로명주소":"경상남도 창원시 마산회원구 광려로 78-51",
            "세대수":0,
            "입주년차":80,
            "용적률점수":"--",
            "건폐율점수":"--",
            "세대당주차수":0,
            "난방방식":30,
            "공급면적":"--",
            "전용률":"--",
            "욕실수":100,
            "현관타입":100,
            "주거총점":39.0,
            "지역구공급총점":0.0,
            "역세권":"NA",
            "30분내 이동가능 거점":"NA",
            "1시간내 이동가능 거점":"NA",
            "교통총점":"NA",
            "백화점":0,
            "아울렛몰":0,
            "대형마트":0,
            "은행":0,
            "병원":0,
            "종합병원":80,
            "공원":0,
            "혐오시설":0,
            "인프라총점":16.0,
            "초등학군":88.06,
            "중학군":52.68,
            "학군총점":59.756,
            "인구수":21.41,
            "인구증감":-15.26,
            "인구총점":10.409,
            "일자리":3.1,
            "소득수준":67.86,
            "일자리총점":22.528,
            "가치 총점":34.989,
            "매매실거래년":"18000101",
            "매매실거래가":null,
            "전세실거래년":null,
            "전세실거래가":null,
            "전세가율":null,
            "장기전세가율평균":75.61,
            "전세가율거품지수":null,
            "검색코드":114049,
            "세대수":112.0,
            "준공년월":"2015-09-01",
            "준공년차":8.0,
            "가까운역이름":"NA",
            "가까운역거리":"NA",
            "역세권여부":"NA",
            "30분이내주요거점역":"NA",
            "1시간이내주요거점역":"NA",
            "3km이내백화점수":0,
            "5km이내아울렛몰수":0,
            "1km이내대형먀트수":0,
            "500m이내은행수":0,
            "500m이내병원수":1,
            "5km이내대형병원수":1,
            "500m이내공원수":0,
            "3km이내혐오시설수":0,
            "초등학교학업성취도":88.06,
            "중학교학업성취도":87.2,
            "용적률":0,
            "건폐율":0,
            "Y":35.220404,
            "X":128.500365,
            "rank":61.0,
            "area_info":"27평(89.96), 27평(89.96), 27평(89.96), 27평(89.96), 28평(94.74), 28평(94.74), 41평(136.16)",
            "last_sales":"1800-01-01,nan,27평(89.96)"
        },
        {
            "index":116,
            "아파트명":"중리백로",
            "투자타입":"일반",
            "전용면적(m2)":"69.99",
            "전용면적(평)":"21평",
            "법정동주소":"경상남도 창원시 마산회원구 내서읍 중리 1054",
            "도로명주소":"경상남도 창원시 마산회원구 중리상곡로 20-1",
            "세대수":50,
            "입주년차":0,
            "용적률점수":"--",
            "건폐율점수":"--",
            "세대당주차수":0,
            "난방방식":30,
            "공급면적":"--",
            "전용률":"--",
            "욕실수":50,
            "현관타입":100,
            "주거총점":35.5,
            "지역구공급총점":0.0,
            "역세권":"NA",
            "30분내 이동가능 거점":"NA",
            "1시간내 이동가능 거점":"NA",
            "교통총점":"NA",
            "백화점":0,
            "아울렛몰":0,
            "대형마트":0,
            "은행":0,
            "병원":10,
            "종합병원":80,
            "공원":100,
            "혐오시설":0,
            "인프라총점":20.0,
            "초등학군":82.53,
            "중학군":45.66,
            "학군총점":53.034,
            "인구수":21.41,
            "인구증감":-15.26,
            "인구총점":10.409,
            "일자리":3.1,
            "소득수준":67.86,
            "일자리총점":22.528,
            "가치 총점":33.6835,
            "매매실거래년":20220107.0,
            "매매실거래가":9500.0,
            "전세실거래년":null,
            "전세실거래가":null,
            "전세가율":null,
            "장기전세가율평균":75.61,
            "전세가율거품지수":null,
            "검색코드":6514,
            "세대수":570.0,
            "준공년월":"1995-09-01",
            "준공년차":28.0,
            "가까운역이름":"NA",
            "가까운역거리":"NA",
            "역세권여부":"NA",
            "30분이내주요거점역":"NA",
            "1시간이내주요거점역":"NA",
            "3km이내백화점수":0,
            "5km이내아울렛몰수":0,
            "1km이내대형먀트수":0,
            "500m이내은행수":0,
            "500m이내병원수":4,
            "5km이내대형병원수":1,
            "500m이내공원수":4,
            "3km이내혐오시설수":0,
            "초등학교학업성취도":82.53,
            "중학교학업성취도":76.1,
            "용적률":195,
            "건폐율":17,
            "Y":35.243784,
            "X":128.505354,
            "rank":62.0,
            "area_info":"21평(69.99), 21평(70.0)",
            "last_sales":"2022-01-07,9500.0,21평(70.0)"
        },
        {
            "index":4,
            "아파트명":"교직원",
            "투자타입":"재건축",
            "전용면적(m2)":"66.69",
            "전용면적(평)":"20평",
            "법정동주소":"경상남도 창원시 마산회원구 구암동 18-2",
            "도로명주소":"경상남도 창원시 마산회원구 구암서5길 15",
            "세대수":0,
            "입주년차":"--",
            "용적률점수":60,
            "건폐율점수":0,
            "세대당주차수":"--",
            "난방방식":"--",
            "공급면적":50,
            "전용률":100,
            "욕실수":"--",
            "현관타입":"--",
            "주거총점":31.5,
            "지역구공급총점":0.0,
            "역세권":"NA",
            "30분내 이동가능 거점":"NA",
            "1시간내 이동가능 거점":"NA",
            "교통총점":"NA",
            "백화점":0,
            "아울렛몰":0,
            "대형마트":0,
            "은행":0,
            "병원":10,
            "종합병원":80,
            "공원":0,
            "혐오시설":0,
            "인프라총점":17.0,
            "초등학군":88.44,
            "중학군":48.66,
            "학군총점":56.616,
            "인구수":21.41,
            "인구증감":-15.26,
            "인구총점":10.409,
            "일자리":3.1,
            "소득수준":67.86,
            "일자리총점":22.528,
            "가치 총점":31.979,
            "매매실거래년":20211213.0,
            "매매실거래가":8300.0,
            "전세실거래년":20200205.0,
            "전세실거래가":5000.0,
            "전세가율":60.24,
            "장기전세가율평균":75.61,
            "전세가율거품지수":15.37,
            "검색코드":121698,
            "세대수":100.0,
            "준공년월":"1977-07-04",
            "준공년차":46.0,
            "가까운역이름":"NA",
            "가까운역거리":"NA",
            "역세권여부":"NA",
            "30분이내주요거점역":"NA",
            "1시간이내주요거점역":"NA",
            "3km이내백화점수":0,
            "5km이내아울렛몰수":0,
            "1km이내대형먀트수":0,
            "500m이내은행수":0,
            "500m이내병원수":4,
            "5km이내대형병원수":1,
            "500m이내공원수":0,
            "3km이내혐오시설수":0,
            "초등학교학업성취도":88.44,
            "중학교학업성취도":77.9,
            "용적률":198,
            "건폐율":0,
            "Y":35.248165,
            "X":128.590798,
            "rank":63.0,
            "area_info":"20평(66.69)",
            "last_sales":"2021-12-13,8300.0,20평(66.69)"
        },
        {
            "index":69,
            "아파트명":"마산삼계주공3단지",
            "투자타입":"일반",
            "전용면적(m2)":"69.54",
            "전용면적(평)":"21평",
            "법정동주소":"경상남도 창원시 마산회원구 내서읍 삼계리 505-1",
            "도로명주소":"경상남도 창원시 마산회원구 삼계본동1길 86",
            "세대수":0,
            "입주년차":20,
            "용적률점수":"--",
            "건폐율점수":"--",
            "세대당주차수":0,
            "난방방식":30,
            "공급면적":"--",
            "전용률":"--",
            "욕실수":50,
            "현관타입":10,
            "주거총점":13.0,
            "지역구공급총점":0.0,
            "역세권":"NA",
            "30분내 이동가능 거점":"NA",
            "1시간내 이동가능 거점":"NA",
            "교통총점":"NA",
            "백화점":0,
            "아울렛몰":0,
            "대형마트":80,
            "은행":0,
            "병원":0,
            "종합병원":80,
            "공원":100,
            "혐오시설":0,
            "인프라총점":31.0,
            "초등학군":87.88,
            "중학군":52.32,
            "학군총점":59.432,
            "인구수":21.41,
            "인구증감":-15.26,
            "인구총점":10.409,
            "일자리":3.1,
            "소득수준":67.86,
            "일자리총점":22.528,
            "가치 총점":31.808,
            "매매실거래년":20220111.0,
            "매매실거래가":8000.0,
            "전세실거래년":20210226.0,
            "전세실거래가":7500.0,
            "전세가율":93.75,
            "장기전세가율평균":75.61,
            "전세가율거품지수":-18.14,
            "검색코드":16641,
            "세대수":297.0,
            "준공년월":"2001-07-10",
            "준공년차":22.0,
            "가까운역이름":"NA",
            "가까운역거리":"NA",
            "역세권여부":"NA",
            "30분이내주요거점역":"NA",
            "1시간이내주요거점역":"NA",
            "3km이내백화점수":0,
            "5km이내아울렛몰수":0,
            "1km이내대형먀트수":1,
            "500m이내은행수":0,
            "500m이내병원수":0,
            "5km이내대형병원수":1,
            "500m이내공원수":4,
            "3km이내혐오시설수":0,
            "초등학교학업성취도":87.88,
            "중학교학업성취도":86.2,
            "용적률":194,
            "건폐율":20,
            "Y":35.232147,
            "X":128.496471,
            "rank":64.0,
            "area_info":"21평(69.54), 21평(70.21)",
            "last_sales":"2022-01-11,8000.0,21평(69.54)"
        },
        {
            "index":87,
            "아파트명":"새한그린파크",
            "투자타입":"일반",
            "전용면적(m2)":"80.74",
            "전용면적(평)":"24평",
            "법정동주소":"경상남도 창원시 마산회원구 내서읍 호계리 350",
            "도로명주소":"경상남도 창원시 마산회원구 광려천북로 74",
            "세대수":0,
            "입주년차":0,
            "용적률점수":"--",
            "건폐율점수":"--",
            "세대당주차수":0,
            "난방방식":30,
            "공급면적":"--",
            "전용률":"--",
            "욕실수":50,
            "현관타입":100,
            "주거총점":18.0,
            "지역구공급총점":0.0,
            "역세권":"NA",
            "30분내 이동가능 거점":"NA",
            "1시간내 이동가능 거점":"NA",
            "교통총점":"NA",
            "백화점":0,
            "아울렛몰":0,
            "대형마트":80,
            "은행":0,
            "병원":0,
            "종합병원":80,
            "공원":0,
            "혐오시설":0,
            "인프라총점":28.0,
            "초등학군":89.3,
            "중학군":47.72,
            "학군총점":56.036,
            "인구수":21.41,
            "인구증감":-15.26,
            "인구총점":10.409,
            "일자리":3.1,
            "소득수준":67.86,
            "일자리총점":22.528,
            "가치 총점":31.509,
            "매매실거래년":20210115.0,
            "매매실거래가":10000.0,
            "전세실거래년":20170426.0,
            "전세실거래가":10000.0,
            "전세가율":142.86,
            "장기전세가율평균":75.61,
            "전세가율거품지수":-67.25,
            "검색코드":15524,
            "세대수":146.0,
            "준공년월":"1996-04-08",
            "준공년차":27.0,
            "가까운역이름":"NA",
            "가까운역거리":"NA",
            "역세권여부":"NA",
            "30분이내주요거점역":"NA",
            "1시간이내주요거점역":"NA",
            "3km이내백화점수":0,
            "5km이내아울렛몰수":0,
            "1km이내대형먀트수":1,
            "500m이내은행수":1,
            "500m이내병원수":1,
            "5km이내대형병원수":1,
            "500m이내공원수":0,
            "3km이내혐오시설수":0,
            "초등학교학업성취도":89.3,
            "중학교학업성취도":78.0,
            "용적률":397,
            "건폐율":42,
            "Y":35.25656,
            "X":128.5195,
            "rank":65.0,
            "area_info":"24평(80.74), 24평(80.34), 34평(114.36)",
            "last_sales":"2021-01-15,10000.0,34평(114.36)"
        },
        {
            "index":126,
            "아파트명":"중리주공2단지",
            "투자타입":"일반",
            "전용면적(m2)":"57.53",
            "전용면적(평)":"17평",
            "법정동주소":"경상남도 창원시 마산회원구 내서읍 상곡리 192",
            "도로명주소":"경상남도 창원시 마산회원구 상곡로 67",
            "세대수":50,
            "입주년차":0,
            "용적률점수":"--",
            "건폐율점수":"--",
            "세대당주차수":0,
            "난방방식":30,
            "공급면적":"--",
            "전용률":"--",
            "욕실수":50,
            "현관타입":10,
            "주거총점":26.5,
            "지역구공급총점":0.0,
            "역세권":"NA",
            "30분내 이동가능 거점":"NA",
            "1시간내 이동가능 거점":"NA",
            "교통총점":"NA",
            "백화점":0,
            "아울렛몰":0,
            "대형마트":0,
            "은행":0,
            "병원":10,
            "종합병원":80,
            "공원":100,
            "혐오시설":0,
            "인프라총점":20.0,
            "초등학군":82.53,
            "중학군":45.66,
            "학군총점":53.034,
            "인구수":21.41,
            "인구증감":-15.26,
            "인구총점":10.409,
            "일자리":3.1,
            "소득수준":67.86,
            "일자리총점":22.528,
            "가치 총점":30.5335,
            "매매실거래년":20220117.0,
            "매매실거래가":6600.0,
            "전세실거래년":20211112.0,
            "전세실거래가":4000.0,
            "전세가율":76.92,
            "장기전세가율평균":75.61,
            "전세가율거품지수":-1.31,
            "검색코드":6507,
            "세대수":622.0,
            "준공년월":"1993-06-29",
            "준공년차":30.0,
            "가까운역이름":"NA",
            "가까운역거리":"NA",
            "역세권여부":"NA",
            "30분이내주요거점역":"NA",
            "1시간이내주요거점역":"NA",
            "3km이내백화점수":0,
            "5km이내아울렛몰수":0,
            "1km이내대형먀트수":0,
            "500m이내은행수":0,
            "500m이내병원수":4,
            "5km이내대형병원수":1,
            "500m이내공원수":3,
            "3km이내혐오시설수":0,
            "초등학교학업성취도":82.53,
            "중학교학업성취도":76.1,
            "용적률":0,
            "건폐율":0,
            "Y":35.244627,
            "X":128.499777,
            "rank":66.0,
            "area_info":"17평(57.53), 18평(59.62), 18평(59.61), 20평(68.43), 21평(70.9)",
            "last_sales":"2022-01-17,6600.0,20평(68.43)"
        },
        {
            "index":113,
            "아파트명":"신성",
            "투자타입":"일반",
            "전용면적(m2)":"83.1",
            "전용면적(평)":"25평",
            "법정동주소":"경상남도 창원시 마산회원구 내서읍 상곡리 195",
            "도로명주소":"경상남도 창원시 마산회원구 상곡로 21",
            "세대수":0,
            "입주년차":20,
            "용적률점수":"--",
            "건폐율점수":"--",
            "세대당주차수":30,
            "난방방식":30,
            "공급면적":"--",
            "전용률":"--",
            "욕실수":50,
            "현관타입":100,
            "주거총점":26.5,
            "지역구공급총점":0.0,
            "역세권":"NA",
            "30분내 이동가능 거점":"NA",
            "1시간내 이동가능 거점":"NA",
            "교통총점":"NA",
            "백화점":0,
            "아울렛몰":0,
            "대형마트":0,
            "은행":0,
            "병원":10,
            "종합병원":80,
            "공원":100,
            "혐오시설":0,
            "인프라총점":20.0,
            "초등학군":82.53,
            "중학군":45.66,
            "학군총점":53.034,
            "인구수":21.41,
            "인구증감":-15.26,
            "인구총점":10.409,
            "일자리":3.1,
            "소득수준":67.86,
            "일자리총점":22.528,
            "가치 총점":30.5335,
            "매매실거래년":20211022.0,
            "매매실거래가":12950.0,
            "전세실거래년":20200410.0,
            "전세실거래가":7000.0,
            "전세가율":54.05,
            "장기전세가율평균":75.61,
            "전세가율거품지수":21.56,
            "검색코드":101085,
            "세대수":180.0,
            "준공년월":"2003-09-01",
            "준공년차":20.0,
            "가까운역이름":"NA",
            "가까운역거리":"NA",
            "역세권여부":"NA",
            "30분이내주요거점역":"NA",
            "1시간이내주요거점역":"NA",
            "3km이내백화점수":0,
            "5km이내아울렛몰수":0,
            "1km이내대형먀트수":0,
            "500m이내은행수":0,
            "500m이내병원수":4,
            "5km이내대형병원수":1,
            "500m이내공원수":3,
            "3km이내혐오시설수":0,
            "초등학교학업성취도":82.53,
            "중학교학업성취도":76.1,
            "용적률":0,
            "건폐율":0,
            "Y":35.242706,
            "X":128.502369,
            "rank":66.0,
            "area_info":"25평(83.1), 33평(109.13)",
            "last_sales":"2021-10-22,12950.0,25평(83.1)"
        },
        {
            "index":5,
            "아파트명":"구암대동2차",
            "투자타입":"일반",
            "전용면적(m2)":"80.78",
            "전용면적(평)":"24평",
            "법정동주소":"경상남도 창원시 마산회원구 구암동 28-1",
            "도로명주소":"경상남도 창원시 마산회원구 구암남6길 50",
            "세대수":0,
            "입주년차":20,
            "용적률점수":"--",
            "건폐율점수":"--",
            "세대당주차수":0,
            "난방방식":30,
            "공급면적":"--",
            "전용률":"--",
            "욕실수":50,
            "현관타입":100,
            "주거총점":22.0,
            "지역구공급총점":0.0,
            "역세권":"NA",
            "30분내 이동가능 거점":"NA",
            "1시간내 이동가능 거점":"NA",
            "교통총점":"NA",
            "백화점":0,
            "아울렛몰":0,
            "대형마트":0,
            "은행":0,
            "병원":10,
            "종합병원":100,
            "공원":0,
            "혐오시설":0,
            "인프라총점":21.0,
            "초등학군":88.44,
            "중학군":48.66,
            "학군총점":56.616,
            "인구수":21.41,
            "인구증감":-15.26,
            "인구총점":10.409,
            "일자리":3.1,
            "소득수준":67.86,
            "일자리총점":22.528,
            "가치 총점":30.254,
            "매매실거래년":20210820.0,
            "매매실거래가":15900.0,
            "전세실거래년":20210331.0,
            "전세실거래가":12000.0,
            "전세가율":75.47,
            "장기전세가율평균":75.61,
            "전세가율거품지수":0.14,
            "검색코드":6487,
            "세대수":190.0,
            "준공년월":"2000-08-11",
            "준공년차":23.0,
            "가까운역이름":"NA",
            "가까운역거리":"NA",
            "역세권여부":"NA",
            "30분이내주요거점역":"NA",
            "1시간이내주요거점역":"NA",
            "3km이내백화점수":0,
            "5km이내아울렛몰수":0,
            "1km이내대형먀트수":0,
            "500m이내은행수":0,
            "500m이내병원수":4,
            "5km이내대형병원수":2,
            "500m이내공원수":0,
            "3km이내혐오시설수":0,
            "초등학교학업성취도":88.44,
            "중학교학업성취도":77.9,
            "용적률":278,
            "건폐율":26,
            "Y":35.24663,
            "X":128.593167,
            "rank":67.0,
            "area_info":"24평(80.78), 32평(106.46), 41평(136.0)",
            "last_sales":"2021-08-20,15900.0,24평(80.78)"
        },
        {
            "index":95,
            "아파트명":"서진",
            "투자타입":"일반",
            "전용면적(m2)":"51.01",
            "전용면적(평)":"15평",
            "법정동주소":"경상남도 창원시 마산회원구 내서읍 상곡리 67",
            "도로명주소":"경상남도 창원시 마산회원구 경남대로 1019",
            "세대수":0,
            "입주년차":0,
            "용적률점수":"--",
            "건폐율점수":"--",
            "세대당주차수":0,
            "난방방식":30,
            "공급면적":"--",
            "전용률":"--",
            "욕실수":50,
            "현관타입":10,
            "주거총점":9.0,
            "지역구공급총점":0.0,
            "역세권":"NA",
            "30분내 이동가능 거점":"NA",
            "1시간내 이동가능 거점":"NA",
            "교통총점":"NA",
            "백화점":0,
            "아울렛몰":0,
            "대형마트":80,
            "은행":0,
            "병원":10,
            "종합병원":80,
            "공원":100,
            "혐오시설":0,
            "인프라총점":32.0,
            "초등학군":82.53,
            "중학군":45.66,
            "학군총점":53.034,
            "인구수":21.41,
            "인구증감":-15.26,
            "인구총점":10.409,
            "일자리":3.1,
            "소득수준":67.86,
            "일자리총점":22.528,
            "가치 총점":29.2085,
            "매매실거래년":20220108.0,
            "매매실거래가":4900.0,
            "전세실거래년":20210817.0,
            "전세실거래가":5000.0,
            "전세가율":102.04,
            "장기전세가율평균":75.61,
            "전세가율거품지수":-26.43,
            "검색코드":15529,
            "세대수":255.0,
            "준공년월":"1997-12-23",
            "준공년차":26.0,
            "가까운역이름":"NA",
            "가까운역거리":"NA",
            "역세권여부":"NA",
            "30분이내주요거점역":"NA",
            "1시간이내주요거점역":"NA",
            "3km이내백화점수":0,
            "5km이내아울렛몰수":0,
            "1km이내대형먀트수":1,
            "500m이내은행수":0,
            "500m이내병원수":4,
            "5km이내대형병원수":1,
            "500m이내공원수":4,
            "3km이내혐오시설수":0,
            "초등학교학업성취도":82.53,
            "중학교학업성취도":76.1,
            "용적률":254,
            "건폐율":41,
            "Y":35.241471,
            "X":128.50446,
            "rank":68.0,
            "area_info":"15평(51.01), 20평(66.38)",
            "last_sales":"2022-01-08,4900.0,15평(51.01)"
        },
        {
            "index":150,
            "아파트명":"한주",
            "투자타입":"재건축",
            "전용면적(m2)":"70.08",
            "전용면적(평)":"21평",
            "법정동주소":"경상남도 창원시 마산회원구 내서읍 중리 470-11",
            "도로명주소":"경상남도 창원시 마산회원구 함마대로 2821",
            "세대수":0,
            "입주년차":"--",
            "용적률점수":0,
            "건폐율점수":80,
            "세대당주차수":"--",
            "난방방식":"--",
            "공급면적":50,
            "전용률":80,
            "욕실수":"--",
            "현관타입":"--",
            "주거총점":22.5,
            "지역구공급총점":0.0,
            "역세권":"NA",
            "30분내 이동가능 거점":"NA",
            "1시간내 이동가능 거점":"NA",
            "교통총점":"NA",
            "백화점":0,
            "아울렛몰":0,
            "대형마트":0,
            "은행":0,
            "병원":10,
            "종합병원":80,
            "공원":0,
            "혐오시설":0,
            "인프라총점":17.0,
            "초등학군":89.3,
            "중학군":45.66,
            "학군총점":54.388,
            "인구수":21.41,
            "인구증감":-15.26,
            "인구총점":10.409,
            "일자리":3.1,
            "소득수준":67.86,
            "일자리총점":22.528,
            "가치 총점":28.272,
            "매매실거래년":20211025.0,
            "매매실거래가":7000.0,
            "전세실거래년":20210312.0,
            "전세실거래가":6000.0,
            "전세가율":85.71,
            "장기전세가율평균":75.61,
            "전세가율거품지수":-10.1,
            "검색코드":15534,
            "세대수":150.0,
            "준공년월":"1992-12-04",
            "준공년차":31.0,
            "가까운역이름":"NA",
            "가까운역거리":"NA",
            "역세권여부":"NA",
            "30분이내주요거점역":"NA",
            "1시간이내주요거점역":"NA",
            "3km이내백화점수":0,
            "5km이내아울렛몰수":0,
            "1km이내대형먀트수":0,
            "500m이내은행수":0,
            "500m이내병원수":2,
            "5km이내대형병원수":1,
            "500m이내공원수":0,
            "3km이내혐오시설수":0,
            "초등학교학업성취도":89.3,
            "중학교학업성취도":76.1,
            "용적률":369,
            "건폐율":28,
            "Y":35.248325,
            "X":128.520722,
            "rank":69.0,
            "area_info":"21평(70.08), 30평(100.28), 32평(107.0)",
            "last_sales":"2021-10-25,7000.0,21평(70.08)"
        },
        {
            "index":62,
            "아파트명":"동남타운",
            "투자타입":"일반",
            "전용면적(m2)":"71.74",
            "전용면적(평)":"21평",
            "법정동주소":"경상남도 창원시 마산회원구 내서읍 상곡리 196",
            "도로명주소":"경상남도 창원시 마산회원구 상곡로 5",
            "세대수":0,
            "입주년차":0,
            "용적률점수":"--",
            "건폐율점수":"--",
            "세대당주차수":0,
            "난방방식":30,
            "공급면적":"--",
            "전용률":"--",
            "욕실수":50,
            "현관타입":100,
            "주거총점":18.0,
            "지역구공급총점":0.0,
            "역세권":"NA",
            "30분내 이동가능 거점":"NA",
            "1시간내 이동가능 거점":"NA",
            "교통총점":"NA",
            "백화점":0,
            "아울렛몰":0,
            "대형마트":0,
            "은행":0,
            "병원":10,
            "종합병원":80,
            "공원":100,
            "혐오시설":0,
            "인프라총점":20.0,
            "초등학군":82.53,
            "중학군":45.66,
            "학군총점":53.034,
            "인구수":21.41,
            "인구증감":-15.26,
            "인구총점":10.409,
            "일자리":3.1,
            "소득수준":67.86,
            "일자리총점":22.528,
            "가치 총점":27.5585,
            "매매실거래년":20211201.0,
            "매매실거래가":8700.0,
            "전세실거래년":20201209.0,
            "전세실거래가":9000.0,
            "전세가율":103.45,
            "장기전세가율평균":75.61,
            "전세가율거품지수":-27.84,
            "검색코드":100982,
            "세대수":150.0,
            "준공년월":"1996-04-17",
            "준공년차":27.0,
            "가까운역이름":"NA",
            "가까운역거리":"NA",
            "역세권여부":"NA",
            "30분이내주요거점역":"NA",
            "1시간이내주요거점역":"NA",
            "3km이내백화점수":0,
            "5km이내아울렛몰수":0,
            "1km이내대형먀트수":0,
            "500m이내은행수":0,
            "500m이내병원수":4,
            "5km이내대형병원수":1,
            "500m이내공원수":3,
            "3km이내혐오시설수":0,
            "초등학교학업성취도":82.53,
            "중학교학업성취도":76.1,
            "용적률":192,
            "건폐율":17,
            "Y":35.242087,
            "X":128.503816,
            "rank":70.0,
            "area_info":"21평(71.74)",
            "last_sales":"2021-12-01,8700.0,21평(71.74)"
        },
        {
            "index":14,
            "아파트명":"신우",
            "투자타입":"일반",
            "전용면적(m2)":"71.39",
            "전용면적(평)":"21평",
            "법정동주소":"경상남도 창원시 마산회원구 구암동 1212",
            "도로명주소":"경상남도 창원시 마산회원구 구암남21길 3",
            "세대수":0,
            "입주년차":20,
            "용적률점수":"--",
            "건폐율점수":"--",
            "세대당주차수":0,
            "난방방식":30,
            "공급면적":"--",
            "전용률":"--",
            "욕실수":50,
            "현관타입":50,
            "주거총점":17.0,
            "지역구공급총점":0.0,
            "역세권":"NA",
            "30분내 이동가능 거점":"NA",
            "1시간내 이동가능 거점":"NA",
            "교통총점":"NA",
            "백화점":0,
            "아울렛몰":0,
            "대형마트":0,
            "은행":0,
            "병원":10,
            "종합병원":100,
            "공원":100,
            "혐오시설":0,
            "인프라총점":24.0,
            "초등학군":85.56,
            "중학군":37.62,
            "학군총점":47.208,
            "인구수":21.41,
            "인구증감":-15.26,
            "인구총점":10.409,
            "일자리":3.1,
            "소득수준":67.86,
            "일자리총점":22.528,
            "가치 총점":27.352,
            "매매실거래년":20211109.0,
            "매매실거래가":9000.0,
            "전세실거래년":20210328.0,
            "전세실거래가":8000.0,
            "전세가율":88.89,
            "장기전세가율평균":75.61,
            "전세가율거품지수":-13.28,
            "검색코드":106399,
            "세대수":147.0,
            "준공년월":"2001-01-11",
            "준공년차":22.0,
            "가까운역이름":"NA",
            "가까운역거리":"NA",
            "역세권여부":"NA",
            "30분이내주요거점역":"NA",
            "1시간이내주요거점역":"NA",
            "3km이내백화점수":0,
            "5km이내아울렛몰수":0,
            "1km이내대형먀트수":0,
            "500m이내은행수":1,
            "500m이내병원수":4,
            "5km이내대형병원수":2,
            "500m이내공원수":2,
            "3km이내혐오시설수":0,
            "초등학교학업성취도":85.56,
            "중학교학업성취도":62.7,
            "용적률":0,
            "건폐율":0,
            "Y":35.25277,
            "X":128.602168,
            "rank":71.0,
            "area_info":"21평(71.39), 26평(86.47)",
            "last_sales":"2021-11-09,9000.0,21평(71.39)"
        },
        {
            "index":131,
            "아파트명":"중리한백",
            "투자타입":"일반",
            "전용면적(m2)":"74.83",
            "전용면적(평)":"22평",
            "법정동주소":"경상남도 창원시 마산회원구 내서읍 호계리 53",
            "도로명주소":"경상남도 창원시 마산회원구 광려천북로 198",
            "세대수":0,
            "입주년차":0,
            "용적률점수":"--",
            "건폐율점수":"--",
            "세대당주차수":0,
            "난방방식":30,
            "공급면적":"--",
            "전용률":"--",
            "욕실수":50,
            "현관타입":100,
            "주거총점":18.0,
            "지역구공급총점":0.0,
            "역세권":"NA",
            "30분내 이동가능 거점":"NA",
            "1시간내 이동가능 거점":"NA",
            "교통총점":"NA",
            "백화점":0,
            "아울렛몰":0,
            "대형마트":0,
            "은행":0,
            "병원":10,
            "종합병원":80,
            "공원":0,
            "혐오시설":0,
            "인프라총점":17.0,
            "초등학군":87.95,
            "중학군":47.72,
            "학군총점":55.766,
            "인구수":21.41,
            "인구증감":-15.26,
            "인구총점":10.409,
            "일자리":3.1,
            "소득수준":67.86,
            "일자리총점":22.528,
            "가치 총점":27.0415,
            "매매실거래년":20211207.0,
            "매매실거래가":9700.0,
            "전세실거래년":20200808.0,
            "전세실거래가":8000.0,
            "전세가율":82.47,
            "장기전세가율평균":75.61,
            "전세가율거품지수":-6.86,
            "검색코드":15498,
            "세대수":120.0,
            "준공년월":"1993-12-30",
            "준공년차":30.0,
            "가까운역이름":"NA",
            "가까운역거리":"NA",
            "역세권여부":"NA",
            "30분이내주요거점역":"NA",
            "1시간이내주요거점역":"NA",
            "3km이내백화점수":0,
            "5km이내아울렛몰수":0,
            "1km이내대형먀트수":0,
            "500m이내은행수":0,
            "500m이내병원수":3,
            "5km이내대형병원수":1,
            "500m이내공원수":0,
            "3km이내혐오시설수":0,
            "초등학교학업성취도":87.95,
            "중학교학업성취도":78.0,
            "용적률":290,
            "건폐율":24,
            "Y":35.2673,
            "X":128.5233,
            "rank":72.0,
            "area_info":"22평(74.83), 32평(106.51), 42평(139.97)",
            "last_sales":"2021-12-07,9700.0,22평(74.83)"
        },
        {
            "index":90,
            "아파트명":"서광맨션1차",
            "투자타입":"재건축",
            "전용면적(m2)":"66.15",
            "전용면적(평)":"20평",
            "법정동주소":"경상남도 창원시 마산회원구 내서읍 호계리 300",
            "도로명주소":"경상남도 창원시 마산회원구 광려천동로 22",
            "세대수":0,
            "입주년차":"--",
            "용적률점수":0,
            "건폐율점수":0,
            "세대당주차수":"--",
            "난방방식":"--",
            "공급면적":50,
            "전용률":60,
            "욕실수":"--",
            "현관타입":"--",
            "주거총점":5.5,
            "지역구공급총점":0.0,
            "역세권":"NA",
            "30분내 이동가능 거점":"NA",
            "1시간내 이동가능 거점":"NA",
            "교통총점":"NA",
            "백화점":0,
            "아울렛몰":0,
            "대형마트":80,
            "은행":0,
            "병원":0,
            "종합병원":80,
            "공원":0,
            "혐오시설":0,
            "인프라총점":28.0,
            "초등학군":89.3,
            "중학군":45.66,
            "학군총점":54.388,
            "인구수":21.41,
            "인구증감":-15.26,
            "인구총점":10.409,
            "일자리":3.1,
            "소득수준":67.86,
            "일자리총점":22.528,
            "가치 총점":26.722,
            "매매실거래년":20211009.0,
            "매매실거래가":6400.0,
            "전세실거래년":20170804.0,
            "전세실거래가":8000.0,
            "전세가율":125.0,
            "장기전세가율평균":75.61,
            "전세가율거품지수":-49.39,
            "검색코드":15526,
            "세대수":136.0,
            "준공년월":"1991-01-30",
            "준공년차":32.0,
            "가까운역이름":"NA",
            "가까운역거리":"NA",
            "역세권여부":"NA",
            "30분이내주요거점역":"NA",
            "1시간이내주요거점역":"NA",
            "3km이내백화점수":0,
            "5km이내아울렛몰수":0,
            "1km이내대형먀트수":1,
            "500m이내은행수":1,
            "500m이내병원수":1,
            "5km이내대형병원수":1,
            "500m이내공원수":0,
            "3km이내혐오시설수":0,
            "초등학교학업성취도":89.3,
            "중학교학업성취도":76.1,
            "용적률":0,
            "건폐율":0,
            "Y":35.254025,
            "X":128.519967,
            "rank":73.0,
            "area_info":"20평(66.15), 26평(89.23), 28평(92.89), 30평(100.62), 31평(102.86)",
            "last_sales":"2021-10-09,6400.0,20평(66.15)"
        },
        {
            "index":268,
            "아파트명":"한효국화맨션",
            "투자타입":"재건축",
            "전용면적(m2)":"63.72",
            "전용면적(평)":"19평",
            "법정동주소":"경상남도 창원시 마산회원구 회성동 448-1",
            "도로명주소":"경상남도 창원시 마산회원구 회성남10길 6",
            "세대수":0,
            "입주년차":"--",
            "용적률점수":0,
            "건폐율점수":0,
            "세대당주차수":"--",
            "난방방식":"--",
            "공급면적":50,
            "전용률":80,
            "욕실수":"--",
            "현관타입":"--",
            "주거총점":6.5,
            "지역구공급총점":0.0,
            "역세권":"NA",
            "30분내 이동가능 거점":"NA",
            "1시간내 이동가능 거점":"NA",
            "교통총점":"NA",
            "백화점":0,
            "아울렛몰":0,
            "대형마트":0,
            "은행":0,
            "병원":10,
            "종합병원":100,
            "공원":100,
            "혐오시설":0,
            "인프라총점":24.0,
            "초등학군":100.0,
            "중학군":45.06,
            "학군총점":56.048,
            "인구수":21.41,
            "인구증감":-15.26,
            "인구총점":10.409,
            "일자리":3.1,
            "소득수준":67.86,
            "일자리총점":22.528,
            "가치 총점":25.887,
            "매매실거래년":20201028.0,
            "매매실거래가":7000.0,
            "전세실거래년":20130729.0,
            "전세실거래가":8500.0,
            "전세가율":121.43,
            "장기전세가율평균":75.61,
            "전세가율거품지수":-45.82,
            "검색코드":15562,
            "세대수":105.0,
            "준공년월":"1984-10-23",
            "준공년차":39.0,
            "가까운역이름":"NA",
            "가까운역거리":"NA",
            "역세권여부":"NA",
            "30분이내주요거점역":"NA",
            "1시간이내주요거점역":"NA",
            "3km이내백화점수":0,
            "5km이내아울렛몰수":0,
            "1km이내대형먀트수":0,
            "500m이내은행수":0,
            "500m이내병원수":2,
            "5km이내대형병원수":4,
            "500m이내공원수":2,
            "3km이내혐오시설수":0,
            "초등학교학업성취도":100.0,
            "중학교학업성취도":72.5,
            "용적률":0,
            "건폐율":0,
            "Y":35.233628,
            "X":128.558092,
            "rank":74.0,
            "area_info":"19평(63.72), 21평(70.21), 21평(71.81), 22평(74.93), 23평(76.52)",
            "last_sales":"2020-10-28,7000.0,19평(63.72)"
        },
        {
            "index":22,
            "아파트명":"크라운",
            "투자타입":"재건축",
            "전용면적(m2)":"60.88",
            "전용면적(평)":"18평",
            "법정동주소":"경상남도 창원시 마산회원구 구암동 1345",
            "도로명주소":"경상남도 창원시 마산회원구 구암북12길 49",
            "세대수":0,
            "입주년차":"--",
            "용적률점수":0,
            "건폐율점수":0,
            "세대당주차수":"--",
            "난방방식":"--",
            "공급면적":50,
            "전용률":100,
            "욕실수":"--",
            "현관타입":"--",
            "주거총점":7.5,
            "지역구공급총점":0.0,
            "역세권":"NA",
            "30분내 이동가능 거점":"NA",
            "1시간내 이동가능 거점":"NA",
            "교통총점":"NA",
            "백화점":0,
            "아울렛몰":0,
            "대형마트":0,
            "은행":0,
            "병원":30,
            "종합병원":100,
            "공원":100,
            "혐오시설":0,
            "인프라총점":26.0,
            "초등학군":86.05,
            "중학군":37.62,
            "학군총점":47.306,
            "인구수":21.41,
            "인구증감":-15.26,
            "인구총점":10.409,
            "일자리":3.1,
            "소득수준":67.86,
            "일자리총점":22.528,
            "가치 총점":24.8515,
            "매매실거래년":20211229.0,
            "매매실거래가":12000.0,
            "전세실거래년":20211228.0,
            "전세실거래가":10000.0,
            "전세가율":83.33,
            "장기전세가율평균":75.61,
            "전세가율거품지수":-7.72,
            "검색코드":15494,
            "세대수":100.0,
            "준공년월":"1984-11-28",
            "준공년차":39.0,
            "가까운역이름":"NA",
            "가까운역거리":"NA",
            "역세권여부":"NA",
            "30분이내주요거점역":"NA",
            "1시간이내주요거점역":"NA",
            "3km이내백화점수":0,
            "5km이내아울렛몰수":0,
            "1km이내대형먀트수":0,
            "500m이내은행수":1,
            "500m이내병원수":5,
            "5km이내대형병원수":2,
            "500m이내공원수":6,
            "3km이내혐오시설수":0,
            "초등학교학업성취도":86.05,
            "중학교학업성취도":62.7,
            "용적률":0,
            "건폐율":0,
            "Y":35.256619,
            "X":128.596625,
            "rank":75.0,
            "area_info":"18평(60.88)",
            "last_sales":"2021-12-29,12000.0,18평(60.88)"
        },
        {
            "index":23,
            "아파트명":"한성",
            "투자타입":"재건축",
            "전용면적(m2)":"62.19",
            "전용면적(평)":"18평",
            "법정동주소":"경상남도 창원시 마산회원구 구암동 1344",
            "도로명주소":"경상남도 창원시 마산회원구 구암북11길 60",
            "세대수":0,
            "입주년차":"--",
            "용적률점수":0,
            "건폐율점수":0,
            "세대당주차수":"--",
            "난방방식":"--",
            "공급면적":50,
            "전용률":80,
            "욕실수":"--",
            "현관타입":"--",
            "주거총점":6.5,
            "지역구공급총점":0.0,
            "역세권":"NA",
            "30분내 이동가능 거점":"NA",
            "1시간내 이동가능 거점":"NA",
            "교통총점":"NA",
            "백화점":0,
            "아울렛몰":0,
            "대형마트":0,
            "은행":0,
            "병원":30,
            "종합병원":100,
            "공원":100,
            "혐오시설":0,
            "인프라총점":26.0,
            "초등학군":86.05,
            "중학군":37.62,
            "학군총점":47.306,
            "인구수":21.41,
            "인구증감":-15.26,
            "인구총점":10.409,
            "일자리":3.1,
            "소득수준":67.86,
            "일자리총점":22.528,
            "가치 총점":24.5015,
            "매매실거래년":20220104.0,
            "매매실거래가":13600.0,
            "전세실거래년":20220106.0,
            "전세실거래가":10000.0,
            "전세가율":73.53,
            "장기전세가율평균":75.61,
            "전세가율거품지수":2.08,
            "검색코드":15495,
            "세대수":108.0,
            "준공년월":"1984-03-24",
            "준공년차":39.0,
            "가까운역이름":"NA",
            "가까운역거리":"NA",
            "역세권여부":"NA",
            "30분이내주요거점역":"NA",
            "1시간이내주요거점역":"NA",
            "3km이내백화점수":0,
            "5km이내아울렛몰수":0,
            "1km이내대형먀트수":0,
            "500m이내은행수":1,
            "500m이내병원수":5,
            "5km이내대형병원수":2,
            "500m이내공원수":6,
            "3km이내혐오시설수":0,
            "초등학교학업성취도":86.05,
            "중학교학업성취도":62.7,
            "용적률":0,
            "건폐율":0,
            "Y":35.257008,
            "X":128.596452,
            "rank":76.0,
            "area_info":"18평(62.19)",
            "last_sales":"2022-01-04,13600.0,18평(62.19)"
        },
        {
            "index":31,
            "아파트명":"가고파",
            "투자타입":"일반",
            "전용면적(m2)":"57.72",
            "전용면적(평)":"17평",
            "법정동주소":"경상남도 창원시 마산회원구 내서읍 상곡리 194",
            "도로명주소":"경상남도 창원시 마산회원구 상곡로 35",
            "세대수":0,
            "입주년차":0,
            "용적률점수":"--",
            "건폐율점수":"--",
            "세대당주차수":0,
            "난방방식":30,
            "공급면적":"--",
            "전용률":"--",
            "욕실수":50,
            "현관타입":10,
            "주거총점":9.0,
            "지역구공급총점":0.0,
            "역세권":"NA",
            "30분내 이동가능 거점":"NA",
            "1시간내 이동가능 거점":"NA",
            "교통총점":"NA",
            "백화점":0,
            "아울렛몰":0,
            "대형마트":0,
            "은행":0,
            "병원":10,
            "종합병원":80,
            "공원":100,
            "혐오시설":0,
            "인프라총점":20.0,
            "초등학군":82.53,
            "중학군":45.66,
            "학군총점":53.034,
            "인구수":21.41,
            "인구증감":-15.26,
            "인구총점":10.409,
            "일자리":3.1,
            "소득수준":67.86,
            "일자리총점":22.528,
            "가치 총점":24.4085,
            "매매실거래년":20211231.0,
            "매매실거래가":7000.0,
            "전세실거래년":20200530.0,
            "전세실거래가":3500.0,
            "전세가율":100.0,
            "장기전세가율평균":75.61,
            "전세가율거품지수":-24.39,
            "검색코드":16640,
            "세대수":130.0,
            "준공년월":"1993-02-24",
            "준공년차":30.0,
            "가까운역이름":"NA",
            "가까운역거리":"NA",
            "역세권여부":"NA",
            "30분이내주요거점역":"NA",
            "1시간이내주요거점역":"NA",
            "3km이내백화점수":0,
            "5km이내아울렛몰수":0,
            "1km이내대형먀트수":0,
            "500m이내은행수":0,
            "500m이내병원수":4,
            "5km이내대형병원수":1,
            "500m이내공원수":3,
            "3km이내혐오시설수":0,
            "초등학교학업성취도":82.53,
            "중학교학업성취도":76.1,
            "용적률":187,
            "건폐율":15,
            "Y":35.242899,
            "X":128.501283,
            "rank":77.0,
            "area_info":"17평(57.72), 20평(66.9)",
            "last_sales":"2021-12-31,7000.0,20평(66.9)"
        },
        {
            "index":18,
            "아파트명":"코리아타코마",
            "투자타입":"재건축",
            "전용면적(m2)":"43.78",
            "전용면적(평)":"13평",
            "법정동주소":"경상남도 창원시 마산회원구 구암동 20-7",
            "도로명주소":"경상남도 창원시 마산회원구 구암서1길 3",
            "세대수":0,
            "입주년차":"--",
            "용적률점수":0,
            "건폐율점수":0,
            "세대당주차수":"--",
            "난방방식":"--",
            "공급면적":50,
            "전용률":100,
            "욕실수":"--",
            "현관타입":"--",
            "주거총점":7.5,
            "지역구공급총점":0.0,
            "역세권":"NA",
            "30분내 이동가능 거점":"NA",
            "1시간내 이동가능 거점":"NA",
            "교통총점":"NA",
            "백화점":0,
            "아울렛몰":0,
            "대형마트":0,
            "은행":0,
            "병원":30,
            "종합병원":80,
            "공원":0,
            "혐오시설":0,
            "인프라총점":19.0,
            "초등학군":88.44,
            "중학군":48.66,
            "학군총점":56.616,
            "인구수":21.41,
            "인구증감":-15.26,
            "인구총점":10.409,
            "일자리":3.1,
            "소득수준":67.86,
            "일자리총점":22.528,
            "가치 총점":24.379,
            "매매실거래년":20211129.0,
            "매매실거래가":10000.0,
            "전세실거래년":20190511.0,
            "전세실거래가":7000.0,
            "전세가율":116.67,
            "장기전세가율평균":75.61,
            "전세가율거품지수":-41.06,
            "검색코드":16639,
            "세대수":100.0,
            "준공년월":"1978-02-09",
            "준공년차":45.0,
            "가까운역이름":"NA",
            "가까운역거리":"NA",
            "역세권여부":"NA",
            "30분이내주요거점역":"NA",
            "1시간이내주요거점역":"NA",
            "3km이내백화점수":0,
            "5km이내아울렛몰수":0,
            "1km이내대형먀트수":0,
            "500m이내은행수":0,
            "500m이내병원수":5,
            "5km이내대형병원수":1,
            "500m이내공원수":0,
            "3km이내혐오시설수":0,
            "초등학교학업성취도":88.44,
            "중학교학업성취도":77.9,
            "용적률":0,
            "건폐율":0,
            "Y":35.246788,
            "X":128.590039,
            "rank":78.0,
            "area_info":"13평(43.78), 13평(43.77), 13평(44.23), 18평(59.9)",
            "last_sales":"2021-11-29,10000.0,18평(59.9)"
        },
        {
            "index":12,
            "아파트명":"석보",
            "투자타입":"재건축",
            "전용면적(m2)":"49.3",
            "전용면적(평)":"14평",
            "법정동주소":"경상남도 창원시 마산회원구 구암동 13-7",
            "도로명주소":"경상남도 창원시 마산회원구 구암서6길 36",
            "세대수":0,
            "입주년차":"--",
            "용적률점수":0,
            "건폐율점수":0,
            "세대당주차수":"--",
            "난방방식":"--",
            "공급면적":50,
            "전용률":80,
            "욕실수":"--",
            "현관타입":"--",
            "주거총점":6.5,
            "지역구공급총점":0.0,
            "역세권":"NA",
            "30분내 이동가능 거점":"NA",
            "1시간내 이동가능 거점":"NA",
            "교통총점":"NA",
            "백화점":0,
            "아울렛몰":0,
            "대형마트":0,
            "은행":0,
            "병원":10,
            "종합병원":80,
            "공원":80,
            "혐오시설":0,
            "인프라총점":19.4,
            "초등학군":88.44,
            "중학군":48.66,
            "학군총점":56.616,
            "인구수":21.41,
            "인구증감":-15.26,
            "인구총점":10.409,
            "일자리":3.1,
            "소득수준":67.86,
            "일자리총점":22.528,
            "가치 총점":24.189,
            "매매실거래년":20210726.0,
            "매매실거래가":6800.0,
            "전세실거래년":20210818.0,
            "전세실거래가":5000.0,
            "전세가율":73.53,
            "장기전세가율평균":75.61,
            "전세가율거품지수":2.08,
            "검색코드":6490,
            "세대수":117.0,
            "준공년월":"1983-06-08",
            "준공년차":40.0,
            "가까운역이름":"NA",
            "가까운역거리":"NA",
            "역세권여부":"NA",
            "30분이내주요거점역":"NA",
            "1시간이내주요거점역":"NA",
            "3km이내백화점수":0,
            "5km이내아울렛몰수":0,
            "1km이내대형먀트수":0,
            "500m이내은행수":0,
            "500m이내병원수":4,
            "5km이내대형병원수":1,
            "500m이내공원수":1,
            "3km이내혐오시설수":0,
            "초등학교학업성취도":88.44,
            "중학교학업성취도":77.9,
            "용적률":0,
            "건폐율":0,
            "Y":35.249298,
            "X":128.591549,
            "rank":79.0,
            "area_info":"14평(49.3), 17평(58.72)",
            "last_sales":"2021-07-26,6800.0,14평(49.3)"
        },
        {
            "index":158,
            "아파트명":"화인태양맨션",
            "투자타입":"재건축",
            "전용면적(m2)":"70.59",
            "전용면적(평)":"21평",
            "법정동주소":"경상남도 창원시 마산회원구 내서읍 호계리 53-1",
            "도로명주소":"경상남도 창원시 마산회원구 광려천북로 206",
            "세대수":0,
            "입주년차":"--",
            "용적률점수":0,
            "건폐율점수":0,
            "세대당주차수":"--",
            "난방방식":"--",
            "공급면적":50,
            "전용률":80,
            "욕실수":"--",
            "현관타입":"--",
            "주거총점":6.5,
            "지역구공급총점":0.0,
            "역세권":"NA",
            "30분내 이동가능 거점":"NA",
            "1시간내 이동가능 거점":"NA",
            "교통총점":"NA",
            "백화점":0,
            "아울렛몰":0,
            "대형마트":0,
            "은행":0,
            "병원":10,
            "종합병원":80,
            "공원":0,
            "혐오시설":0,
            "인프라총점":17.0,
            "초등학군":87.95,
            "중학군":47.72,
            "학군총점":55.766,
            "인구수":21.41,
            "인구증감":-15.26,
            "인구총점":10.409,
            "일자리":3.1,
            "소득수준":67.86,
            "일자리총점":22.528,
            "가치 총점":23.0165,
            "매매실거래년":20211204.0,
            "매매실거래가":8800.0,
            "전세실거래년":20201106.0,
            "전세실거래가":6500.0,
            "전세가율":85.53,
            "장기전세가율평균":75.61,
            "전세가율거품지수":-9.92,
            "검색코드":15537,
            "세대수":219.0,
            "준공년월":"1991-12-04",
            "준공년차":32.0,
            "가까운역이름":"NA",
            "가까운역거리":"NA",
            "역세권여부":"NA",
            "30분이내주요거점역":"NA",
            "1시간이내주요거점역":"NA",
            "3km이내백화점수":0,
            "5km이내아울렛몰수":0,
            "1km이내대형먀트수":0,
            "500m이내은행수":0,
            "500m이내병원수":3,
            "5km이내대형병원수":1,
            "500m이내공원수":0,
            "3km이내혐오시설수":0,
            "초등학교학업성취도":87.95,
            "중학교학업성취도":78.0,
            "용적률":0,
            "건폐율":0,
            "Y":35.268169,
            "X":128.524014,
            "rank":80.0,
            "area_info":"21평(70.59), 25평(82.86), 27평(89.89), 30평(101.24)",
            "last_sales":"2021-12-04,8800.0,27평(89.89)"
        },
        {
            "index":24,
            "아파트명":"한우",
            "투자타입":"재건축",
            "전용면적(m2)":"51.77",
            "전용면적(평)":"15평",
            "법정동주소":"경상남도 창원시 마산회원구 구암동 1337",
            "도로명주소":"경상남도 창원시 마산회원구 구암북12길 70",
            "세대수":0,
            "입주년차":"--",
            "용적률점수":0,
            "건폐율점수":0,
            "세대당주차수":"--",
            "난방방식":"--",
            "공급면적":50,
            "전용률":80,
            "욕실수":"--",
            "현관타입":"--",
            "주거총점":6.5,
            "지역구공급총점":0.0,
            "역세권":"NA",
            "30분내 이동가능 거점":"NA",
            "1시간내 이동가능 거점":"NA",
            "교통총점":"NA",
            "백화점":0,
            "아울렛몰":0,
            "대형마트":0,
            "은행":0,
            "병원":30,
            "종합병원":80,
            "공원":100,
            "혐오시설":0,
            "인프라총점":22.0,
            "초등학군":86.05,
            "중학군":37.62,
            "학군총점":47.306,
            "인구수":21.41,
            "인구증감":-15.26,
            "인구총점":10.409,
            "일자리":3.1,
            "소득수준":67.86,
            "일자리총점":22.528,
            "가치 총점":22.9015,
            "매매실거래년":20211204.0,
            "매매실거래가":13000.0,
            "전세실거래년":20220108.0,
            "전세실거래가":8500.0,
            "전세가율":80.95,
            "장기전세가율평균":75.61,
            "전세가율거품지수":-5.34,
            "검색코드":6494,
            "세대수":120.0,
            "준공년월":"1985-05-09",
            "준공년차":38.0,
            "가까운역이름":"NA",
            "가까운역거리":"NA",
            "역세권여부":"NA",
            "30분이내주요거점역":"NA",
            "1시간이내주요거점역":"NA",
            "3km이내백화점수":0,
            "5km이내아울렛몰수":0,
            "1km이내대형먀트수":0,
            "500m이내은행수":1,
            "500m이내병원수":5,
            "5km이내대형병원수":1,
            "500m이내공원수":4,
            "3km이내혐오시설수":0,
            "초등학교학업성취도":86.05,
            "중학교학업성취도":62.7,
            "용적률":0,
            "건폐율":0,
            "Y":35.257988,
            "X":128.596909,
            "rank":81.0,
            "area_info":"15평(51.77), 19평(64.14)",
            "last_sales":"2021-12-04,13000.0,19평(64.14)"
        }
    ]
}