{
    "schema":{
        "fields":[
            {
                "name":"index",
                "type":"integer"
            },
            {
                "name":"아파트명",
                "type":"string"
            },
            {
                "name":"투자타입",
                "type":"string"
            },
            {
                "name":"전용면적(m2)",
                "type":"string"
            },
            {
                "name":"전용면적(평)",
                "type":"string"
            },
            {
                "name":"법정동주소",
                "type":"string"
            },
            {
                "name":"도로명주소",
                "type":"string"
            },
            {
                "name":"세대수",
                "type":"integer"
            },
            {
                "name":"입주년차",
                "type":"string"
            },
            {
                "name":"용적률점수",
                "type":"string"
            },
            {
                "name":"건폐율점수",
                "type":"string"
            },
            {
                "name":"세대당주차수",
                "type":"string"
            },
            {
                "name":"난방방식",
                "type":"string"
            },
            {
                "name":"공급면적",
                "type":"string"
            },
            {
                "name":"전용률",
                "type":"string"
            },
            {
                "name":"욕실수",
                "type":"string"
            },
            {
                "name":"현관타입",
                "type":"string"
            },
            {
                "name":"주거총점",
                "type":"number"
            },
            {
                "name":"지역구공급총점",
                "type":"number"
            },
            {
                "name":"역세권",
                "type":"string"
            },
            {
                "name":"30분내 이동가능 거점",
                "type":"string"
            },
            {
                "name":"1시간내 이동가능 거점",
                "type":"string"
            },
            {
                "name":"교통총점",
                "type":"string"
            },
            {
                "name":"백화점",
                "type":"integer"
            },
            {
                "name":"아울렛몰",
                "type":"integer"
            },
            {
                "name":"대형마트",
                "type":"integer"
            },
            {
                "name":"은행",
                "type":"integer"
            },
            {
                "name":"병원",
                "type":"integer"
            },
            {
                "name":"종합병원",
                "type":"integer"
            },
            {
                "name":"공원",
                "type":"integer"
            },
            {
                "name":"혐오시설",
                "type":"integer"
            },
            {
                "name":"인프라총점",
                "type":"number"
            },
            {
                "name":"초등학군",
                "type":"number"
            },
            {
                "name":"중학군",
                "type":"number"
            },
            {
                "name":"학군총점",
                "type":"number"
            },
            {
                "name":"인구수",
                "type":"number"
            },
            {
                "name":"인구증감",
                "type":"number"
            },
            {
                "name":"인구총점",
                "type":"number"
            },
            {
                "name":"일자리",
                "type":"number"
            },
            {
                "name":"소득수준",
                "type":"number"
            },
            {
                "name":"일자리총점",
                "type":"number"
            },
            {
                "name":"가치 총점",
                "type":"number"
            },
            {
                "name":"매매실거래년",
                "type":"string"
            },
            {
                "name":"매매실거래가",
                "type":"number"
            },
            {
                "name":"전세실거래년",
                "type":"number"
            },
            {
                "name":"전세실거래가",
                "type":"number"
            },
            {
                "name":"전세가율",
                "type":"number"
            },
            {
                "name":"장기전세가율평균",
                "type":"number"
            },
            {
                "name":"전세가율거품지수",
                "type":"number"
            },
            {
                "name":"검색코드",
                "type":"integer"
            },
            {
                "name":"세대수",
                "type":"number"
            },
            {
                "name":"준공년월",
                "type":"string"
            },
            {
                "name":"준공년차",
                "type":"number"
            },
            {
                "name":"가까운역이름",
                "type":"string"
            },
            {
                "name":"가까운역거리",
                "type":"string"
            },
            {
                "name":"역세권여부",
                "type":"string"
            },
            {
                "name":"30분이내주요거점역",
                "type":"string"
            },
            {
                "name":"1시간이내주요거점역",
                "type":"string"
            },
            {
                "name":"3km이내백화점수",
                "type":"integer"
            },
            {
                "name":"5km이내아울렛몰수",
                "type":"integer"
            },
            {
                "name":"1km이내대형먀트수",
                "type":"integer"
            },
            {
                "name":"500m이내은행수",
                "type":"integer"
            },
            {
                "name":"500m이내병원수",
                "type":"integer"
            },
            {
                "name":"5km이내대형병원수",
                "type":"integer"
            },
            {
                "name":"500m이내공원수",
                "type":"integer"
            },
            {
                "name":"3km이내혐오시설수",
                "type":"integer"
            },
            {
                "name":"초등학교학업성취도",
                "type":"number"
            },
            {
                "name":"중학교학업성취도",
                "type":"number"
            },
            {
                "name":"용적률",
                "type":"integer"
            },
            {
                "name":"건폐율",
                "type":"integer"
            },
            {
                "name":"Y",
                "type":"number"
            },
            {
                "name":"X",
                "type":"number"
            },
            {
                "name":"rank",
                "type":"number"
            },
            {
                "name":"area_info",
                "type":"string"
            },
            {
                "name":"last_sales",
                "type":"string"
            }
        ],
        "primaryKey":[
            "index"
        ],
        "pandas_version":"1.4.0"
    },
    "data":[
        {
            "index":493,
            "아파트명":"거제장평포레나",
            "투자타입":"일반",
            "전용면적(m2)":"87.43",
            "전용면적(평)":"26평",
            "법정동주소":"경상남도 거제시 장평동 1243",
            "도로명주소":"경상남도 거제시 장평1로 129",
            "세대수":80,
            "입주년차":100,
            "용적률점수":"--",
            "건폐율점수":"--",
            "세대당주차수":30,
            "난방방식":30,
            "공급면적":"--",
            "전용률":"--",
            "욕실수":100,
            "현관타입":100,
            "주거총점":75.5,
            "지역구공급총점":0.0,
            "역세권":"NA",
            "30분내 이동가능 거점":"NA",
            "1시간내 이동가능 거점":"NA",
            "교통총점":"NA",
            "백화점":0,
            "아울렛몰":0,
            "대형마트":80,
            "은행":0,
            "병원":30,
            "종합병원":100,
            "공원":100,
            "혐오시설":0,
            "인프라총점":38.0,
            "초등학군":93.19,
            "중학군":43.88,
            "학군총점":53.742,
            "인구수":27.98,
            "인구증감":-11.88,
            "인구총점":16.022,
            "일자리":14.1,
            "소득수준":65.62,
            "일자리총점":29.556,
            "가치 총점":55.0605,
            "매매실거래년":20211207.0,
            "매매실거래가":36300.0,
            "전세실거래년":20220110.0,
            "전세실거래가":19000.0,
            "전세가율":65.52,
            "장기전세가율평균":72.48,
            "전세가율거품지수":6.96,
            "검색코드":125006,
            "세대수":817.0,
            "준공년월":"2021-02-01",
            "준공년차":2.0,
            "가까운역이름":"NA",
            "가까운역거리":"NA",
            "역세권여부":"NA",
            "30분이내주요거점역":"NA",
            "1시간이내주요거점역":"NA",
            "3km이내백화점수":0,
            "5km이내아울렛몰수":0,
            "1km이내대형먀트수":1,
            "500m이내은행수":1,
            "500m이내병원수":8,
            "5km이내대형병원수":2,
            "500m이내공원수":2,
            "3km이내혐오시설수":0,
            "초등학교학업성취도":93.19,
            "중학교학업성취도":72.2,
            "용적률":229,
            "건폐율":16,
            "Y":34.891832,
            "X":128.608054,
            "rank":1.0,
            "area_info":"26평(87.43), 26평(88.25), 29평(99.06), 33평(110.05), 33평(110.3), 39평(130.72)",
            "last_sales":"2021-12-07,36300.0,33평(110.05)"
        },
        {
            "index":487,
            "아파트명":"거제장평유림노르웨이숲",
            "투자타입":"일반",
            "전용면적(m2)":"114.28",
            "전용면적(평)":"34평",
            "법정동주소":"경상남도 거제시 장평동 1212-2",
            "도로명주소":"경상남도 거제시 장평1로 7",
            "세대수":30,
            "입주년차":80,
            "용적률점수":"--",
            "건폐율점수":"--",
            "세대당주차수":60,
            "난방방식":30,
            "공급면적":"--",
            "전용률":"--",
            "욕실수":100,
            "현관타입":100,
            "주거총점":58.5,
            "지역구공급총점":0.0,
            "역세권":"NA",
            "30분내 이동가능 거점":"NA",
            "1시간내 이동가능 거점":"NA",
            "교통총점":"NA",
            "백화점":0,
            "아울렛몰":0,
            "대형마트":80,
            "은행":100,
            "병원":60,
            "종합병원":100,
            "공원":100,
            "혐오시설":0,
            "인프라총점":51.0,
            "초등학군":92.34,
            "중학군":42.74,
            "학군총점":52.66,
            "인구수":27.98,
            "인구증감":-11.88,
            "인구총점":16.022,
            "일자리":14.1,
            "소득수준":65.62,
            "일자리총점":29.556,
            "가치 총점":54.04,
            "매매실거래년":20220110.0,
            "매매실거래가":39500.0,
            "전세실거래년":20211228.0,
            "전세실거래가":22000.0,
            "전세가율":56.41,
            "장기전세가율평균":72.48,
            "전세가율거품지수":16.07,
            "검색코드":114782,
            "세대수":346.0,
            "준공년월":"2017-03-31",
            "준공년차":6.0,
            "가까운역이름":"NA",
            "가까운역거리":"NA",
            "역세권여부":"NA",
            "30분이내주요거점역":"NA",
            "1시간이내주요거점역":"NA",
            "3km이내백화점수":0,
            "5km이내아울렛몰수":0,
            "1km이내대형먀트수":1,
            "500m이내은행수":6,
            "500m이내병원수":27,
            "5km이내대형병원수":2,
            "500m이내공원수":4,
            "3km이내혐오시설수":0,
            "초등학교학업성취도":92.34,
            "중학교학업성취도":70.9,
            "용적률":870,
            "건폐율":71,
            "Y":34.891217,
            "X":128.617462,
            "rank":2.0,
            "area_info":"34평(114.28), 34평(115.61), 34평(115.6), 67평(224.23)",
            "last_sales":"2022-01-10,39500.0,34평(115.61)"
        },
        {
            "index":9,
            "아파트명":"거제롯데인벤스가",
            "투자타입":"일반",
            "전용면적(m2)":"118.04",
            "전용면적(평)":"35평",
            "법정동주소":"경상남도 거제시 고현동 860",
            "도로명주소":"경상남도 거제시 서문로 30",
            "세대수":30,
            "입주년차":40,
            "용적률점수":"--",
            "건폐율점수":"--",
            "세대당주차수":80,
            "난방방식":30,
            "공급면적":"--",
            "전용률":"--",
            "욕실수":100,
            "현관타입":100,
            "주거총점":53.5,
            "지역구공급총점":0.0,
            "역세권":"NA",
            "30분내 이동가능 거점":"NA",
            "1시간내 이동가능 거점":"NA",
            "교통총점":"NA",
            "백화점":0,
            "아울렛몰":0,
            "대형마트":80,
            "은행":100,
            "병원":80,
            "종합병원":100,
            "공원":100,
            "혐오시설":0,
            "인프라총점":53.0,
            "초등학군":92.34,
            "중학군":42.74,
            "학군총점":52.66,
            "인구수":27.98,
            "인구증감":-11.88,
            "인구총점":16.022,
            "일자리":14.1,
            "소득수준":65.62,
            "일자리총점":29.556,
            "가치 총점":53.09,
            "매매실거래년":20211022.0,
            "매매실거래가":58500.0,
            "전세실거래년":null,
            "전세실거래가":null,
            "전세가율":null,
            "장기전세가율평균":72.48,
            "전세가율거품지수":null,
            "검색코드":19330,
            "세대수":336.0,
            "준공년월":"2007-01-01",
            "준공년차":16.0,
            "가까운역이름":"NA",
            "가까운역거리":"NA",
            "역세권여부":"NA",
            "30분이내주요거점역":"NA",
            "1시간이내주요거점역":"NA",
            "3km이내백화점수":0,
            "5km이내아울렛몰수":0,
            "1km이내대형먀트수":1,
            "500m이내은행수":8,
            "500m이내병원수":58,
            "5km이내대형병원수":2,
            "500m이내공원수":3,
            "3km이내혐오시설수":0,
            "초등학교학업성취도":92.34,
            "중학교학업성취도":70.9,
            "용적률":0,
            "건폐율":0,
            "Y":34.88736,
            "X":128.619116,
            "rank":3.0,
            "area_info":"35평(118.04), 37평(123.6), 39평(130.33), 47평(156.48), 57평(189.16), 62평(208.23)",
            "last_sales":"2021-10-22,58500.0,62평(208.23)"
        },
        {
            "index":351,
            "아파트명":"거제엘크루랜드마크",
            "투자타입":"일반",
            "전용면적(m2)":"111.89",
            "전용면적(평)":"33평",
            "법정동주소":"경상남도 거제시 옥포동 308",
            "도로명주소":"경상남도 거제시 서간도길 9-9",
            "세대수":30,
            "입주년차":80,
            "용적률점수":"--",
            "건폐율점수":"--",
            "세대당주차수":80,
            "난방방식":30,
            "공급면적":"--",
            "전용률":"--",
            "욕실수":100,
            "현관타입":100,
            "주거총점":61.5,
            "지역구공급총점":0.0,
            "역세권":"NA",
            "30분내 이동가능 거점":"NA",
            "1시간내 이동가능 거점":"NA",
            "교통총점":"NA",
            "백화점":0,
            "아울렛몰":0,
            "대형마트":100,
            "은행":0,
            "병원":30,
            "종합병원":100,
            "공원":100,
            "혐오시설":0,
            "인프라총점":41.0,
            "초등학군":90.99,
            "중학군":43.6,
            "학군총점":53.078,
            "인구수":27.98,
            "인구증감":-11.88,
            "인구총점":16.022,
            "일자리":14.1,
            "소득수준":65.62,
            "일자리총점":29.556,
            "가치 총점":51.1945,
            "매매실거래년":20211111.0,
            "매매실거래가":35500.0,
            "전세실거래년":20211123.0,
            "전세실거래가":30000.0,
            "전세가율":90.91,
            "장기전세가율평균":72.48,
            "전세가율거품지수":-18.43,
            "검색코드":106196,
            "세대수":365.0,
            "준공년월":"2015-01-29",
            "준공년차":8.0,
            "가까운역이름":"NA",
            "가까운역거리":"NA",
            "역세권여부":"NA",
            "30분이내주요거점역":"NA",
            "1시간이내주요거점역":"NA",
            "3km이내백화점수":0,
            "5km이내아울렛몰수":0,
            "1km이내대형먀트수":2,
            "500m이내은행수":0,
            "500m이내병원수":5,
            "5km이내대형병원수":2,
            "500m이내공원수":2,
            "3km이내혐오시설수":0,
            "초등학교학업성취도":90.99,
            "중학교학업성취도":72.0,
            "용적률":246,
            "건폐율":79,
            "Y":34.888569,
            "X":128.690793,
            "rank":4.0,
            "area_info":"33평(111.89), 33평(111.3), 45평(149.5), 51평(171.2)",
            "last_sales":"2021-11-11,35500.0,33평(111.3)"
        },
        {
            "index":340,
            "아파트명":"e편한세상옥포",
            "투자타입":"일반",
            "전용면적(m2)":"83.84",
            "전용면적(평)":"25평",
            "법정동주소":"경상남도 거제시 옥포동 874-11",
            "도로명주소":"경상남도 거제시 성산로 33",
            "세대수":80,
            "입주년차":80,
            "용적률점수":"--",
            "건폐율점수":"--",
            "세대당주차수":30,
            "난방방식":30,
            "공급면적":"--",
            "전용률":"--",
            "욕실수":100,
            "현관타입":100,
            "주거총점":71.5,
            "지역구공급총점":0.0,
            "역세권":"NA",
            "30분내 이동가능 거점":"NA",
            "1시간내 이동가능 거점":"NA",
            "교통총점":"NA",
            "백화점":0,
            "아울렛몰":0,
            "대형마트":80,
            "은행":0,
            "병원":0,
            "종합병원":100,
            "공원":100,
            "혐오시설":0,
            "인프라총점":35.0,
            "초등학군":89.44,
            "중학군":37.18,
            "학군총점":47.632,
            "인구수":27.98,
            "인구증감":-11.88,
            "인구총점":16.022,
            "일자리":14.1,
            "소득수준":65.62,
            "일자리총점":29.556,
            "가치 총점":50.933,
            "매매실거래년":20211117.0,
            "매매실거래가":37000.0,
            "전세실거래년":20200820.0,
            "전세실거래가":15000.0,
            "전세가율":73.17,
            "장기전세가율평균":72.48,
            "전세가율거품지수":-0.69,
            "검색코드":108309,
            "세대수":798.0,
            "준공년월":"2016-08-31",
            "준공년차":7.0,
            "가까운역이름":"NA",
            "가까운역거리":"NA",
            "역세권여부":"NA",
            "30분이내주요거점역":"NA",
            "1시간이내주요거점역":"NA",
            "3km이내백화점수":0,
            "5km이내아울렛몰수":0,
            "1km이내대형먀트수":1,
            "500m이내은행수":0,
            "500m이내병원수":0,
            "5km이내대형병원수":2,
            "500m이내공원수":4,
            "3km이내혐오시설수":0,
            "초등학교학업성취도":89.44,
            "중학교학업성취도":61.7,
            "용적률":0,
            "건폐율":0,
            "Y":34.899148,
            "X":128.695657,
            "rank":5.0,
            "area_info":"25평(83.84), 25평(83.92), 25평(84.48), 25평(84.48), 33평(109.43), 33평(109.88), 33평(111.88), 33평(112.32), 42평(140.68)",
            "last_sales":"2021-11-17,37000.0,42평(140.68)"
        },
        {
            "index":527,
            "아파트명":"장평주공2단지",
            "투자타입":"재건축",
            "전용면적(m2)":"45.45",
            "전용면적(평)":"13평",
            "법정동주소":"경상남도 거제시 장평동 619",
            "도로명주소":"경상남도 거제시 장평1로 143",
            "세대수":50,
            "입주년차":"--",
            "용적률점수":100,
            "건폐율점수":80,
            "세대당주차수":"--",
            "난방방식":"--",
            "공급면적":50,
            "전용률":80,
            "욕실수":"--",
            "현관타입":"--",
            "주거총점":77.5,
            "지역구공급총점":0.0,
            "역세권":"NA",
            "30분내 이동가능 거점":"NA",
            "1시간내 이동가능 거점":"NA",
            "교통총점":"NA",
            "백화점":0,
            "아울렛몰":0,
            "대형마트":0,
            "은행":0,
            "병원":30,
            "종합병원":100,
            "공원":100,
            "혐오시설":0,
            "인프라총점":26.0,
            "초등학군":88.35,
            "중학군":43.88,
            "학군총점":52.774,
            "인구수":27.98,
            "인구증감":-11.88,
            "인구총점":16.022,
            "일자리":14.1,
            "소득수준":65.62,
            "일자리총점":29.556,
            "가치 총점":50.7185,
            "매매실거래년":20211231.0,
            "매매실거래가":11000.0,
            "전세실거래년":20211106.0,
            "전세실거래가":6000.0,
            "전세가율":51.28,
            "장기전세가율평균":72.48,
            "전세가율거품지수":21.2,
            "검색코드":15302,
            "세대수":630.0,
            "준공년월":"1992-03-21",
            "준공년차":31.0,
            "가까운역이름":"NA",
            "가까운역거리":"NA",
            "역세권여부":"NA",
            "30분이내주요거점역":"NA",
            "1시간이내주요거점역":"NA",
            "3km이내백화점수":0,
            "5km이내아울렛몰수":0,
            "1km이내대형먀트수":0,
            "500m이내은행수":1,
            "500m이내병원수":6,
            "5km이내대형병원수":2,
            "500m이내공원수":3,
            "3km이내혐오시설수":0,
            "초등학교학업성취도":88.35,
            "중학교학업성취도":72.2,
            "용적률":98,
            "건폐율":20,
            "Y":34.891351,
            "X":128.605328,
            "rank":6.0,
            "area_info":"13평(45.45), 13평(45.84), 15평(52.83), 16평(53.16)",
            "last_sales":"2021-12-31,11000.0,13평(45.84)"
        },
        {
            "index":507,
            "아파트명":"덕산아내1차",
            "투자타입":"일반",
            "전용면적(m2)":"102.11",
            "전용면적(평)":"30평",
            "법정동주소":"경상남도 거제시 장평동 143",
            "도로명주소":"경상남도 거제시 장평2로 19",
            "세대수":80,
            "입주년차":40,
            "용적률점수":"--",
            "건폐율점수":"--",
            "세대당주차수":30,
            "난방방식":30,
            "공급면적":"--",
            "전용률":"--",
            "욕실수":100,
            "현관타입":100,
            "주거총점":63.5,
            "지역구공급총점":0.0,
            "역세권":"NA",
            "30분내 이동가능 거점":"NA",
            "1시간내 이동가능 거점":"NA",
            "교통총점":"NA",
            "백화점":0,
            "아울렛몰":0,
            "대형마트":80,
            "은행":0,
            "병원":10,
            "종합병원":100,
            "공원":100,
            "혐오시설":0,
            "인프라총점":36.0,
            "초등학군":92.34,
            "중학군":43.88,
            "학군총점":53.572,
            "인구수":27.98,
            "인구증감":-11.88,
            "인구총점":16.022,
            "일자리":14.1,
            "소득수준":65.62,
            "일자리총점":29.556,
            "가치 총점":50.018,
            "매매실거래년":20211227.0,
            "매매실거래가":15700.0,
            "전세실거래년":20211122.0,
            "전세실거래가":15000.0,
            "전세가율":95.54,
            "장기전세가율평균":72.48,
            "전세가율거품지수":-23.06,
            "검색코드":106386,
            "세대수":744.0,
            "준공년월":"2008-02-22",
            "준공년차":15.0,
            "가까운역이름":"NA",
            "가까운역거리":"NA",
            "역세권여부":"NA",
            "30분이내주요거점역":"NA",
            "1시간이내주요거점역":"NA",
            "3km이내백화점수":0,
            "5km이내아울렛몰수":0,
            "1km이내대형먀트수":1,
            "500m이내은행수":0,
            "500m이내병원수":4,
            "5km이내대형병원수":2,
            "500m이내공원수":4,
            "3km이내혐오시설수":0,
            "초등학교학업성취도":92.34,
            "중학교학업성취도":72.2,
            "용적률":209,
            "건폐율":18,
            "Y":34.888197,
            "X":128.610436,
            "rank":7.0,
            "area_info":"30평(102.11), 34평(113.64)",
            "last_sales":"2021-12-27,15700.0,30평(102.11)"
        },
        {
            "index":320,
            "아파트명":"거제아이파크",
            "투자타입":"일반",
            "전용면적(m2)":"111.83",
            "전용면적(평)":"33평",
            "법정동주소":"경상남도 거제시 양정동 279",
            "도로명주소":"경상남도 거제시 양정5길 36",
            "세대수":90,
            "입주년차":80,
            "용적률점수":"--",
            "건폐율점수":"--",
            "세대당주차수":30,
            "난방방식":30,
            "공급면적":"--",
            "전용률":"--",
            "욕실수":100,
            "현관타입":100,
            "주거총점":75.0,
            "지역구공급총점":0.0,
            "역세권":"NA",
            "30분내 이동가능 거점":"NA",
            "1시간내 이동가능 거점":"NA",
            "교통총점":"NA",
            "백화점":0,
            "아울렛몰":0,
            "대형마트":0,
            "은행":0,
            "병원":0,
            "종합병원":100,
            "공원":0,
            "혐오시설":0,
            "인프라총점":20.0,
            "초등학군":94.22,
            "중학군":50.76,
            "학군총점":59.452,
            "인구수":27.98,
            "인구증감":-11.88,
            "인구총점":16.022,
            "일자리":14.1,
            "소득수준":65.62,
            "일자리총점":29.556,
            "가치 총점":49.113,
            "매매실거래년":20211203.0,
            "매매실거래가":27000.0,
            "전세실거래년":20211016.0,
            "전세실거래가":18000.0,
            "전세가율":65.45,
            "장기전세가율평균":72.48,
            "전세가율거품지수":7.03,
            "검색코드":109468,
            "세대수":995.0,
            "준공년월":"2017-03-30",
            "준공년차":6.0,
            "가까운역이름":"NA",
            "가까운역거리":"NA",
            "역세권여부":"NA",
            "30분이내주요거점역":"NA",
            "1시간이내주요거점역":"NA",
            "3km이내백화점수":0,
            "5km이내아울렛몰수":0,
            "1km이내대형먀트수":0,
            "500m이내은행수":0,
            "500m이내병원수":0,
            "5km이내대형병원수":2,
            "500m이내공원수":0,
            "3km이내혐오시설수":0,
            "초등학교학업성취도":94.22,
            "중학교학업성취도":84.2,
            "용적률":185,
            "건폐율":13,
            "Y":34.873785,
            "X":128.647745,
            "rank":8.0,
            "area_info":"33평(111.83), 33평(111.83), 34평(112.87), 34평(112.64), 34평(112.64), 42평(138.91)",
            "last_sales":"2021-12-03,27000.0,34평(112.87)"
        },
        {
            "index":202,
            "아파트명":"힐스테이트거제",
            "투자타입":"일반",
            "전용면적(m2)":"109.9",
            "전용면적(평)":"33평",
            "법정동주소":"경상남도 거제시 상동동 1080",
            "도로명주소":"경상남도 거제시 상동3길 15",
            "세대수":90,
            "입주년차":80,
            "용적률점수":"--",
            "건폐율점수":"--",
            "세대당주차수":30,
            "난방방식":30,
            "공급면적":"--",
            "전용률":"--",
            "욕실수":100,
            "현관타입":100,
            "주거총점":75.0,
            "지역구공급총점":0.0,
            "역세권":"NA",
            "30분내 이동가능 거점":"NA",
            "1시간내 이동가능 거점":"NA",
            "교통총점":"NA",
            "백화점":0,
            "아울렛몰":0,
            "대형마트":0,
            "은행":0,
            "병원":10,
            "종합병원":100,
            "공원":80,
            "혐오시설":0,
            "인프라총점":23.4,
            "초등학군":89.2,
            "중학군":43.4,
            "학군총점":52.56,
            "인구수":27.98,
            "인구증감":-11.88,
            "인구총점":16.022,
            "일자리":14.1,
            "소득수준":65.62,
            "일자리총점":29.556,
            "가치 총점":48.75,
            "매매실거래년":20211209.0,
            "매매실거래가":46000.0,
            "전세실거래년":20211113.0,
            "전세실거래가":23500.0,
            "전세가율":62.17,
            "장기전세가율평균":72.48,
            "전세가율거품지수":10.31,
            "검색코드":111832,
            "세대수":1041.0,
            "준공년월":"2018-04-27",
            "준공년차":5.0,
            "가까운역이름":"NA",
            "가까운역거리":"NA",
            "역세권여부":"NA",
            "30분이내주요거점역":"NA",
            "1시간이내주요거점역":"NA",
            "3km이내백화점수":0,
            "5km이내아울렛몰수":0,
            "1km이내대형먀트수":0,
            "500m이내은행수":0,
            "500m이내병원수":4,
            "5km이내대형병원수":2,
            "500m이내공원수":1,
            "3km이내혐오시설수":0,
            "초등학교학업성취도":89.2,
            "중학교학업성취도":71.6,
            "용적률":248,
            "건폐율":24,
            "Y":34.865526,
            "X":128.636501,
            "rank":9.0,
            "area_info":"33평(109.9), 33평(110.12), 46평(154.46), 54평(180.75), 55평(184.21), 55평(185.09)",
            "last_sales":"2021-12-09,46000.0,46평(154.46)"
        },
        {
            "index":158,
            "아파트명":"거제더샵블루시티",
            "투자타입":"일반",
            "전용면적(m2)":"98.72",
            "전용면적(평)":"29평",
            "법정동주소":"경상남도 거제시 상동동 1077",
            "도로명주소":"경상남도 거제시 상동5길 100",
            "세대수":90,
            "입주년차":80,
            "용적률점수":"--",
            "건폐율점수":"--",
            "세대당주차수":30,
            "난방방식":30,
            "공급면적":"--",
            "전용률":"--",
            "욕실수":100,
            "현관타입":100,
            "주거총점":75.0,
            "지역구공급총점":0.0,
            "역세권":"NA",
            "30분내 이동가능 거점":"NA",
            "1시간내 이동가능 거점":"NA",
            "교통총점":"NA",
            "백화점":0,
            "아울렛몰":0,
            "대형마트":0,
            "은행":0,
            "병원":0,
            "종합병원":100,
            "공원":100,
            "혐오시설":0,
            "인프라총점":23.0,
            "초등학군":89.2,
            "중학군":43.4,
            "학군총점":52.56,
            "인구수":27.98,
            "인구증감":-11.88,
            "인구총점":16.022,
            "일자리":14.1,
            "소득수준":65.62,
            "일자리총점":29.556,
            "가치 총점":48.59,
            "매매실거래년":20211229.0,
            "매매실거래가":32650.0,
            "전세실거래년":20211123.0,
            "전세실거래가":17000.0,
            "전세가율":64.89,
            "장기전세가율평균":72.48,
            "전세가율거품지수":7.59,
            "검색코드":109556,
            "세대수":988.0,
            "준공년월":"2017-10-27",
            "준공년차":6.0,
            "가까운역이름":"NA",
            "가까운역거리":"NA",
            "역세권여부":"NA",
            "30분이내주요거점역":"NA",
            "1시간이내주요거점역":"NA",
            "3km이내백화점수":0,
            "5km이내아울렛몰수":0,
            "1km이내대형먀트수":0,
            "500m이내은행수":0,
            "500m이내병원수":1,
            "5km이내대형병원수":2,
            "500m이내공원수":3,
            "3km이내혐오시설수":0,
            "초등학교학업성취도":89.2,
            "중학교학업성취도":71.6,
            "용적률":186,
            "건폐율":13,
            "Y":34.863358,
            "X":128.629474,
            "rank":10.0,
            "area_info":"29평(98.72), 30평(99.91), 33평(111.64), 34평(112.64), 34평(112.5)",
            "last_sales":"2021-12-29,32650.0,34평(112.64)"
        },
        {
            "index":399,
            "아파트명":"석천아트타운",
            "투자타입":"재건축",
            "전용면적(m2)":"86.65",
            "전용면적(평)":"26평",
            "법정동주소":"경상남도 거제시 옥포동 874-1",
            "도로명주소":"경상남도 거제시 국산로 166",
            "세대수":0,
            "입주년차":"--",
            "용적률점수":100,
            "건폐율점수":80,
            "세대당주차수":"--",
            "난방방식":"--",
            "공급면적":70,
            "전용률":100,
            "욕실수":"--",
            "현관타입":"--",
            "주거총점":64.5,
            "지역구공급총점":0.0,
            "역세권":"NA",
            "30분내 이동가능 거점":"NA",
            "1시간내 이동가능 거점":"NA",
            "교통총점":"NA",
            "백화점":0,
            "아울렛몰":0,
            "대형마트":80,
            "은행":0,
            "병원":0,
            "종합병원":100,
            "공원":100,
            "혐오시설":0,
            "인프라총점":35.0,
            "초등학군":89.44,
            "중학군":37.18,
            "학군총점":47.632,
            "인구수":27.98,
            "인구증감":-11.88,
            "인구총점":16.022,
            "일자리":14.1,
            "소득수준":65.62,
            "일자리총점":29.556,
            "가치 총점":48.483,
            "매매실거래년":20210916.0,
            "매매실거래가":10000.0,
            "전세실거래년":20210224.0,
            "전세실거래가":5500.0,
            "전세가율":55.0,
            "장기전세가율평균":72.48,
            "전세가율거품지수":17.48,
            "검색코드":6006,
            "세대수":190.0,
            "준공년월":"1992-12-31",
            "준공년차":31.0,
            "가까운역이름":"NA",
            "가까운역거리":"NA",
            "역세권여부":"NA",
            "30분이내주요거점역":"NA",
            "1시간이내주요거점역":"NA",
            "3km이내백화점수":0,
            "5km이내아울렛몰수":0,
            "1km이내대형먀트수":1,
            "500m이내은행수":0,
            "500m이내병원수":0,
            "5km이내대형병원수":2,
            "500m이내공원수":4,
            "3km이내혐오시설수":0,
            "초등학교학업성취도":89.44,
            "중학교학업성취도":61.7,
            "용적률":135,
            "건폐율":27,
            "Y":34.899562,
            "X":128.694903,
            "rank":11.0,
            "area_info":"26평(86.65), 27평(92.13), 41평(136.88)",
            "last_sales":"2021-09-16,10000.0,26평(86.65)"
        },
        {
            "index":377,
            "아파트명":"무지개타운",
            "투자타입":"재건축",
            "전용면적(m2)":"78.42",
            "전용면적(평)":"23평",
            "법정동주소":"경상남도 거제시 옥포동 878-2",
            "도로명주소":"경상남도 거제시 성산로 20",
            "세대수":0,
            "입주년차":"--",
            "용적률점수":100,
            "건폐율점수":80,
            "세대당주차수":"--",
            "난방방식":"--",
            "공급면적":50,
            "전용률":100,
            "욕실수":"--",
            "현관타입":"--",
            "주거총점":63.5,
            "지역구공급총점":0.0,
            "역세권":"NA",
            "30분내 이동가능 거점":"NA",
            "1시간내 이동가능 거점":"NA",
            "교통총점":"NA",
            "백화점":0,
            "아울렛몰":0,
            "대형마트":80,
            "은행":0,
            "병원":0,
            "종합병원":100,
            "공원":100,
            "혐오시설":0,
            "인프라총점":35.0,
            "초등학군":89.44,
            "중학군":37.18,
            "학군총점":47.632,
            "인구수":27.98,
            "인구증감":-11.88,
            "인구총점":16.022,
            "일자리":14.1,
            "소득수준":65.62,
            "일자리총점":29.556,
            "가치 총점":48.133,
            "매매실거래년":20220101.0,
            "매매실거래가":10000.0,
            "전세실거래년":20160926.0,
            "전세실거래가":9000.0,
            "전세가율":90.0,
            "장기전세가율평균":72.48,
            "전세가율거품지수":-17.52,
            "검색코드":5988,
            "세대수":175.0,
            "준공년월":"1992-01-06",
            "준공년차":31.0,
            "가까운역이름":"NA",
            "가까운역거리":"NA",
            "역세권여부":"NA",
            "30분이내주요거점역":"NA",
            "1시간이내주요거점역":"NA",
            "3km이내백화점수":0,
            "5km이내아울렛몰수":0,
            "1km이내대형먀트수":1,
            "500m이내은행수":0,
            "500m이내병원수":0,
            "5km이내대형병원수":2,
            "500m이내공원수":4,
            "3km이내혐오시설수":0,
            "초등학교학업성취도":89.44,
            "중학교학업성취도":61.7,
            "용적률":128,
            "건폐율":27,
            "Y":34.898568,
            "X":128.69682,
            "rank":12.0,
            "area_info":"23평(78.42), 24평(79.66), 25평(85.27), 26평(88.15)",
            "last_sales":"2022-01-01,10000.0,23평(78.42)"
        },
        {
            "index":69,
            "아파트명":"스타힐스센트럴",
            "투자타입":"일반",
            "전용면적(m2)":"111.67",
            "전용면적(평)":"33평",
            "법정동주소":"경상남도 거제시 고현동 1",
            "도로명주소":"경상남도 거제시 고현로 138-37",
            "세대수":80,
            "입주년차":80,
            "용적률점수":"--",
            "건폐율점수":"--",
            "세대당주차수":30,
            "난방방식":30,
            "공급면적":"--",
            "전용률":"--",
            "욕실수":100,
            "현관타입":100,
            "주거총점":71.5,
            "지역구공급총점":0.0,
            "역세권":"NA",
            "30분내 이동가능 거점":"NA",
            "1시간내 이동가능 거점":"NA",
            "교통총점":"NA",
            "백화점":0,
            "아울렛몰":0,
            "대형마트":0,
            "은행":0,
            "병원":10,
            "종합병원":100,
            "공원":100,
            "혐오시설":0,
            "인프라총점":24.0,
            "초등학군":88.35,
            "중학군":42.3,
            "학군총점":51.51,
            "인구수":27.98,
            "인구증감":-11.88,
            "인구총점":16.022,
            "일자리":14.1,
            "소득수준":65.62,
            "일자리총점":29.556,
            "가치 총점":47.5025,
            "매매실거래년":20220107.0,
            "매매실거래가":29000.0,
            "전세실거래년":20211224.0,
            "전세실거래가":21000.0,
            "전세가율":72.41,
            "장기전세가율평균":72.48,
            "전세가율거품지수":0.07,
            "검색코드":111724,
            "세대수":726.0,
            "준공년월":"2015-05-29",
            "준공년차":8.0,
            "가까운역이름":"NA",
            "가까운역거리":"NA",
            "역세권여부":"NA",
            "30분이내주요거점역":"NA",
            "1시간이내주요거점역":"NA",
            "3km이내백화점수":0,
            "5km이내아울렛몰수":0,
            "1km이내대형먀트수":0,
            "500m이내은행수":0,
            "500m이내병원수":2,
            "5km이내대형병원수":2,
            "500m이내공원수":2,
            "3km이내혐오시설수":0,
            "초등학교학업성취도":88.35,
            "중학교학업성취도":70.5,
            "용적률":164,
            "건폐율":37,
            "Y":34.892033,
            "X":128.632368,
            "rank":13.0,
            "area_info":"33평(111.67), 33평(111.19)",
            "last_sales":"2022-01-07,29000.0,33평(111.67)"
        },
        {
            "index":122,
            "아파트명":"거제센트럴푸르지오",
            "투자타입":"일반",
            "전용면적(m2)":"84.11",
            "전용면적(평)":"25평",
            "법정동주소":"경상남도 거제시 문동동 756",
            "도로명주소":"경상남도 거제시 문동1길 42",
            "세대수":90,
            "입주년차":80,
            "용적률점수":"--",
            "건폐율점수":"--",
            "세대당주차수":30,
            "난방방식":30,
            "공급면적":"--",
            "전용률":"--",
            "욕실수":100,
            "현관타입":100,
            "주거총점":75.0,
            "지역구공급총점":0.0,
            "역세권":"NA",
            "30분내 이동가능 거점":"NA",
            "1시간내 이동가능 거점":"NA",
            "교통총점":"NA",
            "백화점":0,
            "아울렛몰":0,
            "대형마트":0,
            "은행":0,
            "병원":0,
            "종합병원":100,
            "공원":0,
            "혐오시설":0,
            "인프라총점":20.0,
            "초등학군":89.42,
            "중학군":43.4,
            "학군총점":52.604,
            "인구수":27.98,
            "인구증감":-11.88,
            "인구총점":16.022,
            "일자리":14.1,
            "소득수준":65.62,
            "일자리총점":29.556,
            "가치 총점":47.401,
            "매매실거래년":20220105.0,
            "매매실거래가":25500.0,
            "전세실거래년":20220114.0,
            "전세실거래가":14000.0,
            "전세가율":72.73,
            "장기전세가율평균":72.48,
            "전세가율거품지수":-0.25,
            "검색코드":110676,
            "세대수":1164.0,
            "준공년월":"2018-01-31",
            "준공년차":5.0,
            "가까운역이름":"NA",
            "가까운역거리":"NA",
            "역세권여부":"NA",
            "30분이내주요거점역":"NA",
            "1시간이내주요거점역":"NA",
            "3km이내백화점수":0,
            "5km이내아울렛몰수":0,
            "1km이내대형먀트수":0,
            "500m이내은행수":0,
            "500m이내병원수":0,
            "5km이내대형병원수":2,
            "500m이내공원수":0,
            "3km이내혐오시설수":0,
            "초등학교학업성취도":89.42,
            "중학교학업성취도":71.6,
            "용적률":169,
            "건폐율":13,
            "Y":34.858725,
            "X":128.642106,
            "rank":14.0,
            "area_info":"25평(84.11), 25평(85.31), 29평(98.72), 29평(99.14), 33평(111.94), 33평(112.03)",
            "last_sales":"2022-01-05,25500.0,33평(112.03)"
        },
        {
            "index":230,
            "아파트명":"거제마린푸르지오1단지",
            "투자타입":"일반",
            "전용면적(m2)":"81.98",
            "전용면적(평)":"24평",
            "법정동주소":"경상남도 거제시 아주동 1000",
            "도로명주소":"경상남도 거제시 용소1길 17-17",
            "세대수":80,
            "입주년차":80,
            "용적률점수":"--",
            "건폐율점수":"--",
            "세대당주차수":30,
            "난방방식":30,
            "공급면적":"--",
            "전용률":"--",
            "욕실수":100,
            "현관타입":100,
            "주거총점":71.5,
            "지역구공급총점":0.0,
            "역세권":"NA",
            "30분내 이동가능 거점":"NA",
            "1시간내 이동가능 거점":"NA",
            "교통총점":"NA",
            "백화점":0,
            "아울렛몰":0,
            "대형마트":0,
            "은행":0,
            "병원":10,
            "종합병원":80,
            "공원":80,
            "혐오시설":0,
            "인프라총점":19.4,
            "초등학군":90.0,
            "중학군":49.48,
            "학군총점":57.584,
            "인구수":27.98,
            "인구증감":-11.88,
            "인구총점":16.022,
            "일자리":14.1,
            "소득수준":65.62,
            "일자리총점":29.556,
            "가치 총점":47.181,
            "매매실거래년":20211225.0,
            "매매실거래가":19700.0,
            "전세실거래년":20211122.0,
            "전세실거래가":12000.0,
            "전세가율":60.91,
            "장기전세가율평균":72.48,
            "전세가율거품지수":11.57,
            "검색코드":106097,
            "세대수":764.0,
            "준공년월":"2015-01-30",
            "준공년차":8.0,
            "가까운역이름":"NA",
            "가까운역거리":"NA",
            "역세권여부":"NA",
            "30분이내주요거점역":"NA",
            "1시간이내주요거점역":"NA",
            "3km이내백화점수":0,
            "5km이내아울렛몰수":0,
            "1km이내대형먀트수":0,
            "500m이내은행수":0,
            "500m이내병원수":4,
            "5km이내대형병원수":1,
            "500m이내공원수":1,
            "3km이내혐오시설수":0,
            "초등학교학업성취도":90.0,
            "중학교학업성취도":82.0,
            "용적률":232,
            "건폐율":24,
            "Y":34.871081,
            "X":128.689227,
            "rank":15.0,
            "area_info":"24평(81.98), 29평(96.56), 29평(98.57), 32평(108.7), 33평(111.41), 33평(112.0), 33평(112.0), 34평(115.45)",
            "last_sales":"2021-12-25,19700.0,24평(81.98)"
        },
        {
            "index":371,
            "아파트명":"덕산4차",
            "투자타입":"재건축",
            "전용면적(m2)":"62.97",
            "전용면적(평)":"19평",
            "법정동주소":"경상남도 거제시 옥포동 1279",
            "도로명주소":"경상남도 거제시 옥포로 305",
            "세대수":50,
            "입주년차":"--",
            "용적률점수":100,
            "건폐율점수":60,
            "세대당주차수":"--",
            "난방방식":"--",
            "공급면적":50,
            "전용률":80,
            "욕실수":"--",
            "현관타입":"--",
            "주거총점":73.5,
            "지역구공급총점":0.0,
            "역세권":"NA",
            "30분내 이동가능 거점":"NA",
            "1시간내 이동가능 거점":"NA",
            "교통총점":"NA",
            "백화점":0,
            "아울렛몰":0,
            "대형마트":0,
            "은행":0,
            "병원":0,
            "종합병원":100,
            "공원":100,
            "혐오시설":0,
            "인프라총점":23.0,
            "초등학군":87.28,
            "중학군":37.18,
            "학군총점":47.2,
            "인구수":27.98,
            "인구증감":-11.88,
            "인구총점":16.022,
            "일자리":14.1,
            "소득수준":65.62,
            "일자리총점":29.556,
            "가치 총점":46.725,
            "매매실거래년":20220106.0,
            "매매실거래가":6800.0,
            "전세실거래년":20210406.0,
            "전세실거래가":5000.0,
            "전세가율":55.56,
            "장기전세가율평균":72.48,
            "전세가율거품지수":16.92,
            "검색코드":5982,
            "세대수":480.0,
            "준공년월":"1990-12-01",
            "준공년차":33.0,
            "가까운역이름":"NA",
            "가까운역거리":"NA",
            "역세권여부":"NA",
            "30분이내주요거점역":"NA",
            "1시간이내주요거점역":"NA",
            "3km이내백화점수":0,
            "5km이내아울렛몰수":0,
            "1km이내대형먀트수":0,
            "500m이내은행수":0,
            "500m이내병원수":0,
            "5km이내대형병원수":2,
            "500m이내공원수":3,
            "3km이내혐오시설수":0,
            "초등학교학업성취도":87.28,
            "중학교학업성취도":61.7,
            "용적률":149,
            "건폐율":30,
            "Y":34.900475,
            "X":128.684789,
            "rank":16.0,
            "area_info":"19평(62.97), 19평(64.05), 20평(66.27), 20평(66.81)",
            "last_sales":"2022-01-06,6800.0,20평(66.81)"
        },
        {
            "index":316,
            "아파트명":"거제수월힐스테이트",
            "투자타입":"일반",
            "전용면적(m2)":"114.96",
            "전용면적(평)":"34평",
            "법정동주소":"경상남도 거제시 양정동 885",
            "도로명주소":"경상남도 거제시 제산로 51",
            "세대수":80,
            "입주년차":60,
            "용적률점수":"--",
            "건폐율점수":"--",
            "세대당주차수":30,
            "난방방식":30,
            "공급면적":"--",
            "전용률":"--",
            "욕실수":100,
            "현관타입":100,
            "주거총점":67.5,
            "지역구공급총점":0.0,
            "역세권":"NA",
            "30분내 이동가능 거점":"NA",
            "1시간내 이동가능 거점":"NA",
            "교통총점":"NA",
            "백화점":0,
            "아울렛몰":0,
            "대형마트":0,
            "은행":0,
            "병원":10,
            "종합병원":100,
            "공원":0,
            "혐오시설":0,
            "인프라총점":21.0,
            "초등학군":90.25,
            "중학군":50.76,
            "학군총점":58.658,
            "인구수":27.98,
            "인구증감":-11.88,
            "인구총점":16.022,
            "일자리":14.1,
            "소득수준":65.62,
            "일자리총점":29.556,
            "가치 총점":46.6895,
            "매매실거래년":20211205.0,
            "매매실거래가":37250.0,
            "전세실거래년":20211029.0,
            "전세실거래가":32000.0,
            "전세가율":78.43,
            "장기전세가율평균":72.48,
            "전세가율거품지수":-5.95,
            "검색코드":103937,
            "세대수":715.0,
            "준공년월":"2012-04-19",
            "준공년차":11.0,
            "가까운역이름":"NA",
            "가까운역거리":"NA",
            "역세권여부":"NA",
            "30분이내주요거점역":"NA",
            "1시간이내주요거점역":"NA",
            "3km이내백화점수":0,
            "5km이내아울렛몰수":0,
            "1km이내대형먀트수":0,
            "500m이내은행수":0,
            "500m이내병원수":4,
            "5km이내대형병원수":2,
            "500m이내공원수":0,
            "3km이내혐오시설수":0,
            "초등학교학업성취도":90.25,
            "중학교학업성취도":84.2,
            "용적률":229,
            "건폐율":17,
            "Y":34.889704,
            "X":128.641551,
            "rank":17.0,
            "area_info":"34평(114.96), 34평(114.79), 34평(115.57), 34평(115.5)",
            "last_sales":"2021-12-05,37250.0,34평(115.5)"
        },
        {
            "index":210,
            "아파트명":"거제자이",
            "투자타입":"일반",
            "전용면적(m2)":"114.81",
            "전용면적(평)":"34평",
            "법정동주소":"경상남도 거제시 수월동 1092",
            "도로명주소":"경상남도 거제시 해명로 52",
            "세대수":90,
            "입주년차":40,
            "용적률점수":"--",
            "건폐율점수":"--",
            "세대당주차수":30,
            "난방방식":30,
            "공급면적":"--",
            "전용률":"--",
            "욕실수":100,
            "현관타입":100,
            "주거총점":67.0,
            "지역구공급총점":0.0,
            "역세권":"NA",
            "30분내 이동가능 거점":"NA",
            "1시간내 이동가능 거점":"NA",
            "교통총점":"NA",
            "백화점":0,
            "아울렛몰":0,
            "대형마트":0,
            "은행":0,
            "병원":10,
            "종합병원":100,
            "공원":0,
            "혐오시설":0,
            "인프라총점":21.0,
            "초등학군":90.25,
            "중학군":50.76,
            "학군총점":58.658,
            "인구수":27.98,
            "인구증감":-11.88,
            "인구총점":16.022,
            "일자리":14.1,
            "소득수준":65.62,
            "일자리총점":29.556,
            "가치 총점":46.5145,
            "매매실거래년":20211217.0,
            "매매실거래가":43500.0,
            "전세실거래년":20220114.0,
            "전세실거래가":25200.0,
            "전세가율":63.48,
            "장기전세가율평균":72.48,
            "전세가율거품지수":9.0,
            "검색코드":27449,
            "세대수":1196.0,
            "준공년월":"2008-12-26",
            "준공년차":15.0,
            "가까운역이름":"NA",
            "가까운역거리":"NA",
            "역세권여부":"NA",
            "30분이내주요거점역":"NA",
            "1시간이내주요거점역":"NA",
            "3km이내백화점수":0,
            "5km이내아울렛몰수":0,
            "1km이내대형먀트수":0,
            "500m이내은행수":0,
            "500m이내병원수":4,
            "5km이내대형병원수":2,
            "500m이내공원수":0,
            "3km이내혐오시설수":0,
            "초등학교학업성취도":90.25,
            "중학교학업성취도":84.2,
            "용적률":226,
            "건폐율":28,
            "Y":34.892943,
            "X":128.642889,
            "rank":18.0,
            "area_info":"34평(114.81), 35평(117.22), 41평(137.61), 50평(167.14), 63평(209.72)",
            "last_sales":"2021-12-17,43500.0,41평(137.61)"
        },
        {
            "index":366,
            "아파트명":"덕산2차",
            "투자타입":"재건축",
            "전용면적(m2)":"55.96",
            "전용면적(평)":"16평",
            "법정동주소":"경상남도 거제시 옥포동 1278",
            "도로명주소":"경상남도 거제시 옥포로 298",
            "세대수":30,
            "입주년차":"--",
            "용적률점수":100,
            "건폐율점수":80,
            "세대당주차수":"--",
            "난방방식":"--",
            "공급면적":50,
            "전용률":80,
            "욕실수":"--",
            "현관타입":"--",
            "주거총점":71.5,
            "지역구공급총점":0.0,
            "역세권":"NA",
            "30분내 이동가능 거점":"NA",
            "1시간내 이동가능 거점":"NA",
            "교통총점":"NA",
            "백화점":0,
            "아울렛몰":0,
            "대형마트":0,
            "은행":0,
            "병원":0,
            "종합병원":100,
            "공원":100,
            "혐오시설":0,
            "인프라총점":23.0,
            "초등학군":87.28,
            "중학군":37.18,
            "학군총점":47.2,
            "인구수":27.98,
            "인구증감":-11.88,
            "인구총점":16.022,
            "일자리":14.1,
            "소득수준":65.62,
            "일자리총점":29.556,
            "가치 총점":46.025,
            "매매실거래년":20211127.0,
            "매매실거래가":7500.0,
            "전세실거래년":20220106.0,
            "전세실거래가":4000.0,
            "전세가율":53.33,
            "장기전세가율평균":72.48,
            "전세가율거품지수":19.15,
            "검색코드":5976,
            "세대수":325.0,
            "준공년월":"1989-11-16",
            "준공년차":34.0,
            "가까운역이름":"NA",
            "가까운역거리":"NA",
            "역세권여부":"NA",
            "30분이내주요거점역":"NA",
            "1시간이내주요거점역":"NA",
            "3km이내백화점수":0,
            "5km이내아울렛몰수":0,
            "1km이내대형먀트수":0,
            "500m이내은행수":0,
            "500m이내병원수":0,
            "5km이내대형병원수":2,
            "500m이내공원수":2,
            "3km이내혐오시설수":0,
            "초등학교학업성취도":87.28,
            "중학교학업성취도":61.7,
            "용적률":131,
            "건폐율":27,
            "Y":34.901187,
            "X":128.686436,
            "rank":19.0,
            "area_info":"16평(55.96), 16평(55.99)",
            "last_sales":"2021-11-27,7500.0,16평(55.96)"
        },
        {
            "index":309,
            "아파트명":"거제2차아이파크2단지",
            "투자타입":"일반",
            "전용면적(m2)":"99.53",
            "전용면적(평)":"30평",
            "법정동주소":"경상남도 거제시 양정동 1097",
            "도로명주소":"경상남도 거제시 수양로 110",
            "세대수":50,
            "입주년차":80,
            "용적률점수":"--",
            "건폐율점수":"--",
            "세대당주차수":30,
            "난방방식":30,
            "공급면적":"--",
            "전용률":"--",
            "욕실수":100,
            "현관타입":100,
            "주거총점":61.0,
            "지역구공급총점":0.0,
            "역세권":"NA",
            "30분내 이동가능 거점":"NA",
            "1시간내 이동가능 거점":"NA",
            "교통총점":"NA",
            "백화점":0,
            "아울렛몰":0,
            "대형마트":0,
            "은행":0,
            "병원":0,
            "종합병원":100,
            "공원":80,
            "혐오시설":0,
            "인프라총점":22.4,
            "초등학군":94.22,
            "중학군":50.76,
            "학군총점":59.452,
            "인구수":27.98,
            "인구증감":-11.88,
            "인구총점":16.022,
            "일자리":14.1,
            "소득수준":65.62,
            "일자리총점":29.556,
            "가치 총점":45.173,
            "매매실거래년":20220106.0,
            "매매실거래가":23700.0,
            "전세실거래년":20211105.0,
            "전세실거래가":16000.0,
            "전세가율":67.51,
            "장기전세가율평균":72.48,
            "전세가율거품지수":4.97,
            "검색코드":111359,
            "세대수":643.0,
            "준공년월":"2018-07-31",
            "준공년차":5.0,
            "가까운역이름":"NA",
            "가까운역거리":"NA",
            "역세권여부":"NA",
            "30분이내주요거점역":"NA",
            "1시간이내주요거점역":"NA",
            "3km이내백화점수":0,
            "5km이내아울렛몰수":0,
            "1km이내대형먀트수":0,
            "500m이내은행수":0,
            "500m이내병원수":0,
            "5km이내대형병원수":2,
            "500m이내공원수":1,
            "3km이내혐오시설수":0,
            "초등학교학업성취도":94.22,
            "중학교학업성취도":84.2,
            "용적률":194,
            "건폐율":44,
            "Y":34.866102,
            "X":128.653994,
            "rank":20.0,
            "area_info":"30평(99.53), 33평(110.55), 33평(111.08)",
            "last_sales":"2022-01-06,23700.0,30평(99.53)"
        },
        {
            "index":410,
            "아파트명":"안성",
            "투자타입":"재건축",
            "전용면적(m2)":"74.89",
            "전용면적(평)":"22평",
            "법정동주소":"경상남도 거제시 옥포동 1287",
            "도로명주소":"경상남도 거제시 옥포로 280",
            "세대수":30,
            "입주년차":"--",
            "용적률점수":80,
            "건폐율점수":100,
            "세대당주차수":"--",
            "난방방식":"--",
            "공급면적":50,
            "전용률":80,
            "욕실수":"--",
            "현관타입":"--",
            "주거총점":67.5,
            "지역구공급총점":0.0,
            "역세권":"NA",
            "30분내 이동가능 거점":"NA",
            "1시간내 이동가능 거점":"NA",
            "교통총점":"NA",
            "백화점":0,
            "아울렛몰":0,
            "대형마트":0,
            "은행":0,
            "병원":10,
            "종합병원":100,
            "공원":100,
            "혐오시설":0,
            "인프라총점":24.0,
            "초등학군":87.28,
            "중학군":37.18,
            "학군총점":47.2,
            "인구수":27.98,
            "인구증감":-11.88,
            "인구총점":16.022,
            "일자리":14.1,
            "소득수준":65.62,
            "일자리총점":29.556,
            "가치 총점":45.025,
            "매매실거래년":20211103.0,
            "매매실거래가":5700.0,
            "전세실거래년":20210424.0,
            "전세실거래가":5000.0,
            "전세가율":87.72,
            "장기전세가율평균":72.48,
            "전세가율거품지수":-15.24,
            "검색코드":6018,
            "세대수":300.0,
            "준공년월":"1992-07-18",
            "준공년차":31.0,
            "가까운역이름":"NA",
            "가까운역거리":"NA",
            "역세권여부":"NA",
            "30분이내주요거점역":"NA",
            "1시간이내주요거점역":"NA",
            "3km이내백화점수":0,
            "5km이내아울렛몰수":0,
            "1km이내대형먀트수":0,
            "500m이내은행수":0,
            "500m이내병원수":2,
            "5km이내대형병원수":2,
            "500m이내공원수":6,
            "3km이내혐오시설수":0,
            "초등학교학업성취도":87.28,
            "중학교학업성취도":61.7,
            "용적률":161,
            "건폐율":14,
            "Y":34.899333,
            "X":128.687526,
            "rank":21.0,
            "area_info":"22평(74.89)",
            "last_sales":"2021-11-03,5700.0,22평(74.89)"
        },
        {
            "index":242,
            "아파트명":"거제아주KCC스위첸",
            "투자타입":"일반",
            "전용면적(m2)":"81.45",
            "전용면적(평)":"24평",
            "법정동주소":"경상남도 거제시 아주동 993",
            "도로명주소":"경상남도 거제시 용소1길 17-10",
            "세대수":50,
            "입주년차":80,
            "용적률점수":"--",
            "건폐율점수":"--",
            "세대당주차수":30,
            "난방방식":30,
            "공급면적":"--",
            "전용률":"--",
            "욕실수":100,
            "현관타입":100,
            "주거총점":61.0,
            "지역구공급총점":0.0,
            "역세권":"NA",
            "30분내 이동가능 거점":"NA",
            "1시간내 이동가능 거점":"NA",
            "교통총점":"NA",
            "백화점":0,
            "아울렛몰":0,
            "대형마트":0,
            "은행":0,
            "병원":0,
            "종합병원":100,
            "공원":80,
            "혐오시설":0,
            "인프라총점":22.4,
            "초등학군":90.0,
            "중학군":49.48,
            "학군총점":57.584,
            "인구수":27.98,
            "인구증감":-11.88,
            "인구총점":16.022,
            "일자리":14.1,
            "소득수준":65.62,
            "일자리총점":29.556,
            "가치 총점":44.706,
            "매매실거래년":20211228.0,
            "매매실거래가":27900.0,
            "전세실거래년":20211120.0,
            "전세실거래가":11000.0,
            "전세가율":56.41,
            "장기전세가율평균":72.48,
            "전세가율거품지수":16.07,
            "검색코드":109460,
            "세대수":494.0,
            "준공년월":"2017-02-28",
            "준공년차":6.0,
            "가까운역이름":"NA",
            "가까운역거리":"NA",
            "역세권여부":"NA",
            "30분이내주요거점역":"NA",
            "1시간이내주요거점역":"NA",
            "3km이내백화점수":0,
            "5km이내아울렛몰수":0,
            "1km이내대형먀트수":0,
            "500m이내은행수":0,
            "500m이내병원수":0,
            "5km이내대형병원수":2,
            "500m이내공원수":1,
            "3km이내혐오시설수":0,
            "초등학교학업성취도":90.0,
            "중학교학업성취도":82.0,
            "용적률":238,
            "건폐율":21,
            "Y":34.873674,
            "X":128.688197,
            "rank":22.0,
            "area_info":"24평(81.45), 33평(109.61), 33평(110.12), 33평(112.28), 39평(129.64)",
            "last_sales":"2021-12-28,27900.0,33평(112.28)"
        },
        {
            "index":0,
            "아파트명":"거제오션파크자이",
            "투자타입":"일반",
            "전용면적(m2)":"109.05",
            "전용면적(평)":"32평",
            "법정동주소":"경상남도 거제시 거제면 옥산리 1515",
            "도로명주소":"경상남도 거제시 두동로 259-90",
            "세대수":80,
            "입주년차":80,
            "용적률점수":"--",
            "건폐율점수":"--",
            "세대당주차수":30,
            "난방방식":30,
            "공급면적":"--",
            "전용률":"--",
            "욕실수":100,
            "현관타입":100,
            "주거총점":71.5,
            "지역구공급총점":0.0,
            "역세권":"NA",
            "30분내 이동가능 거점":"NA",
            "1시간내 이동가능 거점":"NA",
            "교통총점":"NA",
            "백화점":0,
            "아울렛몰":0,
            "대형마트":0,
            "은행":0,
            "병원":0,
            "종합병원":80,
            "공원":0,
            "혐오시설":0,
            "인프라총점":16.0,
            "초등학군":88.35,
            "중학군":43.88,
            "학군총점":52.774,
            "인구수":27.98,
            "인구증감":-11.88,
            "인구총점":16.022,
            "일자리":14.1,
            "소득수준":65.62,
            "일자리총점":29.556,
            "가치 총점":44.6185,
            "매매실거래년":20220111.0,
            "매매실거래가":23000.0,
            "전세실거래년":20220112.0,
            "전세실거래가":10000.0,
            "전세가율":44.52,
            "장기전세가율평균":72.48,
            "전세가율거품지수":27.96,
            "검색코드":112813,
            "세대수":783.0,
            "준공년월":"2017-09-28",
            "준공년차":6.0,
            "가까운역이름":"NA",
            "가까운역거리":"NA",
            "역세권여부":"NA",
            "30분이내주요거점역":"NA",
            "1시간이내주요거점역":"NA",
            "3km이내백화점수":0,
            "5km이내아울렛몰수":0,
            "1km이내대형먀트수":0,
            "500m이내은행수":0,
            "500m이내병원수":0,
            "5km이내대형병원수":1,
            "500m이내공원수":0,
            "3km이내혐오시설수":0,
            "초등학교학업성취도":88.35,
            "중학교학업성취도":72.2,
            "용적률":128,
            "건폐율":27,
            "Y":34.881355,
            "X":128.592524,
            "rank":23.0,
            "area_info":"32평(109.05), 33평(109.42), 43평(144.34)",
            "last_sales":"2022-01-11,23000.0,33평(109.42)"
        },
        {
            "index":491,
            "아파트명":"거제장평코아루",
            "투자타입":"일반",
            "전용면적(m2)":"112.54",
            "전용면적(평)":"34평",
            "법정동주소":"경상남도 거제시 장평동 753-3",
            "도로명주소":"경상남도 거제시 장평3로3길 25",
            "세대수":30,
            "입주년차":40,
            "용적률점수":"--",
            "건폐율점수":"--",
            "세대당주차수":30,
            "난방방식":30,
            "공급면적":"--",
            "전용률":"--",
            "욕실수":100,
            "현관타입":100,
            "주거총점":46.0,
            "지역구공급총점":0.0,
            "역세권":"NA",
            "30분내 이동가능 거점":"NA",
            "1시간내 이동가능 거점":"NA",
            "교통총점":"NA",
            "백화점":0,
            "아울렛몰":0,
            "대형마트":80,
            "은행":0,
            "병원":30,
            "종합병원":100,
            "공원":100,
            "혐오시설":0,
            "인프라총점":38.0,
            "초등학군":88.35,
            "중학군":43.88,
            "학군총점":52.774,
            "인구수":27.98,
            "인구증감":-11.88,
            "인구총점":16.022,
            "일자리":14.1,
            "소득수준":65.62,
            "일자리총점":29.556,
            "가치 총점":44.4935,
            "매매실거래년":20211223.0,
            "매매실거래가":23000.0,
            "전세실거래년":20211001.0,
            "전세실거래가":15000.0,
            "전세가율":65.22,
            "장기전세가율평균":72.48,
            "전세가율거품지수":7.26,
            "검색코드":102426,
            "세대수":390.0,
            "준공년월":"2008-02-18",
            "준공년차":15.0,
            "가까운역이름":"NA",
            "가까운역거리":"NA",
            "역세권여부":"NA",
            "30분이내주요거점역":"NA",
            "1시간이내주요거점역":"NA",
            "3km이내백화점수":0,
            "5km이내아울렛몰수":0,
            "1km이내대형먀트수":1,
            "500m이내은행수":1,
            "500m이내병원수":5,
            "5km이내대형병원수":2,
            "500m이내공원수":4,
            "3km이내혐오시설수":0,
            "초등학교학업성취도":88.35,
            "중학교학업성취도":72.2,
            "용적률":198,
            "건폐율":13,
            "Y":34.889681,
            "X":128.605776,
            "rank":24.0,
            "area_info":"34평(112.54), 45평(151.56)",
            "last_sales":"2021-12-23,23000.0,34평(112.54)"
        },
        {
            "index":170,
            "아파트명":"대동다숲",
            "투자타입":"일반",
            "전용면적(m2)":"76.78",
            "전용면적(평)":"23평",
            "법정동주소":"경상남도 거제시 상동동 735",
            "도로명주소":"경상남도 거제시 상동7길 30",
            "세대수":100,
            "입주년차":40,
            "용적률점수":"--",
            "건폐율점수":"--",
            "세대당주차수":30,
            "난방방식":30,
            "공급면적":"--",
            "전용률":"--",
            "욕실수":100,
            "현관타입":50,
            "주거총점":65.5,
            "지역구공급총점":0.0,
            "역세권":"NA",
            "30분내 이동가능 거점":"NA",
            "1시간내 이동가능 거점":"NA",
            "교통총점":"NA",
            "백화점":0,
            "아울렛몰":0,
            "대형마트":0,
            "은행":0,
            "병원":0,
            "종합병원":100,
            "공원":0,
            "혐오시설":0,
            "인프라총점":20.0,
            "초등학군":88.16,
            "중학군":43.4,
            "학군총점":52.352,
            "인구수":27.98,
            "인구증감":-11.88,
            "인구총점":16.022,
            "일자리":14.1,
            "소득수준":65.62,
            "일자리총점":29.556,
            "가치 총점":44.013,
            "매매실거래년":20220106.0,
            "매매실거래가":16300.0,
            "전세실거래년":20211102.0,
            "전세실거래가":8400.0,
            "전세가율":54.19,
            "장기전세가율평균":72.48,
            "전세가율거품지수":18.29,
            "검색코드":13810,
            "세대수":1754.0,
            "준공년월":"2005-07-06",
            "준공년차":18.0,
            "가까운역이름":"NA",
            "가까운역거리":"NA",
            "역세권여부":"NA",
            "30분이내주요거점역":"NA",
            "1시간이내주요거점역":"NA",
            "3km이내백화점수":0,
            "5km이내아울렛몰수":0,
            "1km이내대형먀트수":0,
            "500m이내은행수":0,
            "500m이내병원수":0,
            "5km이내대형병원수":2,
            "500m이내공원수":0,
            "3km이내혐오시설수":0,
            "초등학교학업성취도":88.16,
            "중학교학업성취도":71.6,
            "용적률":163,
            "건폐율":14,
            "Y":34.868924,
            "X":128.629752,
            "rank":25.0,
            "area_info":"23평(76.78), 29평(97.29), 31평(105.76), 32평(106.63), 32평(108.77), 43평(143.83)",
            "last_sales":"2022-01-06,16300.0,29평(97.29)"
        },
        {
            "index":304,
            "아파트명":"거제2차아이파크1단지",
            "투자타입":"일반",
            "전용면적(m2)":"98.68",
            "전용면적(평)":"29평",
            "법정동주소":"경상남도 거제시 양정동 1096",
            "도로명주소":"경상남도 거제시 수양로 110",
            "세대수":50,
            "입주년차":80,
            "용적률점수":"--",
            "건폐율점수":"--",
            "세대당주차수":30,
            "난방방식":30,
            "공급면적":"--",
            "전용률":"--",
            "욕실수":100,
            "현관타입":100,
            "주거총점":61.0,
            "지역구공급총점":0.0,
            "역세권":"NA",
            "30분내 이동가능 거점":"NA",
            "1시간내 이동가능 거점":"NA",
            "교통총점":"NA",
            "백화점":0,
            "아울렛몰":0,
            "대형마트":0,
            "은행":0,
            "병원":0,
            "종합병원":100,
            "공원":80,
            "혐오시설":0,
            "인프라총점":22.4,
            "초등학군":94.22,
            "중학군":43.4,
            "학군총점":53.564,
            "인구수":27.98,
            "인구증감":-11.88,
            "인구총점":16.022,
            "일자리":14.1,
            "소득수준":65.62,
            "일자리총점":29.556,
            "가치 총점":43.701,
            "매매실거래년":20211225.0,
            "매매실거래가":28500.0,
            "전세실거래년":20210913.0,
            "전세실거래가":17000.0,
            "전세가율":70.98,
            "장기전세가율평균":72.48,
            "전세가율거품지수":1.5,
            "검색코드":110523,
            "세대수":636.0,
            "준공년월":"2018-07-31",
            "준공년차":5.0,
            "가까운역이름":"NA",
            "가까운역거리":"NA",
            "역세권여부":"NA",
            "30분이내주요거점역":"NA",
            "1시간이내주요거점역":"NA",
            "3km이내백화점수":0,
            "5km이내아울렛몰수":0,
            "1km이내대형먀트수":0,
            "500m이내은행수":0,
            "500m이내병원수":0,
            "5km이내대형병원수":2,
            "500m이내공원수":1,
            "3km이내혐오시설수":0,
            "초등학교학업성취도":94.22,
            "중학교학업성취도":71.6,
            "용적률":194,
            "건폐율":41,
            "Y":34.866625,
            "X":128.651108,
            "rank":26.0,
            "area_info":"29평(98.68), 30평(99.42), 33평(109.89), 33평(110.43), 39평(130.87)",
            "last_sales":"2021-12-25,28500.0,33평(109.89)"
        },
        {
            "index":191,
            "아파트명":"벽산e-솔렌스힐3차",
            "투자타입":"일반",
            "전용면적(m2)":"82.66",
            "전용면적(평)":"25평",
            "법정동주소":"경상남도 거제시 상동동 54-9",
            "도로명주소":"경상남도 거제시 상동5길 117-50",
            "세대수":50,
            "입주년차":80,
            "용적률점수":"--",
            "건폐율점수":"--",
            "세대당주차수":30,
            "난방방식":30,
            "공급면적":"--",
            "전용률":"--",
            "욕실수":100,
            "현관타입":100,
            "주거총점":61.0,
            "지역구공급총점":0.0,
            "역세권":"NA",
            "30분내 이동가능 거점":"NA",
            "1시간내 이동가능 거점":"NA",
            "교통총점":"NA",
            "백화점":0,
            "아울렛몰":0,
            "대형마트":0,
            "은행":0,
            "병원":0,
            "종합병원":100,
            "공원":100,
            "혐오시설":0,
            "인프라총점":23.0,
            "초등학군":89.2,
            "중학군":43.4,
            "학군총점":52.56,
            "인구수":27.98,
            "인구증감":-11.88,
            "인구총점":16.022,
            "일자리":14.1,
            "소득수준":65.62,
            "일자리총점":29.556,
            "가치 총점":43.69,
            "매매실거래년":20211228.0,
            "매매실거래가":17400.0,
            "전세실거래년":20211010.0,
            "전세실거래가":11000.0,
            "전세가율":60.11,
            "장기전세가율평균":72.48,
            "전세가율거품지수":12.37,
            "검색코드":104532,
            "세대수":506.0,
            "준공년월":"2015-03-30",
            "준공년차":8.0,
            "가까운역이름":"NA",
            "가까운역거리":"NA",
            "역세권여부":"NA",
            "30분이내주요거점역":"NA",
            "1시간이내주요거점역":"NA",
            "3km이내백화점수":0,
            "5km이내아울렛몰수":0,
            "1km이내대형먀트수":0,
            "500m이내은행수":0,
            "500m이내병원수":1,
            "5km이내대형병원수":2,
            "500m이내공원수":4,
            "3km이내혐오시설수":0,
            "초등학교학업성취도":89.2,
            "중학교학업성취도":71.6,
            "용적률":168,
            "건폐율":15,
            "Y":34.859445,
            "X":128.63424,
            "rank":27.0,
            "area_info":"25평(82.66), 25평(82.8), 33평(109.71), 33평(110.67)",
            "last_sales":"2021-12-28,17400.0,25평(82.8)"
        },
        {
            "index":187,
            "아파트명":"벽산e-솔렌스힐2차",
            "투자타입":"일반",
            "전용면적(m2)":"83.56",
            "전용면적(평)":"25평",
            "법정동주소":"경상남도 거제시 상동동 927-9",
            "도로명주소":"경상남도 거제시 상동5길 117-16",
            "세대수":50,
            "입주년차":80,
            "용적률점수":"--",
            "건폐율점수":"--",
            "세대당주차수":30,
            "난방방식":30,
            "공급면적":"--",
            "전용률":"--",
            "욕실수":100,
            "현관타입":100,
            "주거총점":61.0,
            "지역구공급총점":0.0,
            "역세권":"NA",
            "30분내 이동가능 거점":"NA",
            "1시간내 이동가능 거점":"NA",
            "교통총점":"NA",
            "백화점":0,
            "아울렛몰":0,
            "대형마트":0,
            "은행":0,
            "병원":0,
            "종합병원":100,
            "공원":100,
            "혐오시설":0,
            "인프라총점":23.0,
            "초등학군":89.2,
            "중학군":43.4,
            "학군총점":52.56,
            "인구수":27.98,
            "인구증감":-11.88,
            "인구총점":16.022,
            "일자리":14.1,
            "소득수준":65.62,
            "일자리총점":29.556,
            "가치 총점":43.69,
            "매매실거래년":20211230.0,
            "매매실거래가":16800.0,
            "전세실거래년":20211211.0,
            "전세실거래가":11000.0,
            "전세가율":65.48,
            "장기전세가율평균":72.48,
            "전세가율거품지수":7.0,
            "검색코드":104531,
            "세대수":480.0,
            "준공년월":"2015-02-12",
            "준공년차":8.0,
            "가까운역이름":"NA",
            "가까운역거리":"NA",
            "역세권여부":"NA",
            "30분이내주요거점역":"NA",
            "1시간이내주요거점역":"NA",
            "3km이내백화점수":0,
            "5km이내아울렛몰수":0,
            "1km이내대형먀트수":0,
            "500m이내은행수":0,
            "500m이내병원수":1,
            "5km이내대형병원수":2,
            "500m이내공원수":4,
            "3km이내혐오시설수":0,
            "초등학교학업성취도":89.2,
            "중학교학업성취도":71.6,
            "용적률":168,
            "건폐율":14,
            "Y":34.860268,
            "X":128.630101,
            "rank":27.0,
            "area_info":"25평(83.56), 25평(83.71), 25평(83.78), 33평(111.64)",
            "last_sales":"2021-12-30,16800.0,25평(83.56)"
        },
        {
            "index":288,
            "아파트명":"아주e편한세상1단지",
            "투자타입":"일반",
            "전용면적(m2)":"84.06",
            "전용면적(평)":"25평",
            "법정동주소":"경상남도 거제시 아주동 1575",
            "도로명주소":"경상남도 거제시 아주2로 138",
            "세대수":50,
            "입주년차":80,
            "용적률점수":"--",
            "건폐율점수":"--",
            "세대당주차수":30,
            "난방방식":30,
            "공급면적":"--",
            "전용률":"--",
            "욕실수":100,
            "현관타입":100,
            "주거총점":61.0,
            "지역구공급총점":0.0,
            "역세권":"NA",
            "30분내 이동가능 거점":"NA",
            "1시간내 이동가능 거점":"NA",
            "교통총점":"NA",
            "백화점":0,
            "아울렛몰":0,
            "대형마트":0,
            "은행":0,
            "병원":0,
            "종합병원":100,
            "공원":0,
            "혐오시설":0,
            "인프라총점":20.0,
            "초등학군":87.44,
            "중학군":49.48,
            "학군총점":57.072,
            "인구수":27.98,
            "인구증감":-11.88,
            "인구총점":16.022,
            "일자리":14.1,
            "소득수준":65.62,
            "일자리총점":29.556,
            "가치 총점":43.618,
            "매매실거래년":20211227.0,
            "매매실거래가":17700.0,
            "전세실거래년":20211216.0,
            "전세실거래가":13000.0,
            "전세가율":73.45,
            "장기전세가율평균":72.48,
            "전세가율거품지수":-0.97,
            "검색코드":104284,
            "세대수":572.0,
            "준공년월":"2014-09-01",
            "준공년차":9.0,
            "가까운역이름":"NA",
            "가까운역거리":"NA",
            "역세권여부":"NA",
            "30분이내주요거점역":"NA",
            "1시간이내주요거점역":"NA",
            "3km이내백화점수":0,
            "5km이내아울렛몰수":0,
            "1km이내대형먀트수":0,
            "500m이내은행수":0,
            "500m이내병원수":0,
            "5km이내대형병원수":3,
            "500m이내공원수":0,
            "3km이내혐오시설수":0,
            "초등학교학업성취도":87.44,
            "중학교학업성취도":82.0,
            "용적률":194,
            "건폐율":19,
            "Y":34.869809,
            "X":128.676274,
            "rank":28.0,
            "area_info":"25평(84.06), 25평(84.06), 25평(85.92), 33평(110.56), 33평(111.5), 33평(111.92)",
            "last_sales":"2021-12-27,17700.0,25평(84.06)"
        },
        {
            "index":294,
            "아파트명":"아주e편한세상2단지",
            "투자타입":"일반",
            "전용면적(m2)":"81.46",
            "전용면적(평)":"24평",
            "법정동주소":"경상남도 거제시 아주동 1392",
            "도로명주소":"경상남도 거제시 아주2로 137",
            "세대수":50,
            "입주년차":80,
            "용적률점수":"--",
            "건폐율점수":"--",
            "세대당주차수":30,
            "난방방식":30,
            "공급면적":"--",
            "전용률":"--",
            "욕실수":100,
            "현관타입":100,
            "주거총점":61.0,
            "지역구공급총점":0.0,
            "역세권":"NA",
            "30분내 이동가능 거점":"NA",
            "1시간내 이동가능 거점":"NA",
            "교통총점":"NA",
            "백화점":0,
            "아울렛몰":0,
            "대형마트":0,
            "은행":0,
            "병원":0,
            "종합병원":100,
            "공원":0,
            "혐오시설":0,
            "인프라총점":20.0,
            "초등학군":87.44,
            "중학군":49.48,
            "학군총점":57.072,
            "인구수":27.98,
            "인구증감":-11.88,
            "인구총점":16.022,
            "일자리":14.1,
            "소득수준":65.62,
            "일자리총점":29.556,
            "가치 총점":43.618,
            "매매실거래년":20211216.0,
            "매매실거래가":24000.0,
            "전세실거래년":20210609.0,
            "전세실거래가":11000.0,
            "전세가율":63.95,
            "장기전세가율평균":72.48,
            "전세가율거품지수":8.53,
            "검색코드":104286,
            "세대수":645.0,
            "준공년월":"2014-10-28",
            "준공년차":9.0,
            "가까운역이름":"NA",
            "가까운역거리":"NA",
            "역세권여부":"NA",
            "30분이내주요거점역":"NA",
            "1시간이내주요거점역":"NA",
            "3km이내백화점수":0,
            "5km이내아울렛몰수":0,
            "1km이내대형먀트수":0,
            "500m이내은행수":0,
            "500m이내병원수":0,
            "5km이내대형병원수":3,
            "500m이내공원수":0,
            "3km이내혐오시설수":0,
            "초등학교학업성취도":87.44,
            "중학교학업성취도":82.0,
            "용적률":199,
            "건폐율":17,
            "Y":34.868557,
            "X":128.678027,
            "rank":28.0,
            "area_info":"24평(81.46), 24평(81.59), 25평(83.56), 33평(110.5), 33평(111.36), 34평(112.72)",
            "last_sales":"2021-12-16,24000.0,34평(112.72)"
        },
        {
            "index":3,
            "아파트명":"e편한세상고현",
            "투자타입":"일반",
            "전용면적(m2)":"113.21",
            "전용면적(평)":"34평",
            "법정동주소":"경상남도 거제시 고현동 1081-18",
            "도로명주소":"경상남도 거제시 거제대로 4500-45",
            "세대수":50,
            "입주년차":80,
            "용적률점수":"--",
            "건폐율점수":"--",
            "세대당주차수":30,
            "난방방식":30,
            "공급면적":"--",
            "전용률":"--",
            "욕실수":100,
            "현관타입":100,
            "주거총점":61.0,
            "지역구공급총점":0.0,
            "역세권":"NA",
            "30분내 이동가능 거점":"NA",
            "1시간내 이동가능 거점":"NA",
            "교통총점":"NA",
            "백화점":0,
            "아울렛몰":0,
            "대형마트":0,
            "은행":0,
            "병원":10,
            "종합병원":100,
            "공원":80,
            "혐오시설":0,
            "인프라총점":23.4,
            "초등학군":88.48,
            "중학군":42.3,
            "학군총점":51.536,
            "인구수":27.98,
            "인구증감":-11.88,
            "인구총점":16.022,
            "일자리":14.1,
            "소득수준":65.62,
            "일자리총점":29.556,
            "가치 총점":43.594,
            "매매실거래년":20211128.0,
            "매매실거래가":31000.0,
            "전세실거래년":20211106.0,
            "전세실거래가":21000.0,
            "전세가율":71.19,
            "장기전세가율평균":72.48,
            "전세가율거품지수":1.29,
            "검색코드":110073,
            "세대수":480.0,
            "준공년월":"2015-02-09",
            "준공년차":8.0,
            "가까운역이름":"NA",
            "가까운역거리":"NA",
            "역세권여부":"NA",
            "30분이내주요거점역":"NA",
            "1시간이내주요거점역":"NA",
            "3km이내백화점수":0,
            "5km이내아울렛몰수":0,
            "1km이내대형먀트수":0,
            "500m이내은행수":0,
            "500m이내병원수":2,
            "5km이내대형병원수":2,
            "500m이내공원수":1,
            "3km이내혐오시설수":0,
            "초등학교학업성취도":88.48,
            "중학교학업성취도":70.5,
            "용적률":248,
            "건폐율":19,
            "Y":34.895533,
            "X":128.640524,
            "rank":29.0,
            "area_info":"34평(113.21), 34평(113.16)",
            "last_sales":"2021-11-28,31000.0,34평(113.16)"
        },
        {
            "index":416,
            "아파트명":"옥포마리나",
            "투자타입":"재건축",
            "전용면적(m2)":"81.09",
            "전용면적(평)":"24평",
            "법정동주소":"경상남도 거제시 옥포동 527-4",
            "도로명주소":"경상남도 거제시 옥포대첩로1길 7",
            "세대수":0,
            "입주년차":"--",
            "용적률점수":0,
            "건폐율점수":100,
            "세대당주차수":"--",
            "난방방식":"--",
            "공급면적":70,
            "전용률":80,
            "욕실수":"--",
            "현관타입":"--",
            "주거총점":27.5,
            "지역구공급총점":0.0,
            "역세권":"NA",
            "30분내 이동가능 거점":"NA",
            "1시간내 이동가능 거점":"NA",
            "교통총점":"NA",
            "백화점":0,
            "아울렛몰":0,
            "대형마트":100,
            "은행":70,
            "병원":60,
            "종합병원":100,
            "공원":100,
            "혐오시설":0,
            "인프라총점":51.0,
            "초등학군":90.99,
            "중학군":43.6,
            "학군총점":53.078,
            "인구수":27.98,
            "인구증감":-11.88,
            "인구총점":16.022,
            "일자리":14.1,
            "소득수준":65.62,
            "일자리총점":29.556,
            "가치 총점":43.2945,
            "매매실거래년":20211216.0,
            "매매실거래가":10000.0,
            "전세실거래년":20210105.0,
            "전세실거래가":6000.0,
            "전세가율":68.97,
            "장기전세가율평균":72.48,
            "전세가율거품지수":3.51,
            "검색코드":6022,
            "세대수":120.0,
            "준공년월":"1991-11-01",
            "준공년차":32.0,
            "가까운역이름":"NA",
            "가까운역거리":"NA",
            "역세권여부":"NA",
            "30분이내주요거점역":"NA",
            "1시간이내주요거점역":"NA",
            "3km이내백화점수":0,
            "5km이내아울렛몰수":0,
            "1km이내대형먀트수":2,
            "500m이내은행수":3,
            "500m이내병원수":25,
            "5km이내대형병원수":2,
            "500m이내공원수":5,
            "3km이내혐오시설수":0,
            "초등학교학업성취도":90.99,
            "중학교학업성취도":72.0,
            "용적률":263,
            "건폐율":17,
            "Y":34.893928,
            "X":128.687599,
            "rank":30.0,
            "area_info":"24평(81.09), 27평(90.6), 29평(96.24)",
            "last_sales":"2021-12-16,10000.0,27평(90.6)"
        },
        {
            "index":509,
            "아파트명":"덕산아내2차",
            "투자타입":"일반",
            "전용면적(m2)":"113.6",
            "전용면적(평)":"34평",
            "법정동주소":"경상남도 거제시 장평동 142",
            "도로명주소":"경상남도 거제시 장평2로2길 10",
            "세대수":30,
            "입주년차":40,
            "용적률점수":"--",
            "건폐율점수":"--",
            "세대당주차수":30,
            "난방방식":30,
            "공급면적":"--",
            "전용률":"--",
            "욕실수":100,
            "현관타입":100,
            "주거총점":46.0,
            "지역구공급총점":0.0,
            "역세권":"NA",
            "30분내 이동가능 거점":"NA",
            "1시간내 이동가능 거점":"NA",
            "교통총점":"NA",
            "백화점":0,
            "아울렛몰":0,
            "대형마트":80,
            "은행":0,
            "병원":0,
            "종합병원":100,
            "공원":100,
            "혐오시설":0,
            "인프라총점":35.0,
            "초등학군":88.35,
            "중학군":43.88,
            "학군총점":52.774,
            "인구수":27.98,
            "인구증감":-11.88,
            "인구총점":16.022,
            "일자리":14.1,
            "소득수준":65.62,
            "일자리총점":29.556,
            "가치 총점":43.2935,
            "매매실거래년":20211210.0,
            "매매실거래가":16300.0,
            "전세실거래년":20211028.0,
            "전세실거래가":13000.0,
            "전세가율":79.75,
            "장기전세가율평균":72.48,
            "전세가율거품지수":-7.27,
            "검색코드":105361,
            "세대수":360.0,
            "준공년월":"2008-02-22",
            "준공년차":15.0,
            "가까운역이름":"NA",
            "가까운역거리":"NA",
            "역세권여부":"NA",
            "30분이내주요거점역":"NA",
            "1시간이내주요거점역":"NA",
            "3km이내백화점수":0,
            "5km이내아울렛몰수":0,
            "1km이내대형먀트수":1,
            "500m이내은행수":0,
            "500m이내병원수":1,
            "5km이내대형병원수":2,
            "500m이내공원수":5,
            "3km이내혐오시설수":0,
            "초등학교학업성취도":88.35,
            "중학교학업성취도":72.2,
            "용적률":208,
            "건폐율":19,
            "Y":34.888093,
            "X":128.607766,
            "rank":31.0,
            "area_info":"34평(113.6)",
            "last_sales":"2021-12-10,16300.0,34평(113.6)"
        },
        {
            "index":402,
            "아파트명":"성은",
            "투자타입":"재건축",
            "전용면적(m2)":"66.1",
            "전용면적(평)":"19평",
            "법정동주소":"경상남도 거제시 옥포동 1271-1",
            "도로명주소":"경상남도 거제시 옥포로 315-2",
            "세대수":0,
            "입주년차":"--",
            "용적률점수":100,
            "건폐율점수":80,
            "세대당주차수":"--",
            "난방방식":"--",
            "공급면적":50,
            "전용률":100,
            "욕실수":"--",
            "현관타입":"--",
            "주거총점":63.5,
            "지역구공급총점":0.0,
            "역세권":"NA",
            "30분내 이동가능 거점":"NA",
            "1시간내 이동가능 거점":"NA",
            "교통총점":"NA",
            "백화점":0,
            "아울렛몰":0,
            "대형마트":0,
            "은행":0,
            "병원":0,
            "종합병원":100,
            "공원":100,
            "혐오시설":0,
            "인프라총점":23.0,
            "초등학군":87.28,
            "중학군":37.18,
            "학군총점":47.2,
            "인구수":27.98,
            "인구증감":-11.88,
            "인구총점":16.022,
            "일자리":14.1,
            "소득수준":65.62,
            "일자리총점":29.556,
            "가치 총점":43.225,
            "매매실거래년":20211225.0,
            "매매실거래가":5000.0,
            "전세실거래년":20210622.0,
            "전세실거래가":2200.0,
            "전세가율":38.6,
            "장기전세가율평균":72.48,
            "전세가율거품지수":33.88,
            "검색코드":6016,
            "세대수":250.0,
            "준공년월":"1992-09-29",
            "준공년차":31.0,
            "가까운역이름":"NA",
            "가까운역거리":"NA",
            "역세권여부":"NA",
            "30분이내주요거점역":"NA",
            "1시간이내주요거점역":"NA",
            "3km이내백화점수":0,
            "5km이내아울렛몰수":0,
            "1km이내대형먀트수":0,
            "500m이내은행수":0,
            "500m이내병원수":0,
            "5km이내대형병원수":2,
            "500m이내공원수":2,
            "3km이내혐오시설수":0,
            "초등학교학업성취도":87.28,
            "중학교학업성취도":61.7,
            "용적률":132,
            "건폐율":29,
            "Y":34.902221,
            "X":128.683775,
            "rank":32.0,
            "area_info":"19평(66.1), 20평(66.56)",
            "last_sales":"2021-12-25,5000.0,20평(66.56)"
        },
        {
            "index":75,
            "아파트명":"화인아트",
            "투자타입":"재건축",
            "전용면적(m2)":"66.03",
            "전용면적(평)":"19평",
            "법정동주소":"경상남도 거제시 고현동 959-8",
            "도로명주소":"경상남도 거제시 서문로3길 11",
            "세대수":50,
            "입주년차":"--",
            "용적률점수":0,
            "건폐율점수":0,
            "세대당주차수":"--",
            "난방방식":"--",
            "공급면적":50,
            "전용률":100,
            "욕실수":"--",
            "현관타입":"--",
            "주거총점":22.5,
            "지역구공급총점":0.0,
            "역세권":"NA",
            "30분내 이동가능 거점":"NA",
            "1시간내 이동가능 거점":"NA",
            "교통총점":"NA",
            "백화점":0,
            "아울렛몰":0,
            "대형마트":80,
            "은행":100,
            "병원":100,
            "종합병원":100,
            "공원":100,
            "혐오시설":0,
            "인프라총점":55.0,
            "초등학군":92.34,
            "중학군":42.74,
            "학군총점":52.66,
            "인구수":27.98,
            "인구증감":-11.88,
            "인구총점":16.022,
            "일자리":14.1,
            "소득수준":65.62,
            "일자리총점":29.556,
            "가치 총점":43.04,
            "매매실거래년":20220115.0,
            "매매실거래가":25500.0,
            "전세실거래년":20200319.0,
            "전세실거래가":7500.0,
            "전세가율":44.12,
            "장기전세가율평균":72.48,
            "전세가율거품지수":28.36,
            "검색코드":5924,
            "세대수":410.0,
            "준공년월":"1991-06-17",
            "준공년차":32.0,
            "가까운역이름":"NA",
            "가까운역거리":"NA",
            "역세권여부":"NA",
            "30분이내주요거점역":"NA",
            "1시간이내주요거점역":"NA",
            "3km이내백화점수":0,
            "5km이내아울렛몰수":0,
            "1km이내대형먀트수":1,
            "500m이내은행수":8,
            "500m이내병원수":61,
            "5km이내대형병원수":2,
            "500m이내공원수":3,
            "3km이내혐오시설수":0,
            "초등학교학업성취도":92.34,
            "중학교학업성취도":70.9,
            "용적률":0,
            "건폐율":0,
            "Y":34.889127,
            "X":128.619108,
            "rank":33.0,
            "area_info":"19평(66.03), 22평(75.0), 26평(86.79)",
            "last_sales":"2022-01-15,25500.0,26평(86.79)"
        },
        {
            "index":43,
            "아파트명":"고현주공",
            "투자타입":"재건축",
            "전용면적(m2)":"42.54",
            "전용면적(평)":"12평",
            "법정동주소":"경상남도 거제시 고현동 963-3",
            "도로명주소":"경상남도 거제시 고현로13길 30-7",
            "세대수":80,
            "입주년차":"--",
            "용적률점수":0,
            "건폐율점수":0,
            "세대당주차수":"--",
            "난방방식":"--",
            "공급면적":50,
            "전용률":80,
            "욕실수":"--",
            "현관타입":"--",
            "주거총점":30.5,
            "지역구공급총점":0.0,
            "역세권":"NA",
            "30분내 이동가능 거점":"NA",
            "1시간내 이동가능 거점":"NA",
            "교통총점":"NA",
            "백화점":0,
            "아울렛몰":0,
            "대형마트":80,
            "은행":20,
            "병원":80,
            "종합병원":100,
            "공원":100,
            "혐오시설":0,
            "인프라총점":45.0,
            "초등학군":88.35,
            "중학군":49.72,
            "학군총점":57.446,
            "인구수":27.98,
            "인구증감":-11.88,
            "인구총점":16.022,
            "일자리":14.1,
            "소득수준":65.62,
            "일자리총점":29.556,
            "가치 총점":43.0365,
            "매매실거래년":20210826.0,
            "매매실거래가":23500.0,
            "전세실거래년":null,
            "전세실거래가":null,
            "전세가율":null,
            "장기전세가율평균":72.48,
            "전세가율거품지수":null,
            "검색코드":15276,
            "세대수":740.0,
            "준공년월":"1989-03-15",
            "준공년차":34.0,
            "가까운역이름":"NA",
            "가까운역거리":"NA",
            "역세권여부":"NA",
            "30분이내주요거점역":"NA",
            "1시간이내주요거점역":"NA",
            "3km이내백화점수":0,
            "5km이내아울렛몰수":0,
            "1km이내대형먀트수":1,
            "500m이내은행수":2,
            "500m이내병원수":52,
            "5km이내대형병원수":2,
            "500m이내공원수":2,
            "3km이내혐오시설수":0,
            "초등학교학업성취도":88.35,
            "중학교학업성취도":80.6,
            "용적률":0,
            "건폐율":0,
            "Y":34.891251,
            "X":128.626771,
            "rank":34.0,
            "area_info":"12평(42.54), 13평(45.54), 13평(45.15), 15평(52.53), 15평(52.86)",
            "last_sales":"2021-08-26,23500.0,15평(52.86)"
        },
        {
            "index":48,
            "아파트명":"골든아틀란티스",
            "투자타입":"일반",
            "전용면적(m2)":"31.13",
            "전용면적(평)":"9평",
            "법정동주소":"경상남도 거제시 고현동 978-10",
            "도로명주소":"경상남도 거제시 거제중앙로 1930-10",
            "세대수":0,
            "입주년차":60,
            "용적률점수":"--",
            "건폐율점수":"--",
            "세대당주차수":0,
            "난방방식":30,
            "공급면적":"--",
            "전용률":"--",
            "욕실수":50,
            "현관타입":10,
            "주거총점":21.0,
            "지역구공급총점":0.0,
            "역세권":"NA",
            "30분내 이동가능 거점":"NA",
            "1시간내 이동가능 거점":"NA",
            "교통총점":"NA",
            "백화점":0,
            "아울렛몰":0,
            "대형마트":80,
            "은행":100,
            "병원":100,
            "종합병원":100,
            "공원":100,
            "혐오시설":0,
            "인프라총점":55.0,
            "초등학군":92.34,
            "중학군":42.74,
            "학군총점":52.66,
            "인구수":27.98,
            "인구증감":-11.88,
            "인구총점":16.022,
            "일자리":14.1,
            "소득수준":65.62,
            "일자리총점":29.556,
            "가치 총점":42.515,
            "매매실거래년":20211126.0,
            "매매실거래가":7200.0,
            "전세실거래년":20190306.0,
            "전세실거래가":6000.0,
            "전세가율":100.0,
            "장기전세가율평균":72.48,
            "전세가율거품지수":-27.52,
            "검색코드":112623,
            "세대수":134.0,
            "준공년월":"2012-09-24",
            "준공년차":11.0,
            "가까운역이름":"NA",
            "가까운역거리":"NA",
            "역세권여부":"NA",
            "30분이내주요거점역":"NA",
            "1시간이내주요거점역":"NA",
            "3km이내백화점수":0,
            "5km이내아울렛몰수":0,
            "1km이내대형먀트수":1,
            "500m이내은행수":8,
            "500m이내병원수":69,
            "5km이내대형병원수":2,
            "500m이내공원수":2,
            "3km이내혐오시설수":0,
            "초등학교학업성취도":92.34,
            "중학교학업성취도":70.9,
            "용적률":467,
            "건폐율":62,
            "Y":34.890359,
            "X":128.623165,
            "rank":35.0,
            "area_info":"9평(31.13), 10평(34.16), 10평(35.86), 11평(37.15), 11평(37.14), 11평(37.57), 11평(39.62), 11평(39.61), 12평(41.1), 12평(42.09)",
            "last_sales":"2021-11-26,7200.0,10평(35.86)"
        },
        {
            "index":531,
            "아파트명":"제니스타운",
            "투자타입":"일반",
            "전용면적(m2)":"78.64",
            "전용면적(평)":"23평",
            "법정동주소":"경상남도 거제시 장평동 247",
            "도로명주소":"경상남도 거제시 장평3로3길 7",
            "세대수":50,
            "입주년차":20,
            "용적률점수":"--",
            "건폐율점수":"--",
            "세대당주차수":0,
            "난방방식":30,
            "공급면적":"--",
            "전용률":"--",
            "욕실수":50,
            "현관타입":100,
            "주거총점":39.5,
            "지역구공급총점":0.0,
            "역세권":"NA",
            "30분내 이동가능 거점":"NA",
            "1시간내 이동가능 거점":"NA",
            "교통총점":"NA",
            "백화점":0,
            "아울렛몰":0,
            "대형마트":80,
            "은행":0,
            "병원":30,
            "종합병원":100,
            "공원":100,
            "혐오시설":0,
            "인프라총점":38.0,
            "초등학군":93.19,
            "중학군":43.88,
            "학군총점":53.742,
            "인구수":27.98,
            "인구증감":-11.88,
            "인구총점":16.022,
            "일자리":14.1,
            "소득수준":65.62,
            "일자리총점":29.556,
            "가치 총점":42.4605,
            "매매실거래년":20211231.0,
            "매매실거래가":17600.0,
            "전세실거래년":20220109.0,
            "전세실거래가":9000.0,
            "전세가율":76.92,
            "장기전세가율평균":72.48,
            "전세가율거품지수":-4.44,
            "검색코드":15279,
            "세대수":606.0,
            "준공년월":"2000-05-16",
            "준공년차":23.0,
            "가까운역이름":"NA",
            "가까운역거리":"NA",
            "역세권여부":"NA",
            "30분이내주요거점역":"NA",
            "1시간이내주요거점역":"NA",
            "3km이내백화점수":0,
            "5km이내아울렛몰수":0,
            "1km이내대형먀트수":1,
            "500m이내은행수":0,
            "500m이내병원수":8,
            "5km이내대형병원수":2,
            "500m이내공원수":5,
            "3km이내혐오시설수":0,
            "초등학교학업성취도":93.19,
            "중학교학업성취도":72.2,
            "용적률":293,
            "건폐율":29,
            "Y":34.88967,
            "X":128.607865,
            "rank":36.0,
            "area_info":"23평(78.64), 23평(78.65), 23평(78.61), 28평(95.83), 32평(105.8), 32평(105.79), 32평(105.82), 43평(144.26), 47평(156.29)",
            "last_sales":"2021-12-31,17600.0,47평(156.29)"
        },
        {
            "index":254,
            "아파트명":"거제아주현진에버빌",
            "투자타입":"일반",
            "전용면적(m2)":"113.97",
            "전용면적(평)":"34평",
            "법정동주소":"경상남도 거제시 아주동 744-1",
            "도로명주소":"경상남도 거제시 용소1길 85",
            "세대수":50,
            "입주년차":40,
            "용적률점수":"--",
            "건폐율점수":"--",
            "세대당주차수":60,
            "난방방식":30,
            "공급면적":"--",
            "전용률":"--",
            "욕실수":100,
            "현관타입":100,
            "주거총점":57.5,
            "지역구공급총점":0.0,
            "역세권":"NA",
            "30분내 이동가능 거점":"NA",
            "1시간내 이동가능 거점":"NA",
            "교통총점":"NA",
            "백화점":0,
            "아울렛몰":0,
            "대형마트":0,
            "은행":0,
            "병원":0,
            "종합병원":100,
            "공원":80,
            "혐오시설":0,
            "인프라총점":22.4,
            "초등학군":90.0,
            "중학군":43.6,
            "학군총점":52.88,
            "인구수":27.98,
            "인구증감":-11.88,
            "인구총점":16.022,
            "일자리":14.1,
            "소득수준":65.62,
            "일자리총점":29.556,
            "가치 총점":42.305,
            "매매실거래년":20211116.0,
            "매매실거래가":30500.0,
            "전세실거래년":20211214.0,
            "전세실거래가":12000.0,
            "전세가율":64.86,
            "장기전세가율평균":72.48,
            "전세가율거품지수":7.62,
            "검색코드":24692,
            "세대수":420.0,
            "준공년월":"2008-07-25",
            "준공년차":15.0,
            "가까운역이름":"NA",
            "가까운역거리":"NA",
            "역세권여부":"NA",
            "30분이내주요거점역":"NA",
            "1시간이내주요거점역":"NA",
            "3km이내백화점수":0,
            "5km이내아울렛몰수":0,
            "1km이내대형먀트수":0,
            "500m이내은행수":0,
            "500m이내병원수":1,
            "5km이내대형병원수":2,
            "500m이내공원수":1,
            "3km이내혐오시설수":0,
            "초등학교학업성취도":90.0,
            "중학교학업성취도":72.0,
            "용적률":178,
            "건폐율":17,
            "Y":34.876615,
            "X":128.691023,
            "rank":37.0,
            "area_info":"34평(113.97), 35평(117.84), 37평(124.02), 47평(157.53)",
            "last_sales":"2021-11-16,30500.0,47평(157.53)"
        },
        {
            "index":182,
            "아파트명":"벽산e-솔렌스힐1차",
            "투자타입":"일반",
            "전용면적(m2)":"82.18",
            "전용면적(평)":"24평",
            "법정동주소":"경상남도 거제시 상동동 1041",
            "도로명주소":"경상남도 거제시 상동5길 75-40",
            "세대수":50,
            "입주년차":60,
            "용적률점수":"--",
            "건폐율점수":"--",
            "세대당주차수":30,
            "난방방식":30,
            "공급면적":"--",
            "전용률":"--",
            "욕실수":100,
            "현관타입":100,
            "주거총점":57.0,
            "지역구공급총점":0.0,
            "역세권":"NA",
            "30분내 이동가능 거점":"NA",
            "1시간내 이동가능 거점":"NA",
            "교통총점":"NA",
            "백화점":0,
            "아울렛몰":0,
            "대형마트":0,
            "은행":0,
            "병원":0,
            "종합병원":100,
            "공원":100,
            "혐오시설":0,
            "인프라총점":23.0,
            "초등학군":89.2,
            "중학군":43.4,
            "학군총점":52.56,
            "인구수":27.98,
            "인구증감":-11.88,
            "인구총점":16.022,
            "일자리":14.1,
            "소득수준":65.62,
            "일자리총점":29.556,
            "가치 총점":42.29,
            "매매실거래년":20211227.0,
            "매매실거래가":23900.0,
            "전세실거래년":20220115.0,
            "전세실거래가":13000.0,
            "전세가율":71.04,
            "장기전세가율평균":72.48,
            "전세가율거품지수":1.44,
            "검색코드":103545,
            "세대수":546.0,
            "준공년월":"2013-12-12",
            "준공년차":10.0,
            "가까운역이름":"NA",
            "가까운역거리":"NA",
            "역세권여부":"NA",
            "30분이내주요거점역":"NA",
            "1시간이내주요거점역":"NA",
            "3km이내백화점수":0,
            "5km이내아울렛몰수":0,
            "1km이내대형먀트수":0,
            "500m이내은행수":0,
            "500m이내병원수":1,
            "5km이내대형병원수":2,
            "500m이내공원수":4,
            "3km이내혐오시설수":0,
            "초등학교학업성취도":89.2,
            "중학교학업성취도":71.6,
            "용적률":167,
            "건폐율":13,
            "Y":34.861222,
            "X":128.632318,
            "rank":38.0,
            "area_info":"24평(82.18), 24평(82.3), 25평(83.84), 33평(111.41), 33평(111.39)",
            "last_sales":"2021-12-27,23900.0,33평(111.41)"
        },
        {
            "index":454,
            "아파트명":"거제코아루파크드림",
            "투자타입":"일반",
            "전용면적(m2)":"79.88",
            "전용면적(평)":"24평",
            "법정동주소":"경상남도 거제시 일운면 지세포리 1412",
            "도로명주소":"경상남도 거제시 지세포1길 27",
            "세대수":80,
            "입주년차":80,
            "용적률점수":"--",
            "건폐율점수":"--",
            "세대당주차수":30,
            "난방방식":30,
            "공급면적":"--",
            "전용률":"--",
            "욕실수":100,
            "현관타입":100,
            "주거총점":71.5,
            "지역구공급총점":0.0,
            "역세권":"NA",
            "30분내 이동가능 거점":"NA",
            "1시간내 이동가능 거점":"NA",
            "교통총점":"NA",
            "백화점":0,
            "아울렛몰":0,
            "대형마트":80,
            "은행":0,
            "병원":10,
            "종합병원":0,
            "공원":0,
            "혐오시설":0,
            "인프라총점":13.0,
            "초등학군":91.9,
            "중학군":36.66,
            "학군총점":47.708,
            "인구수":27.98,
            "인구증감":-11.88,
            "인구총점":16.022,
            "일자리":14.1,
            "소득수준":65.62,
            "일자리총점":29.556,
            "가치 총점":42.152,
            "매매실거래년":20211009.0,
            "매매실거래가":17450.0,
            "전세실거래년":20211011.0,
            "전세실거래가":9000.0,
            "전세가율":51.58,
            "장기전세가율평균":72.48,
            "전세가율거품지수":20.9,
            "검색코드":112643,
            "세대수":767.0,
            "준공년월":"2018-11-01",
            "준공년차":5.0,
            "가까운역이름":"NA",
            "가까운역거리":"NA",
            "역세권여부":"NA",
            "30분이내주요거점역":"NA",
            "1시간이내주요거점역":"NA",
            "3km이내백화점수":0,
            "5km이내아울렛몰수":0,
            "1km이내대형먀트수":1,
            "500m이내은행수":0,
            "500m이내병원수":4,
            "5km이내대형병원수":0,
            "500m이내공원수":0,
            "3km이내혐오시설수":0,
            "초등학교학업성취도":91.9,
            "중학교학업성취도":60.1,
            "용적률":227,
            "건폐율":15,
            "Y":34.826136,
            "X":128.702874,
            "rank":39.0,
            "area_info":"24평(79.88), 33평(112.22), 33평(112.18)",
            "last_sales":"2021-10-09,17450.0,24평(79.88)"
        },
        {
            "index":504,
            "아파트명":"대한2차",
            "투자타입":"일반",
            "전용면적(m2)":"69.99",
            "전용면적(평)":"21평",
            "법정동주소":"경상남도 거제시 장평동 32",
            "도로명주소":"경상남도 거제시 장평로6길 20",
            "세대수":50,
            "입주년차":0,
            "용적률점수":"--",
            "건폐율점수":"--",
            "세대당주차수":0,
            "난방방식":30,
            "공급면적":"--",
            "전용률":"--",
            "욕실수":50,
            "현관타입":100,
            "주거총점":35.5,
            "지역구공급총점":0.0,
            "역세권":"NA",
            "30분내 이동가능 거점":"NA",
            "1시간내 이동가능 거점":"NA",
            "교통총점":"NA",
            "백화점":0,
            "아울렛몰":0,
            "대형마트":80,
            "은행":0,
            "병원":60,
            "종합병원":100,
            "공원":100,
            "혐오시설":0,
            "인프라총점":41.0,
            "초등학군":92.34,
            "중학군":42.74,
            "학군총점":52.66,
            "인구수":27.98,
            "인구증감":-11.88,
            "인구총점":16.022,
            "일자리":14.1,
            "소득수준":65.62,
            "일자리총점":29.556,
            "가치 총점":41.99,
            "매매실거래년":20211217.0,
            "매매실거래가":11700.0,
            "전세실거래년":20210813.0,
            "전세실거래가":8500.0,
            "전세가율":72.65,
            "장기전세가율평균":72.48,
            "전세가율거품지수":-0.17,
            "검색코드":5904,
            "세대수":411.0,
            "준공년월":"1994-12-19",
            "준공년차":29.0,
            "가까운역이름":"NA",
            "가까운역거리":"NA",
            "역세권여부":"NA",
            "30분이내주요거점역":"NA",
            "1시간이내주요거점역":"NA",
            "3km이내백화점수":0,
            "5km이내아울렛몰수":0,
            "1km이내대형먀트수":1,
            "500m이내은행수":1,
            "500m이내병원수":12,
            "5km이내대형병원수":2,
            "500m이내공원수":4,
            "3km이내혐오시설수":0,
            "초등학교학업성취도":92.34,
            "중학교학업성취도":70.9,
            "용적률":237,
            "건폐율":20,
            "Y":34.892219,
            "X":128.613803,
            "rank":40.0,
            "area_info":"21평(69.99), 26평(87.57), 28평(94.91)",
            "last_sales":"2021-12-17,11700.0,21평(69.99)"
        },
        {
            "index":71,
            "아파트명":"신우성",
            "투자타입":"재건축",
            "전용면적(m2)":"88.59",
            "전용면적(평)":"26평",
            "법정동주소":"경상남도 거제시 고현동 961",
            "도로명주소":"경상남도 거제시 서문로6길 6",
            "세대수":0,
            "입주년차":"--",
            "용적률점수":0,
            "건폐율점수":60,
            "세대당주차수":"--",
            "난방방식":"--",
            "공급면적":70,
            "전용률":80,
            "욕실수":"--",
            "현관타입":"--",
            "주거총점":19.5,
            "지역구공급총점":0.0,
            "역세권":"NA",
            "30분내 이동가능 거점":"NA",
            "1시간내 이동가능 거점":"NA",
            "교통총점":"NA",
            "백화점":0,
            "아울렛몰":0,
            "대형마트":80,
            "은행":100,
            "병원":100,
            "종합병원":100,
            "공원":100,
            "혐오시설":0,
            "인프라총점":55.0,
            "초등학군":92.34,
            "중학군":42.74,
            "학군총점":52.66,
            "인구수":27.98,
            "인구증감":-11.88,
            "인구총점":16.022,
            "일자리":14.1,
            "소득수준":65.62,
            "일자리총점":29.556,
            "가치 총점":41.99,
            "매매실거래년":20210929.0,
            "매매실거래가":13700.0,
            "전세실거래년":20200309.0,
            "전세실거래가":7000.0,
            "전세가율":53.85,
            "장기전세가율평균":72.48,
            "전세가율거품지수":18.63,
            "검색코드":15292,
            "세대수":108.0,
            "준공년월":"1990-12-21",
            "준공년차":33.0,
            "가까운역이름":"NA",
            "가까운역거리":"NA",
            "역세권여부":"NA",
            "30분이내주요거점역":"NA",
            "1시간이내주요거점역":"NA",
            "3km이내백화점수":0,
            "5km이내아울렛몰수":0,
            "1km이내대형먀트수":1,
            "500m이내은행수":8,
            "500m이내병원수":72,
            "5km이내대형병원수":2,
            "500m이내공원수":3,
            "3km이내혐오시설수":0,
            "초등학교학업성취도":92.34,
            "중학교학업성취도":70.9,
            "용적률":263,
            "건폐율":32,
            "Y":34.888452,
            "X":128.620547,
            "rank":41.0,
            "area_info":"26평(88.59), 28평(95.37), 28평(95.24)",
            "last_sales":"2021-09-29,13700.0,28평(95.37)"
        },
        {
            "index":511,
            "아파트명":"에스빌리지",
            "투자타입":"일반",
            "전용면적(m2)":"60.27",
            "전용면적(평)":"18평",
            "법정동주소":"경상남도 거제시 장평동 5",
            "도로명주소":"경상남도 거제시 장평1로 86",
            "세대수":0,
            "입주년차":60,
            "용적률점수":"--",
            "건폐율점수":"--",
            "세대당주차수":30,
            "난방방식":30,
            "공급면적":"--",
            "전용률":"--",
            "욕실수":50,
            "현관타입":100,
            "주거총점":34.5,
            "지역구공급총점":0.0,
            "역세권":"NA",
            "30분내 이동가능 거점":"NA",
            "1시간내 이동가능 거점":"NA",
            "교통총점":"NA",
            "백화점":0,
            "아울렛몰":0,
            "대형마트":80,
            "은행":0,
            "병원":60,
            "종합병원":100,
            "공원":100,
            "혐오시설":0,
            "인프라총점":41.0,
            "초등학군":93.19,
            "중학군":42.74,
            "학군총점":52.83,
            "인구수":27.98,
            "인구증감":-11.88,
            "인구총점":16.022,
            "일자리":14.1,
            "소득수준":65.62,
            "일자리총점":29.556,
            "가치 총점":41.6825,
            "매매실거래년":20211005.0,
            "매매실거래가":51961.0,
            "전세실거래년":null,
            "전세실거래가":null,
            "전세가율":null,
            "장기전세가율평균":72.48,
            "전세가율거품지수":null,
            "검색코드":124042,
            "세대수":282.0,
            "준공년월":"2009-05-15",
            "준공년차":14.0,
            "가까운역이름":"NA",
            "가까운역거리":"NA",
            "역세권여부":"NA",
            "30분이내주요거점역":"NA",
            "1시간이내주요거점역":"NA",
            "3km이내백화점수":0,
            "5km이내아울렛몰수":0,
            "1km이내대형먀트수":1,
            "500m이내은행수":0,
            "500m이내병원수":10,
            "5km이내대형병원수":2,
            "500m이내공원수":3,
            "3km이내혐오시설수":0,
            "초등학교학업성취도":93.19,
            "중학교학업성취도":70.9,
            "용적률":191,
            "건폐율":14,
            "Y":34.894958,
            "X":128.612813,
            "rank":42.0,
            "area_info":"18평(60.27), 18평(60.31), 18평(60.35), 29평(97.76), 29평(97.8), 40평(135.37), 40평(135.42), 57평(188.97), 59평(195.05)",
            "last_sales":"2021-10-05,51961.0,59평(195.05)"
        },
        {
            "index":176,
            "아파트명":"덕산베스트타운3차",
            "투자타입":"일반",
            "전용면적(m2)":"76.31",
            "전용면적(평)":"23평",
            "법정동주소":"경상남도 거제시 상동동 50",
            "도로명주소":"경상남도 거제시 상동1길 15-9",
            "세대수":90,
            "입주년차":40,
            "용적률점수":"--",
            "건폐율점수":"--",
            "세대당주차수":0,
            "난방방식":30,
            "공급면적":"--",
            "전용률":"--",
            "욕실수":50,
            "현관타입":100,
            "주거총점":57.5,
            "지역구공급총점":0.0,
            "역세권":"NA",
            "30분내 이동가능 거점":"NA",
            "1시간내 이동가능 거점":"NA",
            "교통총점":"NA",
            "백화점":0,
            "아울렛몰":0,
            "대형마트":0,
            "은행":0,
            "병원":10,
            "종합병원":100,
            "공원":0,
            "혐오시설":0,
            "인프라총점":21.0,
            "초등학군":89.42,
            "중학군":43.4,
            "학군총점":52.604,
            "인구수":27.98,
            "인구증감":-11.88,
            "인구총점":16.022,
            "일자리":14.1,
            "소득수준":65.62,
            "일자리총점":29.556,
            "가치 총점":41.676,
            "매매실거래년":20211224.0,
            "매매실거래가":10700.0,
            "전세실거래년":20220108.0,
            "전세실거래가":8500.0,
            "전세가율":79.44,
            "장기전세가율평균":72.48,
            "전세가율거품지수":-6.96,
            "검색코드":103739,
            "세대수":930.0,
            "준공년월":"2004-11-23",
            "준공년차":19.0,
            "가까운역이름":"NA",
            "가까운역거리":"NA",
            "역세권여부":"NA",
            "30분이내주요거점역":"NA",
            "1시간이내주요거점역":"NA",
            "3km이내백화점수":0,
            "5km이내아울렛몰수":0,
            "1km이내대형먀트수":0,
            "500m이내은행수":0,
            "500m이내병원수":2,
            "5km이내대형병원수":2,
            "500m이내공원수":0,
            "3km이내혐오시설수":0,
            "초등학교학업성취도":89.42,
            "중학교학업성취도":71.6,
            "용적률":135,
            "건폐율":11,
            "Y":34.862515,
            "X":128.640191,
            "rank":43.0,
            "area_info":"23평(76.31), 32평(105.88)",
            "last_sales":"2021-12-24,10700.0,23평(76.31)"
        },
        {
            "index":208,
            "아파트명":"거제신현두산위브",
            "투자타입":"일반",
            "전용면적(m2)":"112.57",
            "전용면적(평)":"34평",
            "법정동주소":"경상남도 거제시 수월동 1140",
            "도로명주소":"경상남도 거제시 수양로 435",
            "세대수":50,
            "입주년차":40,
            "용적률점수":"--",
            "건폐율점수":"--",
            "세대당주차수":30,
            "난방방식":30,
            "공급면적":"--",
            "전용률":"--",
            "욕실수":100,
            "현관타입":100,
            "주거총점":53.0,
            "지역구공급총점":0.0,
            "역세권":"NA",
            "30분내 이동가능 거점":"NA",
            "1시간내 이동가능 거점":"NA",
            "교통총점":"NA",
            "백화점":0,
            "아울렛몰":0,
            "대형마트":0,
            "은행":0,
            "병원":10,
            "종합병원":100,
            "공원":0,
            "혐오시설":0,
            "인프라총점":21.0,
            "초등학군":90.25,
            "중학군":50.76,
            "학군총점":58.658,
            "인구수":27.98,
            "인구증감":-11.88,
            "인구총점":16.022,
            "일자리":14.1,
            "소득수준":65.62,
            "일자리총점":29.556,
            "가치 총점":41.6145,
            "매매실거래년":20211018.0,
            "매매실거래가":43400.0,
            "전세실거래년":20220115.0,
            "전세실거래가":21000.0,
            "전세가율":69.54,
            "장기전세가율평균":72.48,
            "전세가율거품지수":2.94,
            "검색코드":24897,
            "세대수":406.0,
            "준공년월":"2008-02-01",
            "준공년차":15.0,
            "가까운역이름":"NA",
            "가까운역거리":"NA",
            "역세권여부":"NA",
            "30분이내주요거점역":"NA",
            "1시간이내주요거점역":"NA",
            "3km이내백화점수":0,
            "5km이내아울렛몰수":0,
            "1km이내대형먀트수":0,
            "500m이내은행수":0,
            "500m이내병원수":4,
            "5km이내대형병원수":2,
            "500m이내공원수":0,
            "3km이내혐오시설수":0,
            "초등학교학업성취도":90.25,
            "중학교학업성취도":84.2,
            "용적률":215,
            "건폐율":20,
            "Y":34.891337,
            "X":128.641345,
            "rank":44.0,
            "area_info":"34평(112.57), 45평(150.5)",
            "last_sales":"2021-10-18,43400.0,45평(150.5)"
        },
        {
            "index":58,
            "아파트명":"덕산베스트타운",
            "투자타입":"일반",
            "전용면적(m2)":"72.35",
            "전용면적(평)":"21평",
            "법정동주소":"경상남도 거제시 고현동 1039",
            "도로명주소":"경상남도 거제시 중곡로 40",
            "세대수":100,
            "입주년차":0,
            "용적률점수":"--",
            "건폐율점수":"--",
            "세대당주차수":0,
            "난방방식":30,
            "공급면적":"--",
            "전용률":"--",
            "욕실수":50,
            "현관타입":100,
            "주거총점":53.0,
            "지역구공급총점":0.0,
            "역세권":"NA",
            "30분내 이동가능 거점":"NA",
            "1시간내 이동가능 거점":"NA",
            "교통총점":"NA",
            "백화점":0,
            "아울렛몰":0,
            "대형마트":0,
            "은행":0,
            "병원":30,
            "종합병원":100,
            "공원":80,
            "혐오시설":0,
            "인프라총점":25.4,
            "초등학군":88.35,
            "중학군":42.3,
            "학군총점":51.51,
            "인구수":27.98,
            "인구증감":-11.88,
            "인구총점":16.022,
            "일자리":14.1,
            "소득수준":65.62,
            "일자리총점":29.556,
            "가치 총점":41.5875,
            "매매실거래년":20211231.0,
            "매매실거래가":13350.0,
            "전세실거래년":20210907.0,
            "전세실거래가":12000.0,
            "전세가율":85.71,
            "장기전세가율평균":72.48,
            "전세가율거품지수":-13.23,
            "검색코드":5908,
            "세대수":1512.0,
            "준공년월":"1998-01-20",
            "준공년차":25.0,
            "가까운역이름":"NA",
            "가까운역거리":"NA",
            "역세권여부":"NA",
            "30분이내주요거점역":"NA",
            "1시간이내주요거점역":"NA",
            "3km이내백화점수":0,
            "5km이내아울렛몰수":0,
            "1km이내대형먀트수":0,
            "500m이내은행수":0,
            "500m이내병원수":5,
            "5km이내대형병원수":2,
            "500m이내공원수":1,
            "3km이내혐오시설수":0,
            "초등학교학업성취도":88.35,
            "중학교학업성취도":70.5,
            "용적률":0,
            "건폐율":0,
            "Y":34.897305,
            "X":128.63092,
            "rank":45.0,
            "area_info":"21평(72.35), 22평(73.37), 26평(86.68), 30평(99.53)",
            "last_sales":"2021-12-31,13350.0,26평(86.68)"
        },
        {
            "index":163,
            "아파트명":"거제상동벽산블루밍4차",
            "투자타입":"일반",
            "전용면적(m2)":"110.51",
            "전용면적(평)":"33평",
            "법정동주소":"경상남도 거제시 상동동 1079",
            "도로명주소":"경상남도 거제시 상동5길 117-55",
            "세대수":30,
            "입주년차":80,
            "용적률점수":"--",
            "건폐율점수":"--",
            "세대당주차수":30,
            "난방방식":30,
            "공급면적":"--",
            "전용률":"--",
            "욕실수":100,
            "현관타입":100,
            "주거총점":54.0,
            "지역구공급총점":0.0,
            "역세권":"NA",
            "30분내 이동가능 거점":"NA",
            "1시간내 이동가능 거점":"NA",
            "교통총점":"NA",
            "백화점":0,
            "아울렛몰":0,
            "대형마트":0,
            "은행":0,
            "병원":0,
            "종합병원":100,
            "공원":100,
            "혐오시설":0,
            "인프라총점":23.0,
            "초등학군":89.2,
            "중학군":43.4,
            "학군총점":52.56,
            "인구수":27.98,
            "인구증감":-11.88,
            "인구총점":16.022,
            "일자리":14.1,
            "소득수준":65.62,
            "일자리총점":29.556,
            "가치 총점":41.24,
            "매매실거래년":20211208.0,
            "매매실거래가":29700.0,
            "전세실거래년":20210927.0,
            "전세실거래가":19000.0,
            "전세가율":63.97,
            "장기전세가율평균":72.48,
            "전세가율거품지수":8.51,
            "검색코드":110607,
            "세대수":345.0,
            "준공년월":"2018-01-19",
            "준공년차":5.0,
            "가까운역이름":"NA",
            "가까운역거리":"NA",
            "역세권여부":"NA",
            "30분이내주요거점역":"NA",
            "1시간이내주요거점역":"NA",
            "3km이내백화점수":0,
            "5km이내아울렛몰수":0,
            "1km이내대형먀트수":0,
            "500m이내은행수":0,
            "500m이내병원수":1,
            "5km이내대형병원수":2,
            "500m이내공원수":4,
            "3km이내혐오시설수":0,
            "초등학교학업성취도":89.2,
            "중학교학업성취도":71.6,
            "용적률":181,
            "건폐율":42,
            "Y":34.861441,
            "X":128.63559,
            "rank":46.0,
            "area_info":"33평(110.51), 33평(111.33)",
            "last_sales":"2021-12-08,29700.0,33평(110.51)"
        },
        {
            "index":386,
            "아파트명":"미진타워펠리스",
            "투자타입":"일반",
            "전용면적(m2)":"83.27",
            "전용면적(평)":"25평",
            "법정동주소":"경상남도 거제시 옥포동 556-11",
            "도로명주소":"경상남도 거제시 거제대로 3696",
            "세대수":0,
            "입주년차":40,
            "용적률점수":"--",
            "건폐율점수":"--",
            "세대당주차수":60,
            "난방방식":30,
            "공급면적":"--",
            "전용률":"--",
            "욕실수":50,
            "현관타입":100,
            "주거총점":35.0,
            "지역구공급총점":0.0,
            "역세권":"NA",
            "30분내 이동가능 거점":"NA",
            "1시간내 이동가능 거점":"NA",
            "교통총점":"NA",
            "백화점":0,
            "아울렛몰":0,
            "대형마트":100,
            "은행":0,
            "병원":10,
            "종합병원":100,
            "공원":100,
            "혐오시설":0,
            "인프라총점":39.0,
            "초등학군":90.99,
            "중학군":43.6,
            "학군총점":53.078,
            "인구수":27.98,
            "인구증감":-11.88,
            "인구총점":16.022,
            "일자리":14.1,
            "소득수준":65.62,
            "일자리총점":29.556,
            "가치 총점":41.1195,
            "매매실거래년":20210710.0,
            "매매실거래가":24000.0,
            "전세실거래년":20180705.0,
            "전세실거래가":7500.0,
            "전세가율":65.79,
            "장기전세가율평균":72.48,
            "전세가율거품지수":6.69,
            "검색코드":102424,
            "세대수":228.0,
            "준공년월":"2006-11-03",
            "준공년차":17.0,
            "가까운역이름":"NA",
            "가까운역거리":"NA",
            "역세권여부":"NA",
            "30분이내주요거점역":"NA",
            "1시간이내주요거점역":"NA",
            "3km이내백화점수":0,
            "5km이내아울렛몰수":0,
            "1km이내대형먀트수":2,
            "500m이내은행수":0,
            "500m이내병원수":4,
            "5km이내대형병원수":2,
            "500m이내공원수":2,
            "3km이내혐오시설수":0,
            "초등학교학업성취도":90.99,
            "중학교학업성취도":72.0,
            "용적률":672,
            "건폐율":78,
            "Y":34.887528,
            "X":128.69316,
            "rank":47.0,
            "area_info":"25평(83.27), 25평(85.36), 31평(104.16), 33평(110.44), 35평(118.12), 36평(121.26), 49평(165.02), 50평(167.45)",
            "last_sales":"2021-07-10,24000.0,50평(167.45)"
        },
        {
            "index":267,
            "아파트명":"대동다숲2단지",
            "투자타입":"일반",
            "전용면적(m2)":"115.45",
            "전용면적(평)":"34평",
            "법정동주소":"경상남도 거제시 아주동 1020",
            "도로명주소":"경상남도 거제시 아주2로2길 13",
            "세대수":30,
            "입주년차":60,
            "용적률점수":"--",
            "건폐율점수":"--",
            "세대당주차수":30,
            "난방방식":30,
            "공급면적":"--",
            "전용률":"--",
            "욕실수":100,
            "현관타입":100,
            "주거총점":50.0,
            "지역구공급총점":0.0,
            "역세권":"NA",
            "30분내 이동가능 거점":"NA",
            "1시간내 이동가능 거점":"NA",
            "교통총점":"NA",
            "백화점":0,
            "아울렛몰":0,
            "대형마트":0,
            "은행":0,
            "병원":30,
            "종합병원":100,
            "공원":0,
            "혐오시설":0,
            "인프라총점":23.0,
            "초등학군":90.0,
            "중학군":49.48,
            "학군총점":57.584,
            "인구수":27.98,
            "인구증감":-11.88,
            "인구총점":16.022,
            "일자리":14.1,
            "소득수준":65.62,
            "일자리총점":29.556,
            "가치 총점":41.096,
            "매매실거래년":20211124.0,
            "매매실거래가":27300.0,
            "전세실거래년":20210507.0,
            "전세실거래가":17000.0,
            "전세가율":62.27,
            "장기전세가율평균":72.48,
            "전세가율거품지수":10.21,
            "검색코드":105185,
            "세대수":352.0,
            "준공년월":"2010-01-11",
            "준공년차":13.0,
            "가까운역이름":"NA",
            "가까운역거리":"NA",
            "역세권여부":"NA",
            "30분이내주요거점역":"NA",
            "1시간이내주요거점역":"NA",
            "3km이내백화점수":0,
            "5km이내아울렛몰수":0,
            "1km이내대형먀트수":0,
            "500m이내은행수":0,
            "500m이내병원수":5,
            "5km이내대형병원수":2,
            "500m이내공원수":0,
            "3km이내혐오시설수":0,
            "초등학교학업성취도":90.0,
            "중학교학업성취도":82.0,
            "용적률":213,
            "건폐율":20,
            "Y":34.869572,
            "X":128.685014,
            "rank":48.0,
            "area_info":"34평(115.45), 49평(164.81), 49평(164.81)",
            "last_sales":"2021-11-24,27300.0,34평(115.45)"
        },
        {
            "index":226,
            "아파트명":"거제덕산아내프리미엄1차",
            "투자타입":"일반",
            "전용면적(m2)":"84.63",
            "전용면적(평)":"25평",
            "법정동주소":"경상남도 거제시 아주동 1682",
            "도로명주소":"경상남도 거제시 아주로 100-10",
            "세대수":50,
            "입주년차":60,
            "용적률점수":"--",
            "건폐율점수":"--",
            "세대당주차수":30,
            "난방방식":30,
            "공급면적":"--",
            "전용률":"--",
            "욕실수":50,
            "현관타입":100,
            "주거총점":52.0,
            "지역구공급총점":0.0,
            "역세권":"NA",
            "30분내 이동가능 거점":"NA",
            "1시간내 이동가능 거점":"NA",
            "교통총점":"NA",
            "백화점":0,
            "아울렛몰":0,
            "대형마트":0,
            "은행":0,
            "병원":30,
            "종합병원":80,
            "공원":80,
            "혐오시설":0,
            "인프라총점":21.4,
            "초등학군":88.76,
            "중학군":49.48,
            "학군총점":57.336,
            "인구수":27.98,
            "인구증감":-11.88,
            "인구총점":16.022,
            "일자리":14.1,
            "소득수준":65.62,
            "일자리총점":29.556,
            "가치 총점":41.094,
            "매매실거래년":20220105.0,
            "매매실거래가":17500.0,
            "전세실거래년":20211223.0,
            "전세실거래가":14000.0,
            "전세가율":80.0,
            "장기전세가율평균":72.48,
            "전세가율거품지수":-7.52,
            "검색코드":105749,
            "세대수":630.0,
            "준공년월":"2012-12-18",
            "준공년차":11.0,
            "가까운역이름":"NA",
            "가까운역거리":"NA",
            "역세권여부":"NA",
            "30분이내주요거점역":"NA",
            "1시간이내주요거점역":"NA",
            "3km이내백화점수":0,
            "5km이내아울렛몰수":0,
            "1km이내대형먀트수":0,
            "500m이내은행수":0,
            "500m이내병원수":5,
            "5km이내대형병원수":1,
            "500m이내공원수":1,
            "3km이내혐오시설수":0,
            "초등학교학업성취도":88.76,
            "중학교학업성취도":82.0,
            "용적률":192,
            "건폐율":20,
            "Y":34.865562,
            "X":128.685647,
            "rank":49.0,
            "area_info":"25평(84.63), 33평(111.36)",
            "last_sales":"2022-01-05,17500.0,25평(84.63)"
        },
        {
            "index":270,
            "아파트명":"덕산아내프리미엄2차",
            "투자타입":"일반",
            "전용면적(m2)":"102.72",
            "전용면적(평)":"31평",
            "법정동주소":"경상남도 거제시 아주동 1681",
            "도로명주소":"경상남도 거제시 아주로 100-11",
            "세대수":50,
            "입주년차":60,
            "용적률점수":"--",
            "건폐율점수":"--",
            "세대당주차수":30,
            "난방방식":30,
            "공급면적":"--",
            "전용률":"--",
            "욕실수":100,
            "현관타입":100,
            "주거총점":57.0,
            "지역구공급총점":0.0,
            "역세권":"NA",
            "30분내 이동가능 거점":"NA",
            "1시간내 이동가능 거점":"NA",
            "교통총점":"NA",
            "백화점":0,
            "아울렛몰":0,
            "대형마트":0,
            "은행":0,
            "병원":10,
            "종합병원":80,
            "공원":0,
            "혐오시설":0,
            "인프라총점":17.0,
            "초등학군":88.76,
            "중학군":49.48,
            "학군총점":57.336,
            "인구수":27.98,
            "인구증감":-11.88,
            "인구총점":16.022,
            "일자리":14.1,
            "소득수준":65.62,
            "일자리총점":29.556,
            "가치 총점":41.084,
            "매매실거래년":20211120.0,
            "매매실거래가":21200.0,
            "전세실거래년":20211103.0,
            "전세실거래가":16000.0,
            "전세가율":75.47,
            "장기전세가율평균":72.48,
            "전세가율거품지수":-2.99,
            "검색코드":103525,
            "세대수":413.0,
            "준공년월":"2013-11-04",
            "준공년차":10.0,
            "가까운역이름":"NA",
            "가까운역거리":"NA",
            "역세권여부":"NA",
            "30분이내주요거점역":"NA",
            "1시간이내주요거점역":"NA",
            "3km이내백화점수":0,
            "5km이내아울렛몰수":0,
            "1km이내대형먀트수":0,
            "500m이내은행수":0,
            "500m이내병원수":3,
            "5km이내대형병원수":1,
            "500m이내공원수":0,
            "3km이내혐오시설수":0,
            "초등학교학업성취도":88.76,
            "중학교학업성취도":82.0,
            "용적률":199,
            "건폐율":20,
            "Y":34.866434,
            "X":128.683511,
            "rank":50.0,
            "area_info":"31평(102.72), 33평(109.89)",
            "last_sales":"2021-11-20,21200.0,31평(102.72)"
        },
        {
            "index":460,
            "아파트명":"스타힐스오션시티",
            "투자타입":"일반",
            "전용면적(m2)":"81.99",
            "전용면적(평)":"24평",
            "법정동주소":"경상남도 거제시 일운면 소동리 927",
            "도로명주소":"경상남도 거제시 소동8길 11",
            "세대수":50,
            "입주년차":100,
            "용적률점수":"--",
            "건폐율점수":"--",
            "세대당주차수":30,
            "난방방식":30,
            "공급면적":"--",
            "전용률":"--",
            "욕실수":100,
            "현관타입":100,
            "주거총점":65.0,
            "지역구공급총점":0.0,
            "역세권":"NA",
            "30분내 이동가능 거점":"NA",
            "1시간내 이동가능 거점":"NA",
            "교통총점":"NA",
            "백화점":0,
            "아울렛몰":0,
            "대형마트":0,
            "은행":0,
            "병원":0,
            "종합병원":80,
            "공원":0,
            "혐오시설":0,
            "인프라총점":16.0,
            "초등학군":91.9,
            "중학군":36.66,
            "학군총점":47.708,
            "인구수":27.98,
            "인구증감":-11.88,
            "인구총점":16.022,
            "일자리":14.1,
            "소득수준":65.62,
            "일자리총점":29.556,
            "가치 총점":41.077,
            "매매실거래년":"18000101",
            "매매실거래가":null,
            "전세실거래년":20220112.0,
            "전세실거래가":19000.0,
            "전세가율":null,
            "장기전세가율평균":72.48,
            "전세가율거품지수":null,
            "검색코드":128072,
            "세대수":686.0,
            "준공년월":"2019-11-29",
            "준공년차":4.0,
            "가까운역이름":"NA",
            "가까운역거리":"NA",
            "역세권여부":"NA",
            "30분이내주요거점역":"NA",
            "1시간이내주요거점역":"NA",
            "3km이내백화점수":0,
            "5km이내아울렛몰수":0,
            "1km이내대형먀트수":0,
            "500m이내은행수":0,
            "500m이내병원수":0,
            "5km이내대형병원수":1,
            "500m이내공원수":0,
            "3km이내혐오시설수":0,
            "초등학교학업성취도":91.9,
            "중학교학업성취도":60.1,
            "용적률":0,
            "건폐율":21,
            "Y":34.84169,
            "X":128.695976,
            "rank":51.0,
            "area_info":"24평(81.99), 35평(116.16), 35평(116.1), 35평(116.14)",
            "last_sales":"1800-01-01,nan,24평(81.99)"
        },
        {
            "index":165,
            "아파트명":"거제신현에스케이뷰",
            "투자타입":"일반",
            "전용면적(m2)":"82.2",
            "전용면적(평)":"24평",
            "법정동주소":"경상남도 거제시 상동동 72",
            "도로명주소":"경상남도 거제시 상동1길 39",
            "세대수":50,
            "입주년차":40,
            "용적률점수":"--",
            "건폐율점수":"--",
            "세대당주차수":30,
            "난방방식":30,
            "공급면적":"--",
            "전용률":"--",
            "욕실수":100,
            "현관타입":100,
            "주거총점":53.0,
            "지역구공급총점":0.0,
            "역세권":"NA",
            "30분내 이동가능 거점":"NA",
            "1시간내 이동가능 거점":"NA",
            "교통총점":"NA",
            "백화점":0,
            "아울렛몰":0,
            "대형마트":0,
            "은행":0,
            "병원":10,
            "종합병원":100,
            "공원":80,
            "혐오시설":0,
            "인프라총점":23.4,
            "초등학군":89.2,
            "중학군":43.4,
            "학군총점":52.56,
            "인구수":27.98,
            "인구증감":-11.88,
            "인구총점":16.022,
            "일자리":14.1,
            "소득수준":65.62,
            "일자리총점":29.556,
            "가치 총점":41.05,
            "매매실거래년":20211229.0,
            "매매실거래가":17800.0,
            "전세실거래년":20210716.0,
            "전세실거래가":4000.0,
            "전세가율":32.26,
            "장기전세가율평균":72.48,
            "전세가율거품지수":40.22,
            "검색코드":100964,
            "세대수":554.0,
            "준공년월":"2008-04-08",
            "준공년차":15.0,
            "가까운역이름":"NA",
            "가까운역거리":"NA",
            "역세권여부":"NA",
            "30분이내주요거점역":"NA",
            "1시간이내주요거점역":"NA",
            "3km이내백화점수":0,
            "5km이내아울렛몰수":0,
            "1km이내대형먀트수":0,
            "500m이내은행수":0,
            "500m이내병원수":3,
            "5km이내대형병원수":2,
            "500m이내공원수":1,
            "3km이내혐오시설수":0,
            "초등학교학업성취도":89.2,
            "중학교학업성취도":71.6,
            "용적률":149,
            "건폐율":18,
            "Y":34.86265,
            "X":128.636704,
            "rank":52.0,
            "area_info":"24평(82.2), 29평(98.81), 32평(108.78), 33평(109.73), 34평(114.38)",
            "last_sales":"2021-12-29,17800.0,33평(109.73)"
        },
        {
            "index":312,
            "아파트명":"거제더샵",
            "투자타입":"일반",
            "전용면적(m2)":"121.32",
            "전용면적(평)":"36평",
            "법정동주소":"경상남도 거제시 양정동 800",
            "도로명주소":"경상남도 거제시 제산로 86",
            "세대수":50,
            "입주년차":60,
            "용적률점수":"--",
            "건폐율점수":"--",
            "세대당주차수":60,
            "난방방식":30,
            "공급면적":"--",
            "전용률":"--",
            "욕실수":100,
            "현관타입":10,
            "주거총점":52.5,
            "지역구공급총점":0.0,
            "역세권":"NA",
            "30분내 이동가능 거점":"NA",
            "1시간내 이동가능 거점":"NA",
            "교통총점":"NA",
            "백화점":0,
            "아울렛몰":0,
            "대형마트":0,
            "은행":0,
            "병원":0,
            "종합병원":100,
            "공원":0,
            "혐오시설":0,
            "인프라총점":20.0,
            "초등학군":88.8,
            "중학군":50.76,
            "학군총점":58.368,
            "인구수":27.98,
            "인구증감":-11.88,
            "인구총점":16.022,
            "일자리":14.1,
            "소득수준":65.62,
            "일자리총점":29.556,
            "가치 총점":40.967,
            "매매실거래년":20211110.0,
            "매매실거래가":42500.0,
            "전세실거래년":20210114.0,
            "전세실거래가":24500.0,
            "전세가율":75.85,
            "장기전세가율평균":72.48,
            "전세가율거품지수":-3.37,
            "검색코드":27450,
            "세대수":473.0,
            "준공년월":"2009-03-11",
            "준공년차":14.0,
            "가까운역이름":"NA",
            "가까운역거리":"NA",
            "역세권여부":"NA",
            "30분이내주요거점역":"NA",
            "1시간이내주요거점역":"NA",
            "3km이내백화점수":0,
            "5km이내아울렛몰수":0,
            "1km이내대형먀트수":0,
            "500m이내은행수":0,
            "500m이내병원수":0,
            "5km이내대형병원수":2,
            "500m이내공원수":0,
            "3km이내혐오시설수":0,
            "초등학교학업성취도":88.8,
            "중학교학업성취도":84.2,
            "용적률":229,
            "건폐율":12,
            "Y":34.885915,
            "X":128.643906,
            "rank":53.0,
            "area_info":"36평(121.32), 36평(122.07), 46평(154.16), 53평(177.86)",
            "last_sales":"2021-11-10,42500.0,53평(177.86)"
        },
        {
            "index":247,
            "아파트명":"거제아주코오롱하늘채",
            "투자타입":"일반",
            "전용면적(m2)":"80.03",
            "전용면적(평)":"24평",
            "법정동주소":"경상남도 거제시 아주동 1719",
            "도로명주소":"경상남도 거제시 아주2로2길 10",
            "세대수":30,
            "입주년차":80,
            "용적률점수":"--",
            "건폐율점수":"--",
            "세대당주차수":30,
            "난방방식":30,
            "공급면적":"--",
            "전용률":"--",
            "욕실수":100,
            "현관타입":100,
            "주거총점":54.0,
            "지역구공급총점":0.0,
            "역세권":"NA",
            "30분내 이동가능 거점":"NA",
            "1시간내 이동가능 거점":"NA",
            "교통총점":"NA",
            "백화점":0,
            "아울렛몰":0,
            "대형마트":0,
            "은행":0,
            "병원":30,
            "종합병원":80,
            "공원":0,
            "혐오시설":0,
            "인프라총점":19.0,
            "초등학군":90.0,
            "중학군":49.48,
            "학군총점":57.584,
            "인구수":27.98,
            "인구증감":-11.88,
            "인구총점":16.022,
            "일자리":14.1,
            "소득수준":65.62,
            "일자리총점":29.556,
            "가치 총점":40.896,
            "매매실거래년":20211124.0,
            "매매실거래가":27000.0,
            "전세실거래년":20211231.0,
            "전세실거래가":15000.0,
            "전세가율":75.0,
            "장기전세가율평균":72.48,
            "전세가율거품지수":-2.52,
            "검색코드":113507,
            "세대수":358.0,
            "준공년월":"2018-08-22",
            "준공년차":5.0,
            "가까운역이름":"NA",
            "가까운역거리":"NA",
            "역세권여부":"NA",
            "30분이내주요거점역":"NA",
            "1시간이내주요거점역":"NA",
            "3km이내백화점수":0,
            "5km이내아울렛몰수":0,
            "1km이내대형먀트수":0,
            "500m이내은행수":0,
            "500m이내병원수":5,
            "5km이내대형병원수":1,
            "500m이내공원수":0,
            "3km이내혐오시설수":0,
            "초등학교학업성취도":90.0,
            "중학교학업성취도":82.0,
            "용적률":233,
            "건폐율":21,
            "Y":34.868497,
            "X":128.686403,
            "rank":54.0,
            "area_info":"24평(80.03), 26평(88.08), 29평(97.42), 30평(100.14), 34평(112.49), 34평(112.68), 34평(112.68)",
            "last_sales":"2021-11-24,27000.0,34평(112.68)"
        },
        {
            "index":101,
            "아파트명":"옥명대우",
            "투자타입":"일반",
            "전용면적(m2)":"86.42",
            "전용면적(평)":"26평",
            "법정동주소":"경상남도 거제시 능포동 224",
            "도로명주소":"경상남도 거제시 능포로2길 38",
            "세대수":90,
            "입주년차":20,
            "용적률점수":"--",
            "건폐율점수":"--",
            "세대당주차수":30,
            "난방방식":30,
            "공급면적":"--",
            "전용률":"--",
            "욕실수":50,
            "현관타입":100,
            "주거총점":58.0,
            "지역구공급총점":0.0,
            "역세권":"NA",
            "30분내 이동가능 거점":"NA",
            "1시간내 이동가능 거점":"NA",
            "교통총점":"NA",
            "백화점":0,
            "아울렛몰":0,
            "대형마트":0,
            "은행":0,
            "병원":30,
            "종합병원":80,
            "공원":0,
            "혐오시설":0,
            "인프라총점":19.0,
            "초등학군":87.68,
            "중학군":40.7,
            "학군총점":50.096,
            "인구수":27.98,
            "인구증감":-11.88,
            "인구총점":16.022,
            "일자리":14.1,
            "소득수준":65.62,
            "일자리총점":29.556,
            "가치 총점":40.424,
            "매매실거래년":20210630.0,
            "매매실거래가":19000.0,
            "전세실거래년":20180113.0,
            "전세실거래가":10000.0,
            "전세가율":78.12,
            "장기전세가율평균":72.48,
            "전세가율거품지수":-5.64,
            "검색코드":17352,
            "세대수":930.0,
            "준공년월":"1999-02-25",
            "준공년차":24.0,
            "가까운역이름":"NA",
            "가까운역거리":"NA",
            "역세권여부":"NA",
            "30분이내주요거점역":"NA",
            "1시간이내주요거점역":"NA",
            "3km이내백화점수":0,
            "5km이내아울렛몰수":0,
            "1km이내대형먀트수":0,
            "500m이내은행수":0,
            "500m이내병원수":5,
            "5km이내대형병원수":1,
            "500m이내공원수":0,
            "3km이내혐오시설수":0,
            "초등학교학업성취도":87.68,
            "중학교학업성취도":67.3,
            "용적률":133,
            "건폐율":14,
            "Y":34.874694,
            "X":128.732682,
            "rank":55.0,
            "area_info":"26평(86.42), 28평(93.5), 29평(98.03), 30평(100.03), 31평(102.88), 31평(105.24), 37평(125.07), 44평(148.61)",
            "last_sales":"2021-06-30,19000.0,37평(125.07)"
        },
        {
            "index":475,
            "아파트명":"은아",
            "투자타입":"재건축",
            "전용면적(m2)":"48.76",
            "전용면적(평)":"14평",
            "법정동주소":"경상남도 거제시 장승포동 561-13",
            "도로명주소":"경상남도 거제시 마전3길 30-4",
            "세대수":0,
            "입주년차":"--",
            "용적률점수":100,
            "건폐율점수":80,
            "세대당주차수":"--",
            "난방방식":"--",
            "공급면적":50,
            "전용률":80,
            "욕실수":"--",
            "현관타입":"--",
            "주거총점":62.5,
            "지역구공급총점":0.0,
            "역세권":"NA",
            "30분내 이동가능 거점":"NA",
            "1시간내 이동가능 거점":"NA",
            "교통총점":"NA",
            "백화점":0,
            "아울렛몰":0,
            "대형마트":0,
            "은행":0,
            "병원":0,
            "종합병원":80,
            "공원":0,
            "혐오시설":0,
            "인프라총점":16.0,
            "초등학군":79.83,
            "중학군":40.7,
            "학군총점":48.526,
            "인구수":27.98,
            "인구증감":-11.88,
            "인구총점":16.022,
            "일자리":14.1,
            "소득수준":65.62,
            "일자리총점":29.556,
            "가치 총점":40.4065,
            "매매실거래년":20210508.0,
            "매매실거래가":3000.0,
            "전세실거래년":20211109.0,
            "전세실거래가":2500.0,
            "전세가율":100.0,
            "장기전세가율평균":72.48,
            "전세가율거품지수":-27.52,
            "검색코드":16525,
            "세대수":150.0,
            "준공년월":"1986-10-10",
            "준공년차":37.0,
            "가까운역이름":"NA",
            "가까운역거리":"NA",
            "역세권여부":"NA",
            "30분이내주요거점역":"NA",
            "1시간이내주요거점역":"NA",
            "3km이내백화점수":0,
            "5km이내아울렛몰수":0,
            "1km이내대형먀트수":0,
            "500m이내은행수":0,
            "500m이내병원수":0,
            "5km이내대형병원수":1,
            "500m이내공원수":0,
            "3km이내혐오시설수":0,
            "초등학교학업성취도":79.83,
            "중학교학업성취도":67.3,
            "용적률":144,
            "건폐율":29,
            "Y":34.859559,
            "X":128.723482,
            "rank":56.0,
            "area_info":"14평(48.76), 14평(48.04), 16평(53.36), 17평(58.88)",
            "last_sales":"2021-05-08,3000.0,17평(58.88)"
        },
        {
            "index":264,
            "아파트명":"대동다숲1단지",
            "투자타입":"일반",
            "전용면적(m2)":"114.95",
            "전용면적(평)":"34평",
            "법정동주소":"경상남도 거제시 아주동 1011",
            "도로명주소":"경상남도 거제시 아주2로4길 10",
            "세대수":30,
            "입주년차":60,
            "용적률점수":"--",
            "건폐율점수":"--",
            "세대당주차수":30,
            "난방방식":30,
            "공급면적":"--",
            "전용률":"--",
            "욕실수":100,
            "현관타입":100,
            "주거총점":50.0,
            "지역구공급총점":0.0,
            "역세권":"NA",
            "30분내 이동가능 거점":"NA",
            "1시간내 이동가능 거점":"NA",
            "교통총점":"NA",
            "백화점":0,
            "아울렛몰":0,
            "대형마트":0,
            "은행":0,
            "병원":10,
            "종합병원":100,
            "공원":0,
            "혐오시설":0,
            "인프라총점":21.0,
            "초등학군":87.44,
            "중학군":49.48,
            "학군총점":57.072,
            "인구수":27.98,
            "인구증감":-11.88,
            "인구총점":16.022,
            "일자리":14.1,
            "소득수준":65.62,
            "일자리총점":29.556,
            "가치 총점":40.168,
            "매매실거래년":20211127.0,
            "매매실거래가":36800.0,
            "전세실거래년":20211102.0,
            "전세실거래가":15750.0,
            "전세가율":58.33,
            "장기전세가율평균":72.48,
            "전세가율거품지수":14.15,
            "검색코드":105186,
            "세대수":360.0,
            "준공년월":"2010-01-11",
            "준공년차":13.0,
            "가까운역이름":"NA",
            "가까운역거리":"NA",
            "역세권여부":"NA",
            "30분이내주요거점역":"NA",
            "1시간이내주요거점역":"NA",
            "3km이내백화점수":0,
            "5km이내아울렛몰수":0,
            "1km이내대형먀트수":0,
            "500m이내은행수":0,
            "500m이내병원수":3,
            "5km이내대형병원수":2,
            "500m이내공원수":0,
            "3km이내혐오시설수":0,
            "초등학교학업성취도":87.44,
            "중학교학업성취도":82.0,
            "용적률":208,
            "건폐율":20,
            "Y":34.870068,
            "X":128.68341,
            "rank":57.0,
            "area_info":"34평(114.95), 37평(125.0), 49평(164.81)",
            "last_sales":"2021-11-27,36800.0,49평(164.81)"
        },
        {
            "index":326,
            "아파트명":"삼성쉐르빌",
            "투자타입":"일반",
            "전용면적(m2)":"99.92",
            "전용면적(평)":"30평",
            "법정동주소":"경상남도 거제시 양정동 943",
            "도로명주소":"경상남도 거제시 제산로 2-5",
            "세대수":50,
            "입주년차":40,
            "용적률점수":"--",
            "건폐율점수":"--",
            "세대당주차수":30,
            "난방방식":30,
            "공급면적":"--",
            "전용률":"--",
            "욕실수":100,
            "현관타입":100,
            "주거총점":53.0,
            "지역구공급총점":0.0,
            "역세권":"NA",
            "30분내 이동가능 거점":"NA",
            "1시간내 이동가능 거점":"NA",
            "교통총점":"NA",
            "백화점":0,
            "아울렛몰":0,
            "대형마트":0,
            "은행":0,
            "병원":10,
            "종합병원":100,
            "공원":0,
            "혐오시설":0,
            "인프라총점":21.0,
            "초등학군":88.8,
            "중학군":42.3,
            "학군총점":51.6,
            "인구수":27.98,
            "인구증감":-11.88,
            "인구총점":16.022,
            "일자리":14.1,
            "소득수준":65.62,
            "일자리총점":29.556,
            "가치 총점":39.85,
            "매매실거래년":20211127.0,
            "매매실거래가":21300.0,
            "전세실거래년":20211227.0,
            "전세실거래가":18000.0,
            "전세가율":84.51,
            "장기전세가율평균":72.48,
            "전세가율거품지수":-12.03,
            "검색코드":101968,
            "세대수":420.0,
            "준공년월":"2007-03-07",
            "준공년차":16.0,
            "가까운역이름":"NA",
            "가까운역거리":"NA",
            "역세권여부":"NA",
            "30분이내주요거점역":"NA",
            "1시간이내주요거점역":"NA",
            "3km이내백화점수":0,
            "5km이내아울렛몰수":0,
            "1km이내대형먀트수":0,
            "500m이내은행수":0,
            "500m이내병원수":3,
            "5km이내대형병원수":2,
            "500m이내공원수":0,
            "3km이내혐오시설수":0,
            "초등학교학업성취도":88.8,
            "중학교학업성취도":70.5,
            "용적률":198,
            "건폐율":20,
            "Y":34.89016,
            "X":128.637222,
            "rank":58.0,
            "area_info":"30평(99.92), 33평(109.8)",
            "last_sales":"2021-11-27,21300.0,30평(99.92)"
        },
        {
            "index":502,
            "아파트명":"대한1차",
            "투자타입":"일반",
            "전용면적(m2)":"70.81",
            "전용면적(평)":"21평",
            "법정동주소":"경상남도 거제시 장평동 13-1",
            "도로명주소":"경상남도 거제시 장평로6길 23",
            "세대수":30,
            "입주년차":0,
            "용적률점수":"--",
            "건폐율점수":"--",
            "세대당주차수":0,
            "난방방식":30,
            "공급면적":"--",
            "전용률":"--",
            "욕실수":50,
            "현관타입":100,
            "주거총점":28.5,
            "지역구공급총점":0.0,
            "역세권":"NA",
            "30분내 이동가능 거점":"NA",
            "1시간내 이동가능 거점":"NA",
            "교통총점":"NA",
            "백화점":0,
            "아울렛몰":0,
            "대형마트":80,
            "은행":0,
            "병원":60,
            "종합병원":100,
            "공원":100,
            "혐오시설":0,
            "인프라총점":41.0,
            "초등학군":93.19,
            "중학군":42.74,
            "학군총점":52.83,
            "인구수":27.98,
            "인구증감":-11.88,
            "인구총점":16.022,
            "일자리":14.1,
            "소득수준":65.62,
            "일자리총점":29.556,
            "가치 총점":39.5825,
            "매매실거래년":20220110.0,
            "매매실거래가":14100.0,
            "전세실거래년":20211216.0,
            "전세실거래가":8500.0,
            "전세가율":85.0,
            "장기전세가율평균":72.48,
            "전세가율거품지수":-12.52,
            "검색코드":5902,
            "세대수":312.0,
            "준공년월":"1993-05-17",
            "준공년차":30.0,
            "가까운역이름":"NA",
            "가까운역거리":"NA",
            "역세권여부":"NA",
            "30분이내주요거점역":"NA",
            "1시간이내주요거점역":"NA",
            "3km이내백화점수":0,
            "5km이내아울렛몰수":0,
            "1km이내대형먀트수":1,
            "500m이내은행수":0,
            "500m이내병원수":12,
            "5km이내대형병원수":2,
            "500m이내공원수":4,
            "3km이내혐오시설수":0,
            "초등학교학업성취도":93.19,
            "중학교학업성취도":70.9,
            "용적률":190,
            "건폐율":17,
            "Y":34.893341,
            "X":128.612816,
            "rank":59.0,
            "area_info":"21평(70.81), 29평(95.95)",
            "last_sales":"2022-01-10,14100.0,29평(95.95)"
        },
        {
            "index":499,
            "아파트명":"광우무지개맨션",
            "투자타입":"일반",
            "전용면적(m2)":"71.54",
            "전용면적(평)":"21평",
            "법정동주소":"경상남도 거제시 장평동 33-2",
            "도로명주소":"경상남도 거제시 장평로6길 7",
            "세대수":30,
            "입주년차":0,
            "용적률점수":"--",
            "건폐율점수":"--",
            "세대당주차수":0,
            "난방방식":30,
            "공급면적":"--",
            "전용률":"--",
            "욕실수":50,
            "현관타입":100,
            "주거총점":28.5,
            "지역구공급총점":0.0,
            "역세권":"NA",
            "30분내 이동가능 거점":"NA",
            "1시간내 이동가능 거점":"NA",
            "교통총점":"NA",
            "백화점":0,
            "아울렛몰":0,
            "대형마트":80,
            "은행":0,
            "병원":60,
            "종합병원":100,
            "공원":100,
            "혐오시설":0,
            "인프라총점":41.0,
            "초등학군":92.34,
            "중학군":42.74,
            "학군총점":52.66,
            "인구수":27.98,
            "인구증감":-11.88,
            "인구총점":16.022,
            "일자리":14.1,
            "소득수준":65.62,
            "일자리총점":29.556,
            "가치 총점":39.54,
            "매매실거래년":20211222.0,
            "매매실거래가":13000.0,
            "전세실거래년":20210706.0,
            "전세실거래가":8500.0,
            "전세가율":72.65,
            "장기전세가율평균":72.48,
            "전세가율거품지수":-0.17,
            "검색코드":5898,
            "세대수":312.0,
            "준공년월":"1994-03-29",
            "준공년차":29.0,
            "가까운역이름":"NA",
            "가까운역거리":"NA",
            "역세권여부":"NA",
            "30분이내주요거점역":"NA",
            "1시간이내주요거점역":"NA",
            "3km이내백화점수":0,
            "5km이내아울렛몰수":0,
            "1km이내대형먀트수":1,
            "500m이내은행수":0,
            "500m이내병원수":12,
            "5km이내대형병원수":2,
            "500m이내공원수":4,
            "3km이내혐오시설수":0,
            "초등학교학업성취도":92.34,
            "중학교학업성취도":70.9,
            "용적률":184,
            "건폐율":17,
            "Y":34.891783,
            "X":128.612585,
            "rank":60.0,
            "area_info":"21평(71.54), 26평(87.39), 29평(96.61)",
            "last_sales":"2021-12-22,13000.0,26평(87.39)"
        },
        {
            "index":277,
            "아파트명":"석호해와루",
            "투자타입":"일반",
            "전용면적(m2)":"99.43",
            "전용면적(평)":"30평",
            "법정동주소":"경상남도 거제시 아주동 1200",
            "도로명주소":"경상남도 거제시 아주로 73",
            "세대수":30,
            "입주년차":40,
            "용적률점수":"--",
            "건폐율점수":"--",
            "세대당주차수":30,
            "난방방식":30,
            "공급면적":"--",
            "전용률":"--",
            "욕실수":100,
            "현관타입":100,
            "주거총점":46.0,
            "지역구공급총점":0.0,
            "역세권":"NA",
            "30분내 이동가능 거점":"NA",
            "1시간내 이동가능 거점":"NA",
            "교통총점":"NA",
            "백화점":0,
            "아울렛몰":0,
            "대형마트":0,
            "은행":0,
            "병원":30,
            "종합병원":80,
            "공원":80,
            "혐오시설":0,
            "인프라총점":21.4,
            "초등학군":88.76,
            "중학군":49.48,
            "학군총점":57.336,
            "인구수":27.98,
            "인구증감":-11.88,
            "인구총점":16.022,
            "일자리":14.1,
            "소득수준":65.62,
            "일자리총점":29.556,
            "가치 총점":38.994,
            "매매실거래년":20211120.0,
            "매매실거래가":16500.0,
            "전세실거래년":20211204.0,
            "전세실거래가":10000.0,
            "전세가율":66.67,
            "장기전세가율평균":72.48,
            "전세가율거품지수":5.81,
            "검색코드":19733,
            "세대수":350.0,
            "준공년월":"2005-12-16",
            "준공년차":18.0,
            "가까운역이름":"NA",
            "가까운역거리":"NA",
            "역세권여부":"NA",
            "30분이내주요거점역":"NA",
            "1시간이내주요거점역":"NA",
            "3km이내백화점수":0,
            "5km이내아울렛몰수":0,
            "1km이내대형먀트수":0,
            "500m이내은행수":0,
            "500m이내병원수":5,
            "5km이내대형병원수":1,
            "500m이내공원수":1,
            "3km이내혐오시설수":0,
            "초등학교학업성취도":88.76,
            "중학교학업성취도":82.0,
            "용적률":199,
            "건폐율":18,
            "Y":34.864117,
            "X":128.686828,
            "rank":61.0,
            "area_info":"30평(99.43), 33평(111.33), 34평(113.16)",
            "last_sales":"2021-11-20,16500.0,34평(113.16)"
        },
        {
            "index":280,
            "아파트명":"숲속의아침",
            "투자타입":"일반",
            "전용면적(m2)":"58.94",
            "전용면적(평)":"17평",
            "법정동주소":"경상남도 거제시 아주동 890",
            "도로명주소":"경상남도 거제시 용소7길 20",
            "세대수":50,
            "입주년차":40,
            "용적률점수":"--",
            "건폐율점수":"--",
            "세대당주차수":30,
            "난방방식":30,
            "공급면적":"--",
            "전용률":"--",
            "욕실수":50,
            "현관타입":100,
            "주거총점":48.0,
            "지역구공급총점":0.0,
            "역세권":"NA",
            "30분내 이동가능 거점":"NA",
            "1시간내 이동가능 거점":"NA",
            "교통총점":"NA",
            "백화점":0,
            "아울렛몰":0,
            "대형마트":0,
            "은행":0,
            "병원":0,
            "종합병원":100,
            "공원":80,
            "혐오시설":0,
            "인프라총점":22.4,
            "초등학군":90.0,
            "중학군":43.6,
            "학군총점":52.88,
            "인구수":27.98,
            "인구증감":-11.88,
            "인구총점":16.022,
            "일자리":14.1,
            "소득수준":65.62,
            "일자리총점":29.556,
            "가치 총점":38.98,
            "매매실거래년":20211216.0,
            "매매실거래가":13600.0,
            "전세실거래년":20130207.0,
            "전세실거래가":9000.0,
            "전세가율":187.5,
            "장기전세가율평균":72.48,
            "전세가율거품지수":-115.02,
            "검색코드":105166,
            "세대수":459.0,
            "준공년월":"2005-02-25",
            "준공년차":18.0,
            "가까운역이름":"NA",
            "가까운역거리":"NA",
            "역세권여부":"NA",
            "30분이내주요거점역":"NA",
            "1시간이내주요거점역":"NA",
            "3km이내백화점수":0,
            "5km이내아울렛몰수":0,
            "1km이내대형먀트수":0,
            "500m이내은행수":0,
            "500m이내병원수":1,
            "5km이내대형병원수":2,
            "500m이내공원수":1,
            "3km이내혐오시설수":0,
            "초등학교학업성취도":90.0,
            "중학교학업성취도":72.0,
            "용적률":203,
            "건폐율":18,
            "Y":34.879055,
            "X":128.691514,
            "rank":62.0,
            "area_info":"17평(58.94), 22평(75.13), 28평(93.17), 29평(98.01), 31평(105.53)",
            "last_sales":"2021-12-16,13600.0,31평(105.53)"
        },
        {
            "index":523,
            "아파트명":"장평성원(1~4동)",
            "투자타입":"일반",
            "전용면적(m2)":"53.66",
            "전용면적(평)":"16평",
            "법정동주소":"경상남도 거제시 장평동 33-1",
            "도로명주소":"경상남도 거제시 장평로6길 13",
            "세대수":50,
            "입주년차":0,
            "용적률점수":"--",
            "건폐율점수":"--",
            "세대당주차수":0,
            "난방방식":30,
            "공급면적":"--",
            "전용률":"--",
            "욕실수":50,
            "현관타입":10,
            "주거총점":26.5,
            "지역구공급총점":0.0,
            "역세권":"NA",
            "30분내 이동가능 거점":"NA",
            "1시간내 이동가능 거점":"NA",
            "교통총점":"NA",
            "백화점":0,
            "아울렛몰":0,
            "대형마트":80,
            "은행":0,
            "병원":60,
            "종합병원":100,
            "공원":100,
            "혐오시설":0,
            "인프라총점":41.0,
            "초등학군":93.19,
            "중학군":42.74,
            "학군총점":52.83,
            "인구수":27.98,
            "인구증감":-11.88,
            "인구총점":16.022,
            "일자리":14.1,
            "소득수준":65.62,
            "일자리총점":29.556,
            "가치 총점":38.8825,
            "매매실거래년":20211202.0,
            "매매실거래가":7000.0,
            "전세실거래년":20211220.0,
            "전세실거래가":5000.0,
            "전세가율":71.43,
            "장기전세가율평균":72.48,
            "전세가율거품지수":1.05,
            "검색코드":16482,
            "세대수":492.0,
            "준공년월":"1995-10-01",
            "준공년차":28.0,
            "가까운역이름":"NA",
            "가까운역거리":"NA",
            "역세권여부":"NA",
            "30분이내주요거점역":"NA",
            "1시간이내주요거점역":"NA",
            "3km이내백화점수":0,
            "5km이내아울렛몰수":0,
            "1km이내대형먀트수":1,
            "500m이내은행수":0,
            "500m이내병원수":10,
            "5km이내대형병원수":2,
            "500m이내공원수":5,
            "3km이내혐오시설수":0,
            "초등학교학업성취도":93.19,
            "중학교학업성취도":70.9,
            "용적률":179,
            "건폐율":20,
            "Y":34.892723,
            "X":128.612165,
            "rank":63.0,
            "area_info":"16평(53.66), 20평(67.37)",
            "last_sales":"2021-12-02,7000.0,16평(53.66)"
        },
        {
            "index":92,
            "아파트명":"롯데캐슬아일랜드",
            "투자타입":"일반",
            "전용면적(m2)":"97.72",
            "전용면적(평)":"29평",
            "법정동주소":"경상남도 거제시 능포동 335",
            "도로명주소":"경상남도 거제시 능포로2길 62",
            "세대수":50,
            "입주년차":40,
            "용적률점수":"--",
            "건폐율점수":"--",
            "세대당주차수":30,
            "난방방식":30,
            "공급면적":"--",
            "전용률":"--",
            "욕실수":100,
            "현관타입":100,
            "주거총점":53.0,
            "지역구공급총점":0.0,
            "역세권":"NA",
            "30분내 이동가능 거점":"NA",
            "1시간내 이동가능 거점":"NA",
            "교통총점":"NA",
            "백화점":0,
            "아울렛몰":0,
            "대형마트":0,
            "은행":0,
            "병원":30,
            "종합병원":80,
            "공원":0,
            "혐오시설":0,
            "인프라총점":19.0,
            "초등학군":91.45,
            "중학군":40.7,
            "학군총점":50.85,
            "인구수":27.98,
            "인구증감":-11.88,
            "인구총점":16.022,
            "일자리":14.1,
            "소득수준":65.62,
            "일자리총점":29.556,
            "가치 총점":38.8625,
            "매매실거래년":20211122.0,
            "매매실거래가":20500.0,
            "전세실거래년":20171112.0,
            "전세실거래가":13000.0,
            "전세가율":82.8,
            "장기전세가율평균":72.48,
            "전세가율거품지수":-10.32,
            "검색코드":24842,
            "세대수":408.0,
            "준공년월":"2006-09-05",
            "준공년차":17.0,
            "가까운역이름":"NA",
            "가까운역거리":"NA",
            "역세권여부":"NA",
            "30분이내주요거점역":"NA",
            "1시간이내주요거점역":"NA",
            "3km이내백화점수":0,
            "5km이내아울렛몰수":0,
            "1km이내대형먀트수":0,
            "500m이내은행수":0,
            "500m이내병원수":5,
            "5km이내대형병원수":1,
            "500m이내공원수":0,
            "3km이내혐오시설수":0,
            "초등학교학업성취도":91.45,
            "중학교학업성취도":67.3,
            "용적률":160,
            "건폐율":13,
            "Y":34.87604,
            "X":128.733624,
            "rank":64.0,
            "area_info":"29평(97.72), 33평(110.79), 33평(110.59)",
            "last_sales":"2021-11-22,20500.0,33평(110.79)"
        },
        {
            "index":362,
            "아파트명":"대원",
            "투자타입":"재건축",
            "전용면적(m2)":"74.07",
            "전용면적(평)":"22평",
            "법정동주소":"경상남도 거제시 옥포동 1564",
            "도로명주소":"경상남도 거제시 거제대로 3801",
            "세대수":0,
            "입주년차":"--",
            "용적률점수":0,
            "건폐율점수":80,
            "세대당주차수":"--",
            "난방방식":"--",
            "공급면적":50,
            "전용률":80,
            "욕실수":"--",
            "현관타입":"--",
            "주거총점":22.5,
            "지역구공급총점":0.0,
            "역세권":"NA",
            "30분내 이동가능 거점":"NA",
            "1시간내 이동가능 거점":"NA",
            "교통총점":"NA",
            "백화점":0,
            "아울렛몰":0,
            "대형마트":100,
            "은행":0,
            "병원":60,
            "종합병원":100,
            "공원":100,
            "혐오시설":0,
            "인프라총점":44.0,
            "초등학군":90.99,
            "중학군":43.6,
            "학군총점":53.078,
            "인구수":27.98,
            "인구증감":-11.88,
            "인구총점":16.022,
            "일자리":14.1,
            "소득수준":65.62,
            "일자리총점":29.556,
            "가치 총점":38.7445,
            "매매실거래년":20220104.0,
            "매매실거래가":5475.0,
            "전세실거래년":20210613.0,
            "전세실거래가":5000.0,
            "전세가율":91.32,
            "장기전세가율평균":72.48,
            "전세가율거품지수":-18.84,
            "검색코드":5968,
            "세대수":182.0,
            "준공년월":"1992-01-01",
            "준공년차":31.0,
            "가까운역이름":"NA",
            "가까운역거리":"NA",
            "역세권여부":"NA",
            "30분이내주요거점역":"NA",
            "1시간이내주요거점역":"NA",
            "3km이내백화점수":0,
            "5km이내아울렛몰수":0,
            "1km이내대형먀트수":2,
            "500m이내은행수":1,
            "500m이내병원수":19,
            "5km이내대형병원수":2,
            "500m이내공원수":5,
            "3km이내혐오시설수":0,
            "초등학교학업성취도":90.99,
            "중학교학업성취도":72.0,
            "용적률":220,
            "건폐율":26,
            "Y":34.894547,
            "X":128.685845,
            "rank":65.0,
            "area_info":"22평(74.07)",
            "last_sales":"2022-01-04,5475.0,22평(74.07)"
        },
        {
            "index":5,
            "아파트명":"거제덕산베스트타운2차",
            "투자타입":"일반",
            "전용면적(m2)":"35.92",
            "전용면적(평)":"10평",
            "법정동주소":"경상남도 거제시 고현동 1062",
            "도로명주소":"경상남도 거제시 중곡2로 89",
            "세대수":100,
            "입주년차":20,
            "용적률점수":"--",
            "건폐율점수":"--",
            "세대당주차수":0,
            "난방방식":30,
            "공급면적":"--",
            "전용률":"--",
            "욕실수":50,
            "현관타입":10,
            "주거총점":48.0,
            "지역구공급총점":0.0,
            "역세권":"NA",
            "30분내 이동가능 거점":"NA",
            "1시간내 이동가능 거점":"NA",
            "교통총점":"NA",
            "백화점":0,
            "아울렛몰":0,
            "대형마트":0,
            "은행":0,
            "병원":0,
            "종합병원":100,
            "공원":80,
            "혐오시설":0,
            "인프라총점":22.4,
            "초등학군":88.48,
            "중학군":42.3,
            "학군총점":51.536,
            "인구수":27.98,
            "인구증감":-11.88,
            "인구총점":16.022,
            "일자리":14.1,
            "소득수준":65.62,
            "일자리총점":29.556,
            "가치 총점":38.644,
            "매매실거래년":20220111.0,
            "매매실거래가":13100.0,
            "전세실거래년":20211217.0,
            "전세실거래가":3500.0,
            "전세가율":66.04,
            "장기전세가율평균":72.48,
            "전세가율거품지수":6.44,
            "검색코드":101000,
            "세대수":1566.0,
            "준공년월":"2003-01-22",
            "준공년차":20.0,
            "가까운역이름":"NA",
            "가까운역거리":"NA",
            "역세권여부":"NA",
            "30분이내주요거점역":"NA",
            "1시간이내주요거점역":"NA",
            "3km이내백화점수":0,
            "5km이내아울렛몰수":0,
            "1km이내대형먀트수":0,
            "500m이내은행수":0,
            "500m이내병원수":0,
            "5km이내대형병원수":2,
            "500m이내공원수":1,
            "3km이내혐오시설수":0,
            "초등학교학업성취도":88.48,
            "중학교학업성취도":70.5,
            "용적률":232,
            "건폐율":30,
            "Y":34.897232,
            "X":128.636379,
            "rank":66.0,
            "area_info":"10평(35.92), 16평(54.55), 21평(72.35), 22평(73.37)",
            "last_sales":"2022-01-11,13100.0,22평(73.37)"
        },
        {
            "index":394,
            "아파트명":"삼도로얄맨션",
            "투자타입":"일반",
            "전용면적(m2)":"70.67",
            "전용면적(평)":"21평",
            "법정동주소":"경상남도 거제시 옥포동 233",
            "도로명주소":"경상남도 거제시 거제대로 3697-25",
            "세대수":30,
            "입주년차":0,
            "용적률점수":"--",
            "건폐율점수":"--",
            "세대당주차수":0,
            "난방방식":30,
            "공급면적":"--",
            "전용률":"--",
            "욕실수":50,
            "현관타입":100,
            "주거총점":28.5,
            "지역구공급총점":0.0,
            "역세권":"NA",
            "30분내 이동가능 거점":"NA",
            "1시간내 이동가능 거점":"NA",
            "교통총점":"NA",
            "백화점":0,
            "아울렛몰":0,
            "대형마트":100,
            "은행":0,
            "병원":10,
            "종합병원":100,
            "공원":80,
            "혐오시설":0,
            "인프라총점":38.4,
            "초등학군":90.99,
            "중학군":43.6,
            "학군총점":53.078,
            "인구수":27.98,
            "인구증감":-11.88,
            "인구총점":16.022,
            "일자리":14.1,
            "소득수준":65.62,
            "일자리총점":29.556,
            "가치 총점":38.6045,
            "매매실거래년":20211227.0,
            "매매실거래가":9000.0,
            "전세실거래년":20210917.0,
            "전세실거래가":5000.0,
            "전세가율":52.63,
            "장기전세가율평균":72.48,
            "전세가율거품지수":19.85,
            "검색코드":5998,
            "세대수":384.0,
            "준공년월":"1994-09-17",
            "준공년차":29.0,
            "가까운역이름":"NA",
            "가까운역거리":"NA",
            "역세권여부":"NA",
            "30분이내주요거점역":"NA",
            "1시간이내주요거점역":"NA",
            "3km이내백화점수":0,
            "5km이내아울렛몰수":0,
            "1km이내대형먀트수":2,
            "500m이내은행수":0,
            "500m이내병원수":2,
            "5km이내대형병원수":2,
            "500m이내공원수":1,
            "3km이내혐오시설수":0,
            "초등학교학업성취도":90.99,
            "중학교학업성취도":72.0,
            "용적률":160,
            "건폐율":12,
            "Y":34.886755,
            "X":128.689664,
            "rank":67.0,
            "area_info":"21평(70.67), 21평(70.66), 29평(95.97)",
            "last_sales":"2021-12-27,9000.0,29평(95.97)"
        },
        {
            "index":15,
            "아파트명":"거제양정대동피렌체",
            "투자타입":"일반",
            "전용면적(m2)":"82.09",
            "전용면적(평)":"24평",
            "법정동주소":"경상남도 거제시 고현동 1069",
            "도로명주소":"경상남도 거제시 중곡로2길 56",
            "세대수":30,
            "입주년차":40,
            "용적률점수":"--",
            "건폐율점수":"--",
            "세대당주차수":30,
            "난방방식":30,
            "공급면적":"--",
            "전용률":"--",
            "욕실수":100,
            "현관타입":100,
            "주거총점":46.0,
            "지역구공급총점":0.0,
            "역세권":"NA",
            "30분내 이동가능 거점":"NA",
            "1시간내 이동가능 거점":"NA",
            "교통총점":"NA",
            "백화점":0,
            "아울렛몰":0,
            "대형마트":0,
            "은행":0,
            "병원":10,
            "종합병원":100,
            "공원":100,
            "혐오시설":0,
            "인프라총점":24.0,
            "초등학군":88.48,
            "중학군":42.3,
            "학군총점":51.536,
            "인구수":27.98,
            "인구증감":-11.88,
            "인구총점":16.022,
            "일자리":14.1,
            "소득수준":65.62,
            "일자리총점":29.556,
            "가치 총점":38.584,
            "매매실거래년":20211011.0,
            "매매실거래가":19400.0,
            "전세실거래년":20211012.0,
            "전세실거래가":13000.0,
            "전세가율":89.66,
            "장기전세가율평균":72.48,
            "전세가율거품지수":-17.18,
            "검색코드":101055,
            "세대수":345.0,
            "준공년월":"2004-10-11",
            "준공년차":19.0,
            "가까운역이름":"NA",
            "가까운역거리":"NA",
            "역세권여부":"NA",
            "30분이내주요거점역":"NA",
            "1시간이내주요거점역":"NA",
            "3km이내백화점수":0,
            "5km이내아울렛몰수":0,
            "1km이내대형먀트수":0,
            "500m이내은행수":0,
            "500m이내병원수":3,
            "5km이내대형병원수":2,
            "500m이내공원수":2,
            "3km이내혐오시설수":0,
            "초등학교학업성취도":88.48,
            "중학교학업성취도":70.5,
            "용적률":199,
            "건폐율":18,
            "Y":34.893611,
            "X":128.634141,
            "rank":68.0,
            "area_info":"24평(82.09), 29평(96.88), 33평(111.61), 33평(112.05)",
            "last_sales":"2021-10-11,19400.0,29평(96.88)"
        },
        {
            "index":132,
            "아파트명":"삼오르네상스",
            "투자타입":"일반",
            "전용면적(m2)":"70.87",
            "전용면적(평)":"21평",
            "법정동주소":"경상남도 거제시 문동동 238",
            "도로명주소":"경상남도 거제시 거제중앙로 1509-13",
            "세대수":50,
            "입주년차":40,
            "용적률점수":"--",
            "건폐율점수":"--",
            "세대당주차수":0,
            "난방방식":30,
            "공급면적":"--",
            "전용률":"--",
            "욕실수":100,
            "현관타입":100,
            "주거총점":48.5,
            "지역구공급총점":0.0,
            "역세권":"NA",
            "30분내 이동가능 거점":"NA",
            "1시간내 이동가능 거점":"NA",
            "교통총점":"NA",
            "백화점":0,
            "아울렛몰":0,
            "대형마트":0,
            "은행":0,
            "병원":0,
            "종합병원":100,
            "공원":0,
            "혐오시설":0,
            "인프라총점":20.0,
            "초등학군":89.42,
            "중학군":43.4,
            "학군총점":52.604,
            "인구수":27.98,
            "인구증감":-11.88,
            "인구총점":16.022,
            "일자리":14.1,
            "소득수준":65.62,
            "일자리총점":29.556,
            "가치 총점":38.126,
            "매매실거래년":20211223.0,
            "매매실거래가":7600.0,
            "전세실거래년":20211112.0,
            "전세실거래가":5000.0,
            "전세가율":89.29,
            "장기전세가율평균":72.48,
            "전세가율거품지수":-16.81,
            "검색코드":23903,
            "세대수":463.0,
            "준공년월":"2004-04-13",
            "준공년차":19.0,
            "가까운역이름":"NA",
            "가까운역거리":"NA",
            "역세권여부":"NA",
            "30분이내주요거점역":"NA",
            "1시간이내주요거점역":"NA",
            "3km이내백화점수":0,
            "5km이내아울렛몰수":0,
            "1km이내대형먀트수":0,
            "500m이내은행수":0,
            "500m이내병원수":0,
            "5km이내대형병원수":2,
            "500m이내공원수":0,
            "3km이내혐오시설수":0,
            "초등학교학업성취도":89.42,
            "중학교학업성취도":71.6,
            "용적률":192,
            "건폐율":16,
            "Y":34.857788,
            "X":128.645809,
            "rank":69.0,
            "area_info":"21평(70.87), 22평(73.79), 24평(81.68), 24평(82.2), 25평(83.8), 30평(100.67)",
            "last_sales":"2021-12-23,7600.0,24평(82.2)"
        },
        {
            "index":272,
            "아파트명":"미진이지비아",
            "투자타입":"일반",
            "전용면적(m2)":"78.78",
            "전용면적(평)":"23평",
            "법정동주소":"경상남도 거제시 아주동 299",
            "도로명주소":"경상남도 거제시 아주로 63",
            "세대수":0,
            "입주년차":80,
            "용적률점수":"--",
            "건폐율점수":"--",
            "세대당주차수":30,
            "난방방식":30,
            "공급면적":"--",
            "전용률":"--",
            "욕실수":100,
            "현관타입":100,
            "주거총점":43.5,
            "지역구공급총점":0.0,
            "역세권":"NA",
            "30분내 이동가능 거점":"NA",
            "1시간내 이동가능 거점":"NA",
            "교통총점":"NA",
            "백화점":0,
            "아울렛몰":0,
            "대형마트":0,
            "은행":0,
            "병원":30,
            "종합병원":80,
            "공원":80,
            "혐오시설":0,
            "인프라총점":21.4,
            "초등학군":88.4,
            "중학군":49.48,
            "학군총점":57.264,
            "인구수":27.98,
            "인구증감":-11.88,
            "인구총점":16.022,
            "일자리":14.1,
            "소득수준":65.62,
            "일자리총점":29.556,
            "가치 총점":38.101,
            "매매실거래년":20211125.0,
            "매매실거래가":22600.0,
            "전세실거래년":20210528.0,
            "전세실거래가":14700.0,
            "전세가율":90.18,
            "장기전세가율평균":72.48,
            "전세가율거품지수":-17.7,
            "검색코드":110507,
            "세대수":225.0,
            "준공년월":"2014-09-19",
            "준공년차":9.0,
            "가까운역이름":"NA",
            "가까운역거리":"NA",
            "역세권여부":"NA",
            "30분이내주요거점역":"NA",
            "1시간이내주요거점역":"NA",
            "3km이내백화점수":0,
            "5km이내아울렛몰수":0,
            "1km이내대형먀트수":0,
            "500m이내은행수":0,
            "500m이내병원수":6,
            "5km이내대형병원수":1,
            "500m이내공원수":1,
            "3km이내혐오시설수":0,
            "초등학교학업성취도":88.4,
            "중학교학업성취도":82.0,
            "용적률":198,
            "건폐율":17,
            "Y":34.86435,
            "X":128.688624,
            "rank":70.0,
            "area_info":"23평(78.78), 33평(109.99), 33평(110.33)",
            "last_sales":"2021-11-25,22600.0,33평(110.33)"
        },
        {
            "index":332,
            "아파트명":"거제일성유수안",
            "투자타입":"일반",
            "전용면적(m2)":"92.11",
            "전용면적(평)":"27평",
            "법정동주소":"경상남도 거제시 연초면 죽토리 1238",
            "도로명주소":"경상남도 거제시 거제북로 57",
            "세대수":0,
            "입주년차":80,
            "용적률점수":"--",
            "건폐율점수":"--",
            "세대당주차수":30,
            "난방방식":30,
            "공급면적":"--",
            "전용률":"--",
            "욕실수":100,
            "현관타입":100,
            "주거총점":43.5,
            "지역구공급총점":0.0,
            "역세권":"NA",
            "30분내 이동가능 거점":"NA",
            "1시간내 이동가능 거점":"NA",
            "교통총점":"NA",
            "백화점":0,
            "아울렛몰":0,
            "대형마트":80,
            "은행":0,
            "병원":0,
            "종합병원":80,
            "공원":0,
            "혐오시설":0,
            "인프라총점":28.0,
            "초등학군":91.88,
            "중학군":35.34,
            "학군총점":46.648,
            "인구수":27.98,
            "인구증감":-11.88,
            "인구총점":16.022,
            "일자리":14.1,
            "소득수준":65.62,
            "일자리총점":29.556,
            "가치 총점":38.087,
            "매매실거래년":20211109.0,
            "매매실거래가":23800.0,
            "전세실거래년":20200219.0,
            "전세실거래가":12000.0,
            "전세가율":63.83,
            "장기전세가율평균":72.48,
            "전세가율거품지수":8.65,
            "검색코드":114907,
            "세대수":267.0,
            "준공년월":"2018-05-16",
            "준공년차":5.0,
            "가까운역이름":"NA",
            "가까운역거리":"NA",
            "역세권여부":"NA",
            "30분이내주요거점역":"NA",
            "1시간이내주요거점역":"NA",
            "3km이내백화점수":0,
            "5km이내아울렛몰수":0,
            "1km이내대형먀트수":1,
            "500m이내은행수":0,
            "500m이내병원수":1,
            "5km이내대형병원수":1,
            "500m이내공원수":0,
            "3km이내혐오시설수":0,
            "초등학교학업성취도":91.88,
            "중학교학업성취도":58.9,
            "용적률":241,
            "건폐율":19,
            "Y":34.915913,
            "X":128.653965,
            "rank":71.0,
            "area_info":"27평(92.11), 27평(92.11), 35평(116.9), 35평(117.3)",
            "last_sales":"2021-11-09,23800.0,35평(116.9)"
        },
        {
            "index":26,
            "아파트명":"고려3차(963-12)",
            "투자타입":"일반",
            "전용면적(m2)":"67.32",
            "전용면적(평)":"20평",
            "법정동주소":"경상남도 거제시 고현동 963-12",
            "도로명주소":"경상남도 거제시 고현로13길 12",
            "세대수":0,
            "입주년차":0,
            "용적률점수":"--",
            "건폐율점수":"--",
            "세대당주차수":0,
            "난방방식":30,
            "공급면적":"--",
            "전용률":"--",
            "욕실수":50,
            "현관타입":10,
            "주거총점":9.0,
            "지역구공급총점":0.0,
            "역세권":"NA",
            "30분내 이동가능 거점":"NA",
            "1시간내 이동가능 거점":"NA",
            "교통총점":"NA",
            "백화점":0,
            "아울렛몰":0,
            "대형마트":80,
            "은행":70,
            "병원":100,
            "종합병원":100,
            "공원":80,
            "혐오시설":0,
            "인프라총점":51.4,
            "초등학군":88.35,
            "중학군":49.72,
            "학군총점":57.446,
            "인구수":27.98,
            "인구증감":-11.88,
            "인구총점":16.022,
            "일자리":14.1,
            "소득수준":65.62,
            "일자리총점":29.556,
            "가치 총점":38.0715,
            "매매실거래년":20211216.0,
            "매매실거래가":10000.0,
            "전세실거래년":20201104.0,
            "전세실거래가":8000.0,
            "전세가율":72.73,
            "장기전세가율평균":72.48,
            "전세가율거품지수":-0.25,
            "검색코드":15275,
            "세대수":171.0,
            "준공년월":"1994-11-19",
            "준공년차":29.0,
            "가까운역이름":"NA",
            "가까운역거리":"NA",
            "역세권여부":"NA",
            "30분이내주요거점역":"NA",
            "1시간이내주요거점역":"NA",
            "3km이내백화점수":0,
            "5km이내아울렛몰수":0,
            "1km이내대형먀트수":1,
            "500m이내은행수":4,
            "500m이내병원수":66,
            "5km이내대형병원수":2,
            "500m이내공원수":1,
            "3km이내혐오시설수":0,
            "초등학교학업성취도":88.35,
            "중학교학업성취도":80.6,
            "용적률":240,
            "건폐율":27,
            "Y":34.8892,
            "X":128.626561,
            "rank":72.0,
            "area_info":"20평(67.32), 22평(74.1), 22평(74.07)",
            "last_sales":"2021-12-16,10000.0,22평(74.1)"
        },
        {
            "index":178,
            "아파트명":"라푸름",
            "투자타입":"일반",
            "전용면적(m2)":"96.96",
            "전용면적(평)":"29평",
            "법정동주소":"경상남도 거제시 상동동 1078",
            "도로명주소":"경상남도 거제시 거제중앙로 1772",
            "세대수":0,
            "입주년차":80,
            "용적률점수":"--",
            "건폐율점수":"--",
            "세대당주차수":30,
            "난방방식":30,
            "공급면적":"--",
            "전용률":"--",
            "욕실수":100,
            "현관타입":100,
            "주거총점":43.5,
            "지역구공급총점":0.0,
            "역세권":"NA",
            "30분내 이동가능 거점":"NA",
            "1시간내 이동가능 거점":"NA",
            "교통총점":"NA",
            "백화점":0,
            "아울렛몰":0,
            "대형마트":0,
            "은행":0,
            "병원":10,
            "종합병원":100,
            "공원":100,
            "혐오시설":0,
            "인프라총점":24.0,
            "초등학군":88.16,
            "중학군":43.4,
            "학군총점":52.352,
            "인구수":27.98,
            "인구증감":-11.88,
            "인구총점":16.022,
            "일자리":14.1,
            "소득수준":65.62,
            "일자리총점":29.556,
            "가치 총점":37.913,
            "매매실거래년":20180628.0,
            "매매실거래가":31310.0,
            "전세실거래년":null,
            "전세실거래가":null,
            "전세가율":null,
            "장기전세가율평균":72.48,
            "전세가율거품지수":null,
            "검색코드":110796,
            "세대수":129.0,
            "준공년월":"2017-12-01",
            "준공년차":6.0,
            "가까운역이름":"NA",
            "가까운역거리":"NA",
            "역세권여부":"NA",
            "30분이내주요거점역":"NA",
            "1시간이내주요거점역":"NA",
            "3km이내백화점수":0,
            "5km이내아울렛몰수":0,
            "1km이내대형먀트수":0,
            "500m이내은행수":0,
            "500m이내병원수":3,
            "5km이내대형병원수":2,
            "500m이내공원수":3,
            "3km이내혐오시설수":0,
            "초등학교학업성취도":88.16,
            "중학교학업성취도":71.6,
            "용적률":247,
            "건폐율":27,
            "Y":34.877622,
            "X":128.629358,
            "rank":73.0,
            "area_info":"29평(96.96), 29평(97.2), 29평(98.53), 34평(115.41)",
            "last_sales":"2018-06-28,31310.0,34평(115.41)"
        },
        {
            "index":78,
            "아파트명":"능포국민주택",
            "투자타입":"재건축",
            "전용면적(m2)":"64.47",
            "전용면적(평)":"19평",
            "법정동주소":"경상남도 거제시 능포동 220-1",
            "도로명주소":"경상남도 거제시 능포로4길 20-7",
            "세대수":0,
            "입주년차":"--",
            "용적률점수":80,
            "건폐율점수":60,
            "세대당주차수":"--",
            "난방방식":"--",
            "공급면적":50,
            "전용률":80,
            "욕실수":"--",
            "현관타입":"--",
            "주거총점":50.5,
            "지역구공급총점":0.0,
            "역세권":"NA",
            "30분내 이동가능 거점":"NA",
            "1시간내 이동가능 거점":"NA",
            "교통총점":"NA",
            "백화점":0,
            "아울렛몰":0,
            "대형마트":0,
            "은행":0,
            "병원":30,
            "종합병원":80,
            "공원":0,
            "혐오시설":0,
            "인프라총점":19.0,
            "초등학군":87.68,
            "중학군":40.7,
            "학군총점":50.096,
            "인구수":27.98,
            "인구증감":-11.88,
            "인구총점":16.022,
            "일자리":14.1,
            "소득수준":65.62,
            "일자리총점":29.556,
            "가치 총점":37.799,
            "매매실거래년":"18000101",
            "매매실거래가":null,
            "전세실거래년":null,
            "전세실거래가":null,
            "전세가율":null,
            "장기전세가율평균":72.48,
            "전세가율거품지수":null,
            "검색코드":16469,
            "세대수":100.0,
            "준공년월":"1985-09-23",
            "준공년차":38.0,
            "가까운역이름":"NA",
            "가까운역거리":"NA",
            "역세권여부":"NA",
            "30분이내주요거점역":"NA",
            "1시간이내주요거점역":"NA",
            "3km이내백화점수":0,
            "5km이내아울렛몰수":0,
            "1km이내대형먀트수":0,
            "500m이내은행수":0,
            "500m이내병원수":5,
            "5km이내대형병원수":1,
            "500m이내공원수":0,
            "3km이내혐오시설수":0,
            "초등학교학업성취도":87.68,
            "중학교학업성취도":67.3,
            "용적률":160,
            "건폐율":32,
            "Y":34.87222,
            "X":128.7327,
            "rank":74.0,
            "area_info":"19평(64.47), 19평(65.01), 21평(69.77), 21평(71.49), 22평(73.38)",
            "last_sales":"1800-01-01,nan,19평(64.47)"
        },
        {
            "index":138,
            "아파트명":"거제경남아너스빌",
            "투자타입":"일반",
            "전용면적(m2)":"80.76",
            "전용면적(평)":"24평",
            "법정동주소":"경상남도 거제시 사등면 사곡리 918",
            "도로명주소":"경상남도 거제시 두동로 30",
            "세대수":90,
            "입주년차":80,
            "용적률점수":"--",
            "건폐율점수":"--",
            "세대당주차수":30,
            "난방방식":30,
            "공급면적":"--",
            "전용률":"--",
            "욕실수":100,
            "현관타입":100,
            "주거총점":75.0,
            "지역구공급총점":0.0,
            "역세권":"NA",
            "30분내 이동가능 거점":"NA",
            "1시간내 이동가능 거점":"NA",
            "교통총점":"NA",
            "백화점":0,
            "아울렛몰":0,
            "대형마트":0,
            "은행":0,
            "병원":0,
            "종합병원":0,
            "공원":0,
            "혐오시설":0,
            "인프라총점":0.0,
            "초등학군":88.38,
            "중학군":35.4,
            "학군총점":45.996,
            "인구수":27.98,
            "인구증감":-11.88,
            "인구총점":16.022,
            "일자리":14.1,
            "소득수준":65.62,
            "일자리총점":29.556,
            "가치 총점":37.749,
            "매매실거래년":20220108.0,
            "매매실거래가":18800.0,
            "전세실거래년":20220112.0,
            "전세실거래가":11700.0,
            "전세가율":62.23,
            "장기전세가율평균":72.48,
            "전세가율거품지수":10.25,
            "검색코드":105099,
            "세대수":1030.0,
            "준공년월":"2017-01-31",
            "준공년차":6.0,
            "가까운역이름":"NA",
            "가까운역거리":"NA",
            "역세권여부":"NA",
            "30분이내주요거점역":"NA",
            "1시간이내주요거점역":"NA",
            "3km이내백화점수":0,
            "5km이내아울렛몰수":0,
            "1km이내대형먀트수":0,
            "500m이내은행수":0,
            "500m이내병원수":0,
            "5km이내대형병원수":0,
            "500m이내공원수":0,
            "3km이내혐오시설수":0,
            "초등학교학업성취도":88.38,
            "중학교학업성취도":59.0,
            "용적률":159,
            "건폐율":11,
            "Y":34.897479,
            "X":128.563248,
            "rank":75.0,
            "area_info":"24평(80.76), 24평(81.58), 30평(100.95), 30평(101.08), 34평(114.05), 34평(114.76), 34평(114.39)",
            "last_sales":"2022-01-08,18800.0,24평(80.76)"
        },
        {
            "index":363,
            "아파트명":"덕산1차",
            "투자타입":"재건축",
            "전용면적(m2)":"58.8",
            "전용면적(평)":"17평",
            "법정동주소":"경상남도 거제시 옥포동 1284-3",
            "도로명주소":"경상남도 거제시 진목1길 6",
            "세대수":0,
            "입주년차":"--",
            "용적률점수":80,
            "건폐율점수":40,
            "세대당주차수":"--",
            "난방방식":"--",
            "공급면적":50,
            "전용률":80,
            "욕실수":"--",
            "현관타입":"--",
            "주거총점":46.5,
            "지역구공급총점":0.0,
            "역세권":"NA",
            "30분내 이동가능 거점":"NA",
            "1시간내 이동가능 거점":"NA",
            "교통총점":"NA",
            "백화점":0,
            "아울렛몰":0,
            "대형마트":0,
            "은행":0,
            "병원":0,
            "종합병원":100,
            "공원":100,
            "혐오시설":0,
            "인프라총점":23.0,
            "초등학군":87.28,
            "중학군":37.18,
            "학군총점":47.2,
            "인구수":27.98,
            "인구증감":-11.88,
            "인구총점":16.022,
            "일자리":14.1,
            "소득수준":65.62,
            "일자리총점":29.556,
            "가치 총점":37.275,
            "매매실거래년":20211117.0,
            "매매실거래가":7000.0,
            "전세실거래년":20210906.0,
            "전세실거래가":3000.0,
            "전세가율":42.86,
            "장기전세가율평균":72.48,
            "전세가율거품지수":29.62,
            "검색코드":5973,
            "세대수":140.0,
            "준공년월":"1987-01-19",
            "준공년차":36.0,
            "가까운역이름":"NA",
            "가까운역거리":"NA",
            "역세권여부":"NA",
            "30분이내주요거점역":"NA",
            "1시간이내주요거점역":"NA",
            "3km이내백화점수":0,
            "5km이내아울렛몰수":0,
            "1km이내대형먀트수":0,
            "500m이내은행수":0,
            "500m이내병원수":1,
            "5km이내대형병원수":2,
            "500m이내공원수":5,
            "3km이내혐오시설수":0,
            "초등학교학업성취도":87.28,
            "중학교학업성취도":61.7,
            "용적률":166,
            "건폐율":35,
            "Y":34.898228,
            "X":128.685361,
            "rank":76.0,
            "area_info":"17평(58.8), 18평(61.8), 20평(67.09)",
            "last_sales":"2021-11-17,7000.0,17평(58.8)"
        },
        {
            "index":121,
            "아파트명":"거제롯데인벤스가2차",
            "투자타입":"일반",
            "전용면적(m2)":"113.16",
            "전용면적(평)":"34평",
            "법정동주소":"경상남도 거제시 문동동 651-2",
            "도로명주소":"경상남도 거제시 거제중앙로 1515",
            "세대수":30,
            "입주년차":40,
            "용적률점수":"--",
            "건폐율점수":"--",
            "세대당주차수":30,
            "난방방식":30,
            "공급면적":"--",
            "전용률":"--",
            "욕실수":100,
            "현관타입":100,
            "주거총점":46.0,
            "지역구공급총점":0.0,
            "역세권":"NA",
            "30분내 이동가능 거점":"NA",
            "1시간내 이동가능 거점":"NA",
            "교통총점":"NA",
            "백화점":0,
            "아울렛몰":0,
            "대형마트":0,
            "은행":0,
            "병원":0,
            "종합병원":100,
            "공원":0,
            "혐오시설":0,
            "인프라총점":20.0,
            "초등학군":89.42,
            "중학군":43.4,
            "학군총점":52.604,
            "인구수":27.98,
            "인구증감":-11.88,
            "인구총점":16.022,
            "일자리":14.1,
            "소득수준":65.62,
            "일자리총점":29.556,
            "가치 총점":37.251,
            "매매실거래년":20211025.0,
            "매매실거래가":18900.0,
            "전세실거래년":20211022.0,
            "전세실거래가":12600.0,
            "전세가율":66.67,
            "장기전세가율평균":72.48,
            "전세가율거품지수":5.81,
            "검색코드":27042,
            "세대수":323.0,
            "준공년월":"2008-08-27",
            "준공년차":15.0,
            "가까운역이름":"NA",
            "가까운역거리":"NA",
            "역세권여부":"NA",
            "30분이내주요거점역":"NA",
            "1시간이내주요거점역":"NA",
            "3km이내백화점수":0,
            "5km이내아울렛몰수":0,
            "1km이내대형먀트수":0,
            "500m이내은행수":0,
            "500m이내병원수":0,
            "5km이내대형병원수":2,
            "500m이내공원수":0,
            "3km이내혐오시설수":0,
            "초등학교학업성취도":89.42,
            "중학교학업성취도":71.6,
            "용적률":149,
            "건폐율":14,
            "Y":34.858733,
            "X":128.644427,
            "rank":77.0,
            "area_info":"34평(113.16)",
            "last_sales":"2021-10-25,18900.0,34평(113.16)"
        },
        {
            "index":114,
            "아파트명":"거제옥포도뮤토2단지",
            "투자타입":"일반",
            "전용면적(m2)":"81.64",
            "전용면적(평)":"24평",
            "법정동주소":"경상남도 거제시 덕포동 789",
            "도로명주소":"경상남도 거제시 성산로 169",
            "세대수":30,
            "입주년차":80,
            "용적률점수":"--",
            "건폐율점수":"--",
            "세대당주차수":30,
            "난방방식":30,
            "공급면적":"--",
            "전용률":"--",
            "욕실수":100,
            "현관타입":100,
            "주거총점":54.0,
            "지역구공급총점":0.0,
            "역세권":"NA",
            "30분내 이동가능 거점":"NA",
            "1시간내 이동가능 거점":"NA",
            "교통총점":"NA",
            "백화점":0,
            "아울렛몰":0,
            "대형마트":0,
            "은행":0,
            "병원":0,
            "종합병원":80,
            "공원":0,
            "혐오시설":0,
            "인프라총점":16.0,
            "초등학군":89.44,
            "중학군":37.18,
            "학군총점":47.632,
            "인구수":27.98,
            "인구증감":-11.88,
            "인구총점":16.022,
            "일자리":14.1,
            "소득수준":65.62,
            "일자리총점":29.556,
            "가치 총점":37.208,
            "매매실거래년":20211213.0,
            "매매실거래가":18000.0,
            "전세실거래년":20211215.0,
            "전세실거래가":12000.0,
            "전세가율":63.16,
            "장기전세가율평균":72.48,
            "전세가율거품지수":9.32,
            "검색코드":110075,
            "세대수":328.0,
            "준공년월":"2017-05-18",
            "준공년차":6.0,
            "가까운역이름":"NA",
            "가까운역거리":"NA",
            "역세권여부":"NA",
            "30분이내주요거점역":"NA",
            "1시간이내주요거점역":"NA",
            "3km이내백화점수":0,
            "5km이내아울렛몰수":0,
            "1km이내대형먀트수":0,
            "500m이내은행수":0,
            "500m이내병원수":0,
            "5km이내대형병원수":1,
            "500m이내공원수":0,
            "3km이내혐오시설수":0,
            "초등학교학업성취도":89.44,
            "중학교학업성취도":61.7,
            "용적률":193,
            "건폐율":19,
            "Y":34.91004,
            "X":128.699073,
            "rank":78.0,
            "area_info":"24평(81.64), 24평(81.56), 24평(81.43), 29평(98.17), 34평(113.38), 34평(113.07), 44평(146.49)",
            "last_sales":"2021-12-13,18000.0,34평(113.07)"
        },
        {
            "index":414,
            "아파트명":"옥포덕산5차",
            "투자타입":"일반",
            "전용면적(m2)":"75.31",
            "전용면적(평)":"22평",
            "법정동주소":"경상남도 거제시 옥포동 1274",
            "도로명주소":"경상남도 거제시 옥포로 315",
            "세대수":80,
            "입주년차":0,
            "용적률점수":"--",
            "건폐율점수":"--",
            "세대당주차수":0,
            "난방방식":30,
            "공급면적":"--",
            "전용률":"--",
            "욕실수":50,
            "현관타입":100,
            "주거총점":46.0,
            "지역구공급총점":0.0,
            "역세권":"NA",
            "30분내 이동가능 거점":"NA",
            "1시간내 이동가능 거점":"NA",
            "교통총점":"NA",
            "백화점":0,
            "아울렛몰":0,
            "대형마트":0,
            "은행":0,
            "병원":0,
            "종합병원":100,
            "공원":100,
            "혐오시설":0,
            "인프라총점":23.0,
            "초등학군":87.28,
            "중학군":37.18,
            "학군총점":47.2,
            "인구수":27.98,
            "인구증감":-11.88,
            "인구총점":16.022,
            "일자리":14.1,
            "소득수준":65.62,
            "일자리총점":29.556,
            "가치 총점":37.1,
            "매매실거래년":20211220.0,
            "매매실거래가":9100.0,
            "전세실거래년":20210930.0,
            "전세실거래가":7000.0,
            "전세가율":76.92,
            "장기전세가율평균":72.48,
            "전세가율거품지수":-4.44,
            "검색코드":15329,
            "세대수":897.0,
            "준공년월":"1996-07-15",
            "준공년차":27.0,
            "가까운역이름":"NA",
            "가까운역거리":"NA",
            "역세권여부":"NA",
            "30분이내주요거점역":"NA",
            "1시간이내주요거점역":"NA",
            "3km이내백화점수":0,
            "5km이내아울렛몰수":0,
            "1km이내대형먀트수":0,
            "500m이내은행수":0,
            "500m이내병원수":0,
            "5km이내대형병원수":2,
            "500m이내공원수":2,
            "3km이내혐오시설수":0,
            "초등학교학업성취도":87.28,
            "중학교학업성취도":61.7,
            "용적률":229,
            "건폐율":20,
            "Y":34.902112,
            "X":128.685492,
            "rank":79.0,
            "area_info":"22평(75.31), 29평(96.73)",
            "last_sales":"2021-12-20,9100.0,22평(75.31)"
        },
        {
            "index":238,
            "아파트명":"거제마린푸르지오2단지",
            "투자타입":"일반",
            "전용면적(m2)":"78.95",
            "전용면적(평)":"23평",
            "법정동주소":"경상남도 거제시 아주동 590",
            "도로명주소":"경상남도 거제시 용소1길 17-7",
            "세대수":0,
            "입주년차":80,
            "용적률점수":"--",
            "건폐율점수":"--",
            "세대당주차수":30,
            "난방방식":30,
            "공급면적":"--",
            "전용률":"--",
            "욕실수":100,
            "현관타입":100,
            "주거총점":43.5,
            "지역구공급총점":0.0,
            "역세권":"NA",
            "30분내 이동가능 거점":"NA",
            "1시간내 이동가능 거점":"NA",
            "교통총점":"NA",
            "백화점":0,
            "아울렛몰":0,
            "대형마트":0,
            "은행":0,
            "병원":0,
            "종합병원":80,
            "공원":80,
            "혐오시설":0,
            "인프라총점":18.4,
            "초등학군":90.0,
            "중학군":49.48,
            "학군총점":57.584,
            "인구수":27.98,
            "인구증감":-11.88,
            "인구총점":16.022,
            "일자리":14.1,
            "소득수준":65.62,
            "일자리총점":29.556,
            "가치 총점":36.981,
            "매매실거래년":20211008.0,
            "매매실거래가":23850.0,
            "전세실거래년":20211004.0,
            "전세실거래가":11500.0,
            "전세가율":62.84,
            "장기전세가율평균":72.48,
            "전세가율거품지수":9.64,
            "검색코드":106098,
            "세대수":195.0,
            "준공년월":"2015-01-30",
            "준공년차":8.0,
            "가까운역이름":"NA",
            "가까운역거리":"NA",
            "역세권여부":"NA",
            "30분이내주요거점역":"NA",
            "1시간이내주요거점역":"NA",
            "3km이내백화점수":0,
            "5km이내아울렛몰수":0,
            "1km이내대형먀트수":0,
            "500m이내은행수":0,
            "500m이내병원수":1,
            "5km이내대형병원수":1,
            "500m이내공원수":1,
            "3km이내혐오시설수":0,
            "초등학교학업성취도":90.0,
            "중학교학업성취도":82.0,
            "용적률":239,
            "건폐율":24,
            "Y":34.872853,
            "X":128.689952,
            "rank":80.0,
            "area_info":"23평(78.95), 32평(109.09), 33평(109.88), 33평(110.78)",
            "last_sales":"2021-10-08,23850.0,33평(110.78)"
        },
        {
            "index":411,
            "아파트명":"영진자이온",
            "투자타입":"일반",
            "전용면적(m2)":"101.19",
            "전용면적(평)":"30평",
            "법정동주소":"경상남도 거제시 옥포동 785-1",
            "도로명주소":"경상남도 거제시 옥포대첩로 115",
            "세대수":0,
            "입주년차":40,
            "용적률점수":"--",
            "건폐율점수":"--",
            "세대당주차수":30,
            "난방방식":30,
            "공급면적":"--",
            "전용률":"--",
            "욕실수":100,
            "현관타입":100,
            "주거총점":35.5,
            "지역구공급총점":0.0,
            "역세권":"NA",
            "30분내 이동가능 거점":"NA",
            "1시간내 이동가능 거점":"NA",
            "교통총점":"NA",
            "백화점":0,
            "아울렛몰":0,
            "대형마트":80,
            "은행":0,
            "병원":0,
            "종합병원":80,
            "공원":100,
            "혐오시설":0,
            "인프라총점":31.0,
            "초등학군":89.44,
            "중학군":37.18,
            "학군총점":47.632,
            "인구수":27.98,
            "인구증감":-11.88,
            "인구총점":16.022,
            "일자리":14.1,
            "소득수준":65.62,
            "일자리총점":29.556,
            "가치 총점":36.733,
            "매매실거래년":20211111.0,
            "매매실거래가":22000.0,
            "전세실거래년":20200905.0,
            "전세실거래가":10000.0,
            "전세가율":65.15,
            "장기전세가율평균":72.48,
            "전세가율거품지수":7.33,
            "검색코드":102425,
            "세대수":216.0,
            "준공년월":"2007-06-08",
            "준공년차":16.0,
            "가까운역이름":"NA",
            "가까운역거리":"NA",
            "역세권여부":"NA",
            "30분이내주요거점역":"NA",
            "1시간이내주요거점역":"NA",
            "3km이내백화점수":0,
            "5km이내아울렛몰수":0,
            "1km이내대형먀트수":1,
            "500m이내은행수":0,
            "500m이내병원수":0,
            "5km이내대형병원수":1,
            "500m이내공원수":4,
            "3km이내혐오시설수":0,
            "초등학교학업성취도":89.44,
            "중학교학업성취도":61.7,
            "용적률":198,
            "건폐율":21,
            "Y":34.895533,
            "X":128.699442,
            "rank":81.0,
            "area_info":"30평(101.19), 32평(108.47), 37평(123.96)",
            "last_sales":"2021-11-11,22000.0,37평(123.96)"
        },
        {
            "index":19,
            "아파트명":"고려1차",
            "투자타입":"재건축",
            "전용면적(m2)":"76.74",
            "전용면적(평)":"23평",
            "법정동주소":"경상남도 거제시 고현동 959-5",
            "도로명주소":"경상남도 거제시 서문로1길 20",
            "세대수":0,
            "입주년차":"--",
            "용적률점수":0,
            "건폐율점수":0,
            "세대당주차수":"--",
            "난방방식":"--",
            "공급면적":50,
            "전용률":80,
            "욕실수":"--",
            "현관타입":"--",
            "주거총점":6.5,
            "지역구공급총점":0.0,
            "역세권":"NA",
            "30분내 이동가능 거점":"NA",
            "1시간내 이동가능 거점":"NA",
            "교통총점":"NA",
            "백화점":0,
            "아울렛몰":0,
            "대형마트":80,
            "은행":100,
            "병원":80,
            "종합병원":100,
            "공원":100,
            "혐오시설":0,
            "인프라총점":53.0,
            "초등학군":92.34,
            "중학군":42.74,
            "학군총점":52.66,
            "인구수":27.98,
            "인구증감":-11.88,
            "인구총점":16.022,
            "일자리":14.1,
            "소득수준":65.62,
            "일자리총점":29.556,
            "가치 총점":36.64,
            "매매실거래년":20211123.0,
            "매매실거래가":12800.0,
            "전세실거래년":20211124.0,
            "전세실거래가":9000.0,
            "전세가율":70.31,
            "장기전세가율평균":72.48,
            "전세가율거품지수":2.17,
            "검색코드":5843,
            "세대수":186.0,
            "준공년월":"1991-12-13",
            "준공년차":32.0,
            "가까운역이름":"NA",
            "가까운역거리":"NA",
            "역세권여부":"NA",
            "30분이내주요거점역":"NA",
            "1시간이내주요거점역":"NA",
            "3km이내백화점수":0,
            "5km이내아울렛몰수":0,
            "1km이내대형먀트수":1,
            "500m이내은행수":6,
            "500m이내병원수":35,
            "5km이내대형병원수":2,
            "500m이내공원수":4,
            "3km이내혐오시설수":0,
            "초등학교학업성취도":92.34,
            "중학교학업성취도":70.9,
            "용적률":0,
            "건폐율":0,
            "Y":34.889766,
            "X":128.61745,
            "rank":82.0,
            "area_info":"23평(76.74), 28평(94.66)",
            "last_sales":"2021-11-23,12800.0,23평(76.74)"
        },
        {
            "index":218,
            "아파트명":"엘리유리안2차",
            "투자타입":"일반",
            "전용면적(m2)":"40.0",
            "전용면적(평)":"12평",
            "법정동주소":"경상남도 거제시 수월동 1059",
            "도로명주소":"경상남도 거제시 해명로4길 8",
            "세대수":0,
            "입주년차":80,
            "용적률점수":"--",
            "건폐율점수":"--",
            "세대당주차수":30,
            "난방방식":30,
            "공급면적":"--",
            "전용률":"--",
            "욕실수":50,
            "현관타입":100,
            "주거총점":38.5,
            "지역구공급총점":0.0,
            "역세권":"NA",
            "30분내 이동가능 거점":"NA",
            "1시간내 이동가능 거점":"NA",
            "교통총점":"NA",
            "백화점":0,
            "아울렛몰":0,
            "대형마트":0,
            "은행":0,
            "병원":10,
            "종합병원":100,
            "공원":0,
            "혐오시설":0,
            "인프라총점":21.0,
            "초등학군":90.25,
            "중학군":50.76,
            "학군총점":58.658,
            "인구수":27.98,
            "인구증감":-11.88,
            "인구총점":16.022,
            "일자리":14.1,
            "소득수준":65.62,
            "일자리총점":29.556,
            "가치 총점":36.5395,
            "매매실거래년":20211211.0,
            "매매실거래가":24500.0,
            "전세실거래년":null,
            "전세실거래가":null,
            "전세가율":null,
            "장기전세가율평균":72.48,
            "전세가율거품지수":null,
            "검색코드":111289,
            "세대수":197.0,
            "준공년월":"2015-09-10",
            "준공년차":8.0,
            "가까운역이름":"NA",
            "가까운역거리":"NA",
            "역세권여부":"NA",
            "30분이내주요거점역":"NA",
            "1시간이내주요거점역":"NA",
            "3km이내백화점수":0,
            "5km이내아울렛몰수":0,
            "1km이내대형먀트수":0,
            "500m이내은행수":0,
            "500m이내병원수":3,
            "5km이내대형병원수":2,
            "500m이내공원수":0,
            "3km이내혐오시설수":0,
            "초등학교학업성취도":90.25,
            "중학교학업성취도":84.2,
            "용적률":218,
            "건폐율":21,
            "Y":34.894205,
            "X":128.644562,
            "rank":83.0,
            "area_info":"12평(40.0), 14평(47.29), 28평(93.44), 32평(106.67), 33평(111.91), 34평(113.2)",
            "last_sales":"2021-12-11,24500.0,34평(113.2)"
        },
        {
            "index":228,
            "아파트명":"거제덕산아내프리미엄3차",
            "투자타입":"일반",
            "전용면적(m2)":"102.55",
            "전용면적(평)":"31평",
            "법정동주소":"경상남도 거제시 아주동 1680-8",
            "도로명주소":"경상남도 거제시 아주로 116-7",
            "세대수":0,
            "입주년차":60,
            "용적률점수":"--",
            "건폐율점수":"--",
            "세대당주차수":30,
            "난방방식":30,
            "공급면적":"--",
            "전용률":"--",
            "욕실수":100,
            "현관타입":100,
            "주거총점":39.5,
            "지역구공급총점":0.0,
            "역세권":"NA",
            "30분내 이동가능 거점":"NA",
            "1시간내 이동가능 거점":"NA",
            "교통총점":"NA",
            "백화점":0,
            "아울렛몰":0,
            "대형마트":0,
            "은행":0,
            "병원":10,
            "종합병원":100,
            "공원":0,
            "혐오시설":0,
            "인프라총점":21.0,
            "초등학군":87.44,
            "중학군":49.48,
            "학군총점":57.072,
            "인구수":27.98,
            "인구증감":-11.88,
            "인구총점":16.022,
            "일자리":14.1,
            "소득수준":65.62,
            "일자리총점":29.556,
            "가치 총점":36.493,
            "매매실거래년":20211219.0,
            "매매실거래가":24000.0,
            "전세실거래년":20211214.0,
            "전세실거래가":15000.0,
            "전세가율":72.12,
            "장기전세가율평균":72.48,
            "전세가율거품지수":0.36,
            "검색코드":103527,
            "세대수":243.0,
            "준공년월":"2013-11-04",
            "준공년차":10.0,
            "가까운역이름":"NA",
            "가까운역거리":"NA",
            "역세권여부":"NA",
            "30분이내주요거점역":"NA",
            "1시간이내주요거점역":"NA",
            "3km이내백화점수":0,
            "5km이내아울렛몰수":0,
            "1km이내대형먀트수":0,
            "500m이내은행수":0,
            "500m이내병원수":3,
            "5km이내대형병원수":2,
            "500m이내공원수":0,
            "3km이내혐오시설수":0,
            "초등학교학업성취도":87.44,
            "중학교학업성취도":82.0,
            "용적률":198,
            "건폐율":24,
            "Y":34.866821,
            "X":128.682049,
            "rank":84.0,
            "area_info":"31평(102.55), 33평(110.51)",
            "last_sales":"2021-12-19,24000.0,33평(110.51)"
        },
        {
            "index":525,
            "아파트명":"장평성원(5~8동)",
            "투자타입":"일반",
            "전용면적(m2)":"53.91",
            "전용면적(평)":"16평",
            "법정동주소":"경상남도 거제시 장평동 14",
            "도로명주소":"경상남도 거제시 장평로6길 30",
            "세대수":30,
            "입주년차":0,
            "용적률점수":"--",
            "건폐율점수":"--",
            "세대당주차수":0,
            "난방방식":30,
            "공급면적":"--",
            "전용률":"--",
            "욕실수":50,
            "현관타입":10,
            "주거총점":19.5,
            "지역구공급총점":0.0,
            "역세권":"NA",
            "30분내 이동가능 거점":"NA",
            "1시간내 이동가능 거점":"NA",
            "교통총점":"NA",
            "백화점":0,
            "아울렛몰":0,
            "대형마트":80,
            "은행":0,
            "병원":60,
            "종합병원":100,
            "공원":100,
            "혐오시설":0,
            "인프라총점":41.0,
            "초등학군":93.19,
            "중학군":42.74,
            "학군총점":52.83,
            "인구수":27.98,
            "인구증감":-11.88,
            "인구총점":16.022,
            "일자리":14.1,
            "소득수준":65.62,
            "일자리총점":29.556,
            "가치 총점":36.4325,
            "매매실거래년":20211112.0,
            "매매실거래가":7000.0,
            "전세실거래년":20190705.0,
            "전세실거래가":3500.0,
            "전세가율":50.0,
            "장기전세가율평균":72.48,
            "전세가율거품지수":22.48,
            "검색코드":16483,
            "세대수":303.0,
            "준공년월":"1995-10-01",
            "준공년차":28.0,
            "가까운역이름":"NA",
            "가까운역거리":"NA",
            "역세권여부":"NA",
            "30분이내주요거점역":"NA",
            "1시간이내주요거점역":"NA",
            "3km이내백화점수":0,
            "5km이내아울렛몰수":0,
            "1km이내대형먀트수":1,
            "500m이내은행수":0,
            "500m이내병원수":12,
            "5km이내대형병원수":2,
            "500m이내공원수":4,
            "3km이내혐오시설수":0,
            "초등학교학업성취도":93.19,
            "중학교학업성취도":70.9,
            "용적률":201,
            "건폐율":26,
            "Y":34.893635,
            "X":128.613551,
            "rank":85.0,
            "area_info":"16평(53.91), 20평(67.69)",
            "last_sales":"2021-11-12,7000.0,16평(53.91)"
        },
        {
            "index":424,
            "아파트명":"자이온더퍼스트",
            "투자타입":"일반",
            "전용면적(m2)":"113.48",
            "전용면적(평)":"34평",
            "법정동주소":"경상남도 거제시 옥포동 1995",
            "도로명주소":"경상남도 거제시 국산로 191",
            "세대수":0,
            "입주년차":80,
            "용적률점수":"--",
            "건폐율점수":"--",
            "세대당주차수":30,
            "난방방식":30,
            "공급면적":"--",
            "전용률":"--",
            "욕실수":100,
            "현관타입":100,
            "주거총점":43.5,
            "지역구공급총점":0.0,
            "역세권":"NA",
            "30분내 이동가능 거점":"NA",
            "1시간내 이동가능 거점":"NA",
            "교통총점":"NA",
            "백화점":0,
            "아울렛몰":0,
            "대형마트":0,
            "은행":0,
            "병원":0,
            "종합병원":100,
            "공원":100,
            "혐오시설":0,
            "인프라총점":23.0,
            "초등학군":89.44,
            "중학군":37.18,
            "학군총점":47.632,
            "인구수":27.98,
            "인구증감":-11.88,
            "인구총점":16.022,
            "일자리":14.1,
            "소득수준":65.62,
            "일자리총점":29.556,
            "가치 총점":36.333,
            "매매실거래년":20220111.0,
            "매매실거래가":22500.0,
            "전세실거래년":20210513.0,
            "전세실거래가":16275.0,
            "전세가율":68.38,
            "장기전세가율평균":72.48,
            "전세가율거품지수":4.1,
            "검색코드":110502,
            "세대수":220.0,
            "준공년월":"2017-09-14",
            "준공년차":6.0,
            "가까운역이름":"NA",
            "가까운역거리":"NA",
            "역세권여부":"NA",
            "30분이내주요거점역":"NA",
            "1시간이내주요거점역":"NA",
            "3km이내백화점수":0,
            "5km이내아울렛몰수":0,
            "1km이내대형먀트수":0,
            "500m이내은행수":0,
            "500m이내병원수":0,
            "5km이내대형병원수":2,
            "500m이내공원수":2,
            "3km이내혐오시설수":0,
            "초등학교학업성취도":89.44,
            "중학교학업성취도":61.7,
            "용적률":231,
            "건폐율":58,
            "Y":34.90166,
            "X":128.695479,
            "rank":86.0,
            "area_info":"34평(113.48), 34평(113.34)",
            "last_sales":"2022-01-11,22500.0,34평(113.34)"
        },
        {
            "index":149,
            "아파트명":"사곡영진자이온1단지",
            "투자타입":"일반",
            "전용면적(m2)":"99.33",
            "전용면적(평)":"30평",
            "법정동주소":"경상남도 거제시 사등면 사곡리 832-3",
            "도로명주소":"경상남도 거제시 두동로 54-42",
            "세대수":50,
            "입주년차":80,
            "용적률점수":"--",
            "건폐율점수":"--",
            "세대당주차수":30,
            "난방방식":30,
            "공급면적":"--",
            "전용률":"--",
            "욕실수":100,
            "현관타입":100,
            "주거총점":61.0,
            "지역구공급총점":0.0,
            "역세권":"NA",
            "30분내 이동가능 거점":"NA",
            "1시간내 이동가능 거점":"NA",
            "교통총점":"NA",
            "백화점":0,
            "아울렛몰":0,
            "대형마트":0,
            "은행":0,
            "병원":0,
            "종합병원":0,
            "공원":100,
            "혐오시설":0,
            "인프라총점":3.0,
            "초등학군":88.38,
            "중학군":43.88,
            "학군총점":52.78,
            "인구수":27.98,
            "인구증감":-11.88,
            "인구총점":16.022,
            "일자리":14.1,
            "소득수준":65.62,
            "일자리총점":29.556,
            "가치 총점":35.745,
            "매매실거래년":20211229.0,
            "매매실거래가":17000.0,
            "전세실거래년":20211126.0,
            "전세실거래가":8400.0,
            "전세가율":53.16,
            "장기전세가율평균":72.48,
            "전세가율거품지수":19.32,
            "검색코드":105355,
            "세대수":593.0,
            "준공년월":"2014-06-30",
            "준공년차":9.0,
            "가까운역이름":"NA",
            "가까운역거리":"NA",
            "역세권여부":"NA",
            "30분이내주요거점역":"NA",
            "1시간이내주요거점역":"NA",
            "3km이내백화점수":0,
            "5km이내아울렛몰수":0,
            "1km이내대형먀트수":0,
            "500m이내은행수":0,
            "500m이내병원수":0,
            "5km이내대형병원수":0,
            "500m이내공원수":2,
            "3km이내혐오시설수":0,
            "초등학교학업성취도":88.38,
            "중학교학업성취도":72.2,
            "용적률":174,
            "건폐율":15,
            "Y":34.892369,
            "X":128.568104,
            "rank":87.0,
            "area_info":"30평(99.33), 33평(110.37), 33평(111.78), 34평(114.37)",
            "last_sales":"2021-12-29,17000.0,34평(114.37)"
        },
        {
            "index":33,
            "아파트명":"고려5차",
            "투자타입":"일반",
            "전용면적(m2)":"71.17",
            "전용면적(평)":"21평",
            "법정동주소":"경상남도 거제시 고현동 1056",
            "도로명주소":"경상남도 거제시 중곡로2길 31",
            "세대수":50,
            "입주년차":0,
            "용적률점수":"--",
            "건폐율점수":"--",
            "세대당주차수":0,
            "난방방식":30,
            "공급면적":"--",
            "전용률":"--",
            "욕실수":50,
            "현관타입":100,
            "주거총점":35.5,
            "지역구공급총점":0.0,
            "역세권":"NA",
            "30분내 이동가능 거점":"NA",
            "1시간내 이동가능 거점":"NA",
            "교통총점":"NA",
            "백화점":0,
            "아울렛몰":0,
            "대형마트":0,
            "은행":0,
            "병원":30,
            "종합병원":100,
            "공원":100,
            "혐오시설":0,
            "인프라총점":26.0,
            "초등학군":88.48,
            "중학군":42.3,
            "학군총점":51.536,
            "인구수":27.98,
            "인구증감":-11.88,
            "인구총점":16.022,
            "일자리":14.1,
            "소득수준":65.62,
            "일자리총점":29.556,
            "가치 총점":35.709,
            "매매실거래년":20211231.0,
            "매매실거래가":17800.0,
            "전세실거래년":20211207.0,
            "전세실거래가":11000.0,
            "전세가율":82.09,
            "장기전세가율평균":72.48,
            "전세가율거품지수":-9.61,
            "검색코드":5884,
            "세대수":539.0,
            "준공년월":"1997-04-26",
            "준공년차":26.0,
            "가까운역이름":"NA",
            "가까운역거리":"NA",
            "역세권여부":"NA",
            "30분이내주요거점역":"NA",
            "1시간이내주요거점역":"NA",
            "3km이내백화점수":0,
            "5km이내아울렛몰수":0,
            "1km이내대형먀트수":0,
            "500m이내은행수":0,
            "500m이내병원수":5,
            "5km이내대형병원수":2,
            "500m이내공원수":2,
            "3km이내혐오시설수":0,
            "초등학교학업성취도":88.48,
            "중학교학업성취도":70.5,
            "용적률":193,
            "건폐율":18,
            "Y":34.894767,
            "X":128.63357,
            "rank":88.0,
            "area_info":"21평(71.17), 26평(86.1), 29평(96.71)",
            "last_sales":"2021-12-31,17800.0,29평(96.71)"
        },
        {
            "index":431,
            "아파트명":"한양훼미리",
            "투자타입":"일반",
            "전용면적(m2)":"66.02",
            "전용면적(평)":"19평",
            "법정동주소":"경상남도 거제시 옥포동 1881",
            "도로명주소":"경상남도 거제시 옥포로 269",
            "세대수":0,
            "입주년차":0,
            "용적률점수":"--",
            "건폐율점수":"--",
            "세대당주차수":0,
            "난방방식":30,
            "공급면적":"--",
            "전용률":"--",
            "욕실수":50,
            "현관타입":100,
            "주거총점":18.0,
            "지역구공급총점":0.0,
            "역세권":"NA",
            "30분내 이동가능 거점":"NA",
            "1시간내 이동가능 거점":"NA",
            "교통총점":"NA",
            "백화점":0,
            "아울렛몰":0,
            "대형마트":100,
            "은행":0,
            "병원":60,
            "종합병원":100,
            "공원":100,
            "혐오시설":0,
            "인프라총점":44.0,
            "초등학군":87.28,
            "중학군":37.18,
            "학군총점":47.2,
            "인구수":27.98,
            "인구증감":-11.88,
            "인구총점":16.022,
            "일자리":14.1,
            "소득수준":65.62,
            "일자리총점":29.556,
            "가치 총점":35.7,
            "매매실거래년":20210918.0,
            "매매실거래가":11000.0,
            "전세실거래년":20180912.0,
            "전세실거래가":7000.0,
            "전세가율":78.65,
            "장기전세가율평균":72.48,
            "전세가율거품지수":-6.17,
            "검색코드":6038,
            "세대수":135.0,
            "준공년월":"1993-09-29",
            "준공년차":30.0,
            "가까운역이름":"NA",
            "가까운역거리":"NA",
            "역세권여부":"NA",
            "30분이내주요거점역":"NA",
            "1시간이내주요거점역":"NA",
            "3km이내백화점수":0,
            "5km이내아울렛몰수":0,
            "1km이내대형먀트수":2,
            "500m이내은행수":1,
            "500m이내병원수":14,
            "5km이내대형병원수":2,
            "500m이내공원수":6,
            "3km이내혐오시설수":0,
            "초등학교학업성취도":87.28,
            "중학교학업성취도":61.7,
            "용적률":152,
            "건폐율":34,
            "Y":34.89806,
            "X":128.687887,
            "rank":89.0,
            "area_info":"19평(66.02), 25평(85.33), 27평(91.18), 28평(94.42)",
            "last_sales":"2021-09-18,11000.0,28평(94.42)"
        },
        {
            "index":200,
            "아파트명":"신우스위트빌",
            "투자타입":"일반",
            "전용면적(m2)":"72.33",
            "전용면적(평)":"21평",
            "법정동주소":"경상남도 거제시 상동동 118-2",
            "도로명주소":"경상남도 거제시 상동1길 31",
            "세대수":50,
            "입주년차":20,
            "용적률점수":"--",
            "건폐율점수":"--",
            "세대당주차수":0,
            "난방방식":30,
            "공급면적":"--",
            "전용률":"--",
            "욕실수":50,
            "현관타입":100,
            "주거총점":39.5,
            "지역구공급총점":0.0,
            "역세권":"NA",
            "30분내 이동가능 거점":"NA",
            "1시간내 이동가능 거점":"NA",
            "교통총점":"NA",
            "백화점":0,
            "아울렛몰":0,
            "대형마트":0,
            "은행":0,
            "병원":10,
            "종합병원":100,
            "공원":0,
            "혐오시설":0,
            "인프라총점":21.0,
            "초등학군":89.2,
            "중학군":43.4,
            "학군총점":52.56,
            "인구수":27.98,
            "인구증감":-11.88,
            "인구총점":16.022,
            "일자리":14.1,
            "소득수준":65.62,
            "일자리총점":29.556,
            "가치 총점":35.365,
            "매매실거래년":20220101.0,
            "매매실거래가":7350.0,
            "전세실거래년":20211229.0,
            "전세실거래가":6500.0,
            "전세가율":88.44,
            "장기전세가율평균":72.48,
            "전세가율거품지수":-15.96,
            "검색코드":100968,
            "세대수":498.0,
            "준공년월":"2001-07-06",
            "준공년차":22.0,
            "가까운역이름":"NA",
            "가까운역거리":"NA",
            "역세권여부":"NA",
            "30분이내주요거점역":"NA",
            "1시간이내주요거점역":"NA",
            "3km이내백화점수":0,
            "5km이내아울렛몰수":0,
            "1km이내대형먀트수":0,
            "500m이내은행수":0,
            "500m이내병원수":2,
            "5km이내대형병원수":2,
            "500m이내공원수":0,
            "3km이내혐오시설수":0,
            "초등학교학업성취도":89.2,
            "중학교학업성취도":71.6,
            "용적률":134,
            "건폐율":13,
            "Y":34.863662,
            "X":128.637991,
            "rank":90.0,
            "area_info":"21평(72.33)",
            "last_sales":"2022-01-01,7350.0,21평(72.33)"
        },
        {
            "index":438,
            "아파트명":"혜성비치맨션",
            "투자타입":"일반",
            "전용면적(m2)":"66.96",
            "전용면적(평)":"20평",
            "법정동주소":"경상남도 거제시 옥포동 555-15",
            "도로명주소":"경상남도 거제시 옥포로5길 26",
            "세대수":0,
            "입주년차":0,
            "용적률점수":"--",
            "건폐율점수":"--",
            "세대당주차수":0,
            "난방방식":30,
            "공급면적":"--",
            "전용률":"--",
            "욕실수":50,
            "현관타입":100,
            "주거총점":18.0,
            "지역구공급총점":0.0,
            "역세권":"NA",
            "30분내 이동가능 거점":"NA",
            "1시간내 이동가능 거점":"NA",
            "교통총점":"NA",
            "백화점":0,
            "아울렛몰":0,
            "대형마트":100,
            "은행":0,
            "병원":10,
            "종합병원":100,
            "공원":100,
            "혐오시설":0,
            "인프라총점":39.0,
            "초등학군":90.99,
            "중학군":43.6,
            "학군총점":53.078,
            "인구수":27.98,
            "인구증감":-11.88,
            "인구총점":16.022,
            "일자리":14.1,
            "소득수준":65.62,
            "일자리총점":29.556,
            "가치 총점":35.1695,
            "매매실거래년":20210811.0,
            "매매실거래가":9000.0,
            "전세실거래년":null,
            "전세실거래가":null,
            "전세가율":null,
            "장기전세가율평균":72.48,
            "전세가율거품지수":null,
            "검색코드":6043,
            "세대수":111.0,
            "준공년월":"1994-09-26",
            "준공년차":29.0,
            "가까운역이름":"NA",
            "가까운역거리":"NA",
            "역세권여부":"NA",
            "30분이내주요거점역":"NA",
            "1시간이내주요거점역":"NA",
            "3km이내백화점수":0,
            "5km이내아울렛몰수":0,
            "1km이내대형먀트수":2,
            "500m이내은행수":0,
            "500m이내병원수":2,
            "5km이내대형병원수":2,
            "500m이내공원수":2,
            "3km이내혐오시설수":0,
            "초등학교학업성취도":90.99,
            "중학교학업성취도":72.0,
            "용적률":0,
            "건폐율":0,
            "Y":34.887351,
            "X":128.694121,
            "rank":91.0,
            "area_info":"20평(66.96), 20평(67.81), 20평(68.01), 21평(70.67), 21평(71.24), 21평(71.24), 25평(84.87), 28평(94.76), 28평(95.59), 28평(95.61), 28평(95.59), 29평(96.26), 29평(96.01)",
            "last_sales":"2021-08-11,9000.0,29평(96.01)"
        },
        {
            "index":485,
            "아파트명":"거제수창프라임시티",
            "투자타입":"일반",
            "전용면적(m2)":"77.86",
            "전용면적(평)":"23평",
            "법정동주소":"경상남도 거제시 장평동 859-19",
            "도로명주소":"경상남도 거제시 거제대로 4951",
            "세대수":50,
            "입주년차":20,
            "용적률점수":"--",
            "건폐율점수":"--",
            "세대당주차수":0,
            "난방방식":30,
            "공급면적":"--",
            "전용률":"--",
            "욕실수":50,
            "현관타입":100,
            "주거총점":39.5,
            "지역구공급총점":0.0,
            "역세권":"NA",
            "30분내 이동가능 거점":"NA",
            "1시간내 이동가능 거점":"NA",
            "교통총점":"NA",
            "백화점":0,
            "아울렛몰":0,
            "대형마트":0,
            "은행":0,
            "병원":0,
            "종합병원":100,
            "공원":0,
            "혐오시설":0,
            "인프라총점":20.0,
            "초등학군":88.35,
            "중학군":43.88,
            "학군총점":52.774,
            "인구수":27.98,
            "인구증감":-11.88,
            "인구총점":16.022,
            "일자리":14.1,
            "소득수준":65.62,
            "일자리총점":29.556,
            "가치 총점":35.0185,
            "매매실거래년":20211114.0,
            "매매실거래가":7900.0,
            "전세실거래년":20220113.0,
            "전세실거래가":6000.0,
            "전세가율":75.95,
            "장기전세가율평균":72.48,
            "전세가율거품지수":-3.47,
            "검색코드":101697,
            "세대수":414.0,
            "준공년월":"2003-08-06",
            "준공년차":20.0,
            "가까운역이름":"NA",
            "가까운역거리":"NA",
            "역세권여부":"NA",
            "30분이내주요거점역":"NA",
            "1시간이내주요거점역":"NA",
            "3km이내백화점수":0,
            "5km이내아울렛몰수":0,
            "1km이내대형먀트수":0,
            "500m이내은행수":0,
            "500m이내병원수":0,
            "5km이내대형병원수":2,
            "500m이내공원수":0,
            "3km이내혐오시설수":0,
            "초등학교학업성취도":88.35,
            "중학교학업성취도":72.2,
            "용적률":179,
            "건폐율":20,
            "Y":34.889035,
            "X":128.595957,
            "rank":92.0,
            "area_info":"23평(77.86), 29평(97.2)",
            "last_sales":"2021-11-14,7900.0,23평(77.86)"
        },
        {
            "index":375,
            "아파트명":"동원,우성빌라트",
            "투자타입":"일반",
            "전용면적(m2)":"73.14",
            "전용면적(평)":"22평",
            "법정동주소":"경상남도 거제시 옥포동 753",
            "도로명주소":"경상남도 거제시 옥포대첩로 88",
            "세대수":0,
            "입주년차":0,
            "용적률점수":"--",
            "건폐율점수":"--",
            "세대당주차수":30,
            "난방방식":30,
            "공급면적":"--",
            "전용률":"--",
            "욕실수":50,
            "현관타입":100,
            "주거총점":22.5,
            "지역구공급총점":0.0,
            "역세권":"NA",
            "30분내 이동가능 거점":"NA",
            "1시간내 이동가능 거점":"NA",
            "교통총점":"NA",
            "백화점":0,
            "아울렛몰":0,
            "대형마트":100,
            "은행":0,
            "병원":0,
            "종합병원":100,
            "공원":100,
            "혐오시설":0,
            "인프라총점":38.0,
            "초등학군":89.44,
            "중학군":37.18,
            "학군총점":47.632,
            "인구수":27.98,
            "인구증감":-11.88,
            "인구총점":16.022,
            "일자리":14.1,
            "소득수준":65.62,
            "일자리총점":29.556,
            "가치 총점":34.983,
            "매매실거래년":20210610.0,
            "매매실거래가":12800.0,
            "전세실거래년":20200512.0,
            "전세실거래가":9000.0,
            "전세가율":125.0,
            "장기전세가율평균":72.48,
            "전세가율거품지수":-52.52,
            "검색코드":16496,
            "세대수":109.0,
            "준공년월":"1998-10-02",
            "준공년차":25.0,
            "가까운역이름":"NA",
            "가까운역거리":"NA",
            "역세권여부":"NA",
            "30분이내주요거점역":"NA",
            "1시간이내주요거점역":"NA",
            "3km이내백화점수":0,
            "5km이내아울렛몰수":0,
            "1km이내대형먀트수":2,
            "500m이내은행수":0,
            "500m이내병원수":1,
            "5km이내대형병원수":2,
            "500m이내공원수":7,
            "3km이내혐오시설수":0,
            "초등학교학업성취도":89.44,
            "중학교학업성취도":61.7,
            "용적률":254,
            "건폐율":26,
            "Y":34.894345,
            "X":128.697605,
            "rank":93.0,
            "area_info":"22평(73.14), 29평(98.15)",
            "last_sales":"2021-06-10,12800.0,29평(98.15)"
        },
        {
            "index":355,
            "아파트명":"그린파크",
            "투자타입":"일반",
            "전용면적(m2)":"69.93",
            "전용면적(평)":"21평",
            "법정동주소":"경상남도 거제시 옥포동 222",
            "도로명주소":"경상남도 거제시 거제대로 3697-19",
            "세대수":0,
            "입주년차":0,
            "용적률점수":"--",
            "건폐율점수":"--",
            "세대당주차수":0,
            "난방방식":30,
            "공급면적":"--",
            "전용률":"--",
            "욕실수":50,
            "현관타입":100,
            "주거총점":18.0,
            "지역구공급총점":0.0,
            "역세권":"NA",
            "30분내 이동가능 거점":"NA",
            "1시간내 이동가능 거점":"NA",
            "교통총점":"NA",
            "백화점":0,
            "아울렛몰":0,
            "대형마트":100,
            "은행":0,
            "병원":10,
            "종합병원":100,
            "공원":80,
            "혐오시설":0,
            "인프라총점":38.4,
            "초등학군":90.99,
            "중학군":43.6,
            "학군총점":53.078,
            "인구수":27.98,
            "인구증감":-11.88,
            "인구총점":16.022,
            "일자리":14.1,
            "소득수준":65.62,
            "일자리총점":29.556,
            "가치 총점":34.9295,
            "매매실거래년":20211007.0,
            "매매실거래가":7500.0,
            "전세실거래년":20200715.0,
            "전세실거래가":3500.0,
            "전세가율":60.34,
            "장기전세가율평균":72.48,
            "전세가율거품지수":12.14,
            "검색코드":5964,
            "세대수":180.0,
            "준공년월":"1994-12-31",
            "준공년차":29.0,
            "가까운역이름":"NA",
            "가까운역거리":"NA",
            "역세권여부":"NA",
            "30분이내주요거점역":"NA",
            "1시간이내주요거점역":"NA",
            "3km이내백화점수":0,
            "5km이내아울렛몰수":0,
            "1km이내대형먀트수":2,
            "500m이내은행수":0,
            "500m이내병원수":2,
            "5km이내대형병원수":2,
            "500m이내공원수":1,
            "3km이내혐오시설수":0,
            "초등학교학업성취도":90.99,
            "중학교학업성취도":72.0,
            "용적률":0,
            "건폐율":0,
            "Y":34.886215,
            "X":128.691016,
            "rank":94.0,
            "area_info":"21평(69.93), 21평(71.42), 21평(71.09), 22평(75.64), 24평(79.87), 27평(92.16), 28평(94.89)",
            "last_sales":"2021-10-07,7500.0,27평(92.16)"
        },
        {
            "index":198,
            "아파트명":"상동청목아델하임",
            "투자타입":"일반",
            "전용면적(m2)":"112.92",
            "전용면적(평)":"34평",
            "법정동주소":"경상남도 거제시 상동동 307",
            "도로명주소":"경상남도 거제시 고현천로 227",
            "세대수":0,
            "입주년차":60,
            "용적률점수":"--",
            "건폐율점수":"--",
            "세대당주차수":30,
            "난방방식":30,
            "공급면적":"--",
            "전용률":"--",
            "욕실수":100,
            "현관타입":100,
            "주거총점":39.5,
            "지역구공급총점":0.0,
            "역세권":"NA",
            "30분내 이동가능 거점":"NA",
            "1시간내 이동가능 거점":"NA",
            "교통총점":"NA",
            "백화점":0,
            "아울렛몰":0,
            "대형마트":0,
            "은행":0,
            "병원":0,
            "종합병원":100,
            "공원":0,
            "혐오시설":0,
            "인프라총점":20.0,
            "초등학군":88.16,
            "중학군":43.4,
            "학군총점":52.352,
            "인구수":27.98,
            "인구증감":-11.88,
            "인구총점":16.022,
            "일자리":14.1,
            "소득수준":65.62,
            "일자리총점":29.556,
            "가치 총점":34.913,
            "매매실거래년":"18000101",
            "매매실거래가":null,
            "전세실거래년":null,
            "전세실거래가":null,
            "전세가율":null,
            "장기전세가율평균":72.48,
            "전세가율거품지수":null,
            "검색코드":120860,
            "세대수":204.0,
            "준공년월":"2013-09-03",
            "준공년차":10.0,
            "가까운역이름":"NA",
            "가까운역거리":"NA",
            "역세권여부":"NA",
            "30분이내주요거점역":"NA",
            "1시간이내주요거점역":"NA",
            "3km이내백화점수":0,
            "5km이내아울렛몰수":0,
            "1km이내대형먀트수":0,
            "500m이내은행수":0,
            "500m이내병원수":0,
            "5km이내대형병원수":2,
            "500m이내공원수":0,
            "3km이내혐오시설수":0,
            "초등학교학업성취도":88.16,
            "중학교학업성취도":71.6,
            "용적률":83,
            "건폐율":38,
            "Y":34.874038,
            "X":128.637563,
            "rank":95.0,
            "area_info":"34평(112.92), 35평(118.85)",
            "last_sales":"1800-01-01,nan,34평(112.92)"
        },
        {
            "index":540,
            "아파트명":"태완노블리안",
            "투자타입":"일반",
            "전용면적(m2)":"99.06",
            "전용면적(평)":"29평",
            "법정동주소":"경상남도 거제시 장평동 660",
            "도로명주소":"경상남도 거제시 장평1로 180",
            "세대수":0,
            "입주년차":40,
            "용적률점수":"--",
            "건폐율점수":"--",
            "세대당주차수":30,
            "난방방식":30,
            "공급면적":"--",
            "전용률":"--",
            "욕실수":100,
            "현관타입":100,
            "주거총점":35.5,
            "지역구공급총점":0.0,
            "역세권":"NA",
            "30분내 이동가능 거점":"NA",
            "1시간내 이동가능 거점":"NA",
            "교통총점":"NA",
            "백화점":0,
            "아울렛몰":0,
            "대형마트":0,
            "은행":0,
            "병원":0,
            "종합병원":100,
            "공원":100,
            "혐오시설":0,
            "인프라총점":23.0,
            "초등학군":88.35,
            "중학군":43.88,
            "학군총점":52.774,
            "인구수":27.98,
            "인구증감":-11.88,
            "인구총점":16.022,
            "일자리":14.1,
            "소득수준":65.62,
            "일자리총점":29.556,
            "가치 총점":34.8185,
            "매매실거래년":20211125.0,
            "매매실거래가":15000.0,
            "전세실거래년":20210506.0,
            "전세실거래가":10500.0,
            "전세가율":80.77,
            "장기전세가율평균":72.48,
            "전세가율거품지수":-8.29,
            "검색코드":100972,
            "세대수":180.0,
            "준공년월":"2004-09-21",
            "준공년차":19.0,
            "가까운역이름":"NA",
            "가까운역거리":"NA",
            "역세권여부":"NA",
            "30분이내주요거점역":"NA",
            "1시간이내주요거점역":"NA",
            "3km이내백화점수":0,
            "5km이내아울렛몰수":0,
            "1km이내대형먀트수":0,
            "500m이내은행수":0,
            "500m이내병원수":0,
            "5km이내대형병원수":2,
            "500m이내공원수":2,
            "3km이내혐오시설수":0,
            "초등학교학업성취도":88.35,
            "중학교학업성취도":72.2,
            "용적률":198,
            "건폐율":18,
            "Y":34.890545,
            "X":128.601535,
            "rank":96.0,
            "area_info":"29평(99.06), 32평(108.88)",
            "last_sales":"2021-11-25,15000.0,32평(108.88)"
        },
        {
            "index":74,
            "아파트명":"일성수월아리채",
            "투자타입":"일반",
            "전용면적(m2)":"111.7",
            "전용면적(평)":"33평",
            "법정동주소":"경상남도 거제시 고현동 1067",
            "도로명주소":"경상남도 거제시 중곡2로 107",
            "세대수":0,
            "입주년차":40,
            "용적률점수":"--",
            "건폐율점수":"--",
            "세대당주차수":30,
            "난방방식":30,
            "공급면적":"--",
            "전용률":"--",
            "욕실수":100,
            "현관타입":100,
            "주거총점":35.5,
            "지역구공급총점":0.0,
            "역세권":"NA",
            "30분내 이동가능 거점":"NA",
            "1시간내 이동가능 거점":"NA",
            "교통총점":"NA",
            "백화점":0,
            "아울렛몰":0,
            "대형마트":0,
            "은행":0,
            "병원":10,
            "종합병원":100,
            "공원":80,
            "혐오시설":0,
            "인프라총점":23.4,
            "초등학군":88.48,
            "중학군":42.3,
            "학군총점":51.536,
            "인구수":27.98,
            "인구증감":-11.88,
            "인구총점":16.022,
            "일자리":14.1,
            "소득수준":65.62,
            "일자리총점":29.556,
            "가치 총점":34.669,
            "매매실거래년":20211214.0,
            "매매실거래가":19600.0,
            "전세실거래년":20210410.0,
            "전세실거래가":16000.0,
            "전세가율":81.63,
            "장기전세가율평균":72.48,
            "전세가율거품지수":-9.15,
            "검색코드":100959,
            "세대수":144.0,
            "준공년월":"2005-12-08",
            "준공년차":18.0,
            "가까운역이름":"NA",
            "가까운역거리":"NA",
            "역세권여부":"NA",
            "30분이내주요거점역":"NA",
            "1시간이내주요거점역":"NA",
            "3km이내백화점수":0,
            "5km이내아울렛몰수":0,
            "1km이내대형먀트수":0,
            "500m이내은행수":0,
            "500m이내병원수":2,
            "5km이내대형병원수":2,
            "500m이내공원수":1,
            "3km이내혐오시설수":0,
            "초등학교학업성취도":88.48,
            "중학교학업성취도":70.5,
            "용적률":199,
            "건폐율":23,
            "Y":34.895218,
            "X":128.637108,
            "rank":97.0,
            "area_info":"33평(111.7)",
            "last_sales":"2021-12-14,19600.0,33평(111.7)"
        },
        {
            "index":426,
            "아파트명":"진영에이스타운",
            "투자타입":"일반",
            "전용면적(m2)":"71.69",
            "전용면적(평)":"21평",
            "법정동주소":"경상남도 거제시 옥포동 1298-1",
            "도로명주소":"경상남도 거제시 진목로 19",
            "세대수":0,
            "입주년차":0,
            "용적률점수":"--",
            "건폐율점수":"--",
            "세대당주차수":0,
            "난방방식":30,
            "공급면적":"--",
            "전용률":"--",
            "욕실수":50,
            "현관타입":100,
            "주거총점":18.0,
            "지역구공급총점":0.0,
            "역세권":"NA",
            "30분내 이동가능 거점":"NA",
            "1시간내 이동가능 거점":"NA",
            "교통총점":"NA",
            "백화점":0,
            "아울렛몰":0,
            "대형마트":100,
            "은행":0,
            "병원":30,
            "종합병원":100,
            "공원":100,
            "혐오시설":0,
            "인프라총점":41.0,
            "초등학군":87.28,
            "중학군":37.18,
            "학군총점":47.2,
            "인구수":27.98,
            "인구증감":-11.88,
            "인구총점":16.022,
            "일자리":14.1,
            "소득수준":65.62,
            "일자리총점":29.556,
            "가치 총점":34.5,
            "매매실거래년":20211022.0,
            "매매실거래가":6700.0,
            "전세실거래년":null,
            "전세실거래가":null,
            "전세가율":null,
            "장기전세가율평균":72.48,
            "전세가율거품지수":null,
            "검색코드":15333,
            "세대수":293.0,
            "준공년월":"1993-07-05",
            "준공년차":30.0,
            "가까운역이름":"NA",
            "가까운역거리":"NA",
            "역세권여부":"NA",
            "30분이내주요거점역":"NA",
            "1시간이내주요거점역":"NA",
            "3km이내백화점수":0,
            "5km이내아울렛몰수":0,
            "1km이내대형먀트수":2,
            "500m이내은행수":0,
            "500m이내병원수":9,
            "5km이내대형병원수":2,
            "500m이내공원수":6,
            "3km이내혐오시설수":0,
            "초등학교학업성취도":87.28,
            "중학교학업성취도":61.7,
            "용적률":267,
            "건폐율":27,
            "Y":34.897205,
            "X":128.686119,
            "rank":98.0,
            "area_info":"21평(71.69), 21평(72.4), 28평(93.94), 30평(101.75), 35평(118.54)",
            "last_sales":"2021-10-22,6700.0,21평(71.69)"
        },
        {
            "index":153,
            "아파트명":"사곡영진자이온2단지",
            "투자타입":"일반",
            "전용면적(m2)":"99.97",
            "전용면적(평)":"30평",
            "법정동주소":"경상남도 거제시 사등면 사곡리 832-9",
            "도로명주소":"경상남도 거제시 두동로 54-40",
            "세대수":50,
            "입주년차":60,
            "용적률점수":"--",
            "건폐율점수":"--",
            "세대당주차수":30,
            "난방방식":30,
            "공급면적":"--",
            "전용률":"--",
            "욕실수":100,
            "현관타입":100,
            "주거총점":57.0,
            "지역구공급총점":0.0,
            "역세권":"NA",
            "30분내 이동가능 거점":"NA",
            "1시간내 이동가능 거점":"NA",
            "교통총점":"NA",
            "백화점":0,
            "아울렛몰":0,
            "대형마트":0,
            "은행":0,
            "병원":0,
            "종합병원":0,
            "공원":100,
            "혐오시설":0,
            "인프라총점":3.0,
            "초등학군":88.38,
            "중학군":43.88,
            "학군총점":52.78,
            "인구수":27.98,
            "인구증감":-11.88,
            "인구총점":16.022,
            "일자리":14.1,
            "소득수준":65.62,
            "일자리총점":29.556,
            "가치 총점":34.345,
            "매매실거래년":20211228.0,
            "매매실거래가":17000.0,
            "전세실거래년":20211226.0,
            "전세실거래가":12000.0,
            "전세가율":75.95,
            "장기전세가율평균":72.48,
            "전세가율거품지수":-3.47,
            "검색코드":103914,
            "세대수":508.0,
            "준공년월":"2013-11-01",
            "준공년차":10.0,
            "가까운역이름":"NA",
            "가까운역거리":"NA",
            "역세권여부":"NA",
            "30분이내주요거점역":"NA",
            "1시간이내주요거점역":"NA",
            "3km이내백화점수":0,
            "5km이내아울렛몰수":0,
            "1km이내대형먀트수":0,
            "500m이내은행수":0,
            "500m이내병원수":0,
            "5km이내대형병원수":0,
            "500m이내공원수":2,
            "3km이내혐오시설수":0,
            "초등학교학업성취도":88.38,
            "중학교학업성취도":72.2,
            "용적률":174,
            "건폐율":15,
            "Y":34.894074,
            "X":128.567689,
            "rank":99.0,
            "area_info":"30평(99.97), 33평(110.41), 33평(111.82), 34평(114.58)",
            "last_sales":"2021-12-28,17000.0,34평(114.58)"
        },
        {
            "index":336,
            "아파트명":"신우마리나타운",
            "투자타입":"일반",
            "전용면적(m2)":"72.8",
            "전용면적(평)":"22평",
            "법정동주소":"경상남도 거제시 연초면 오비리 1056",
            "도로명주소":"경상남도 거제시 연하해안로 419",
            "세대수":50,
            "입주년차":0,
            "용적률점수":"--",
            "건폐율점수":"--",
            "세대당주차수":0,
            "난방방식":30,
            "공급면적":"--",
            "전용률":"--",
            "욕실수":50,
            "현관타입":100,
            "주거총점":35.5,
            "지역구공급총점":0.0,
            "역세권":"NA",
            "30분내 이동가능 거점":"NA",
            "1시간내 이동가능 거점":"NA",
            "교통총점":"NA",
            "백화점":0,
            "아울렛몰":0,
            "대형마트":0,
            "은행":0,
            "병원":0,
            "종합병원":100,
            "공원":80,
            "혐오시설":0,
            "인프라총점":22.4,
            "초등학군":87.69,
            "중학군":42.74,
            "학군총점":51.73,
            "인구수":27.98,
            "인구증감":-11.88,
            "인구총점":16.022,
            "일자리":14.1,
            "소득수준":65.62,
            "일자리총점":29.556,
            "가치 총점":34.3175,
            "매매실거래년":20211207.0,
            "매매실거래가":7000.0,
            "전세실거래년":20211029.0,
            "전세실거래가":4000.0,
            "전세가율":63.49,
            "장기전세가율평균":72.48,
            "전세가율거품지수":8.99,
            "검색코드":5947,
            "세대수":416.0,
            "준공년월":"1997-12-19",
            "준공년차":26.0,
            "가까운역이름":"NA",
            "가까운역거리":"NA",
            "역세권여부":"NA",
            "30분이내주요거점역":"NA",
            "1시간이내주요거점역":"NA",
            "3km이내백화점수":0,
            "5km이내아울렛몰수":0,
            "1km이내대형먀트수":0,
            "500m이내은행수":0,
            "500m이내병원수":0,
            "5km이내대형병원수":2,
            "500m이내공원수":1,
            "3km이내혐오시설수":0,
            "초등학교학업성취도":87.69,
            "중학교학업성취도":70.9,
            "용적률":200,
            "건폐율":14,
            "Y":34.911076,
            "X":128.617664,
            "rank":100.0,
            "area_info":"22평(72.8), 29평(98.06)",
            "last_sales":"2021-12-07,7000.0,29평(98.06)"
        },
        {
            "index":328,
            "아파트명":"일성양정아리채",
            "투자타입":"일반",
            "전용면적(m2)":"97.72",
            "전용면적(평)":"29평",
            "법정동주소":"경상남도 거제시 양정동 920",
            "도로명주소":"경상남도 거제시 수양로 487",
            "세대수":0,
            "입주년차":40,
            "용적률점수":"--",
            "건폐율점수":"--",
            "세대당주차수":30,
            "난방방식":30,
            "공급면적":"--",
            "전용률":"--",
            "욕실수":100,
            "현관타입":100,
            "주거총점":35.5,
            "지역구공급총점":0.0,
            "역세권":"NA",
            "30분내 이동가능 거점":"NA",
            "1시간내 이동가능 거점":"NA",
            "교통총점":"NA",
            "백화점":0,
            "아울렛몰":0,
            "대형마트":0,
            "은행":0,
            "병원":10,
            "종합병원":100,
            "공원":0,
            "혐오시설":0,
            "인프라총점":21.0,
            "초등학군":90.25,
            "중학군":42.3,
            "학군총점":51.89,
            "인구수":27.98,
            "인구증감":-11.88,
            "인구총점":16.022,
            "일자리":14.1,
            "소득수준":65.62,
            "일자리총점":29.556,
            "가치 총점":33.7975,
            "매매실거래년":20211224.0,
            "매매실거래가":17800.0,
            "전세실거래년":20211123.0,
            "전세실거래가":14500.0,
            "전세가율":84.3,
            "장기전세가율평균":72.48,
            "전세가율거품지수":-11.82,
            "검색코드":100971,
            "세대수":180.0,
            "준공년월":"2005-12-08",
            "준공년차":18.0,
            "가까운역이름":"NA",
            "가까운역거리":"NA",
            "역세권여부":"NA",
            "30분이내주요거점역":"NA",
            "1시간이내주요거점역":"NA",
            "3km이내백화점수":0,
            "5km이내아울렛몰수":0,
            "1km이내대형먀트수":0,
            "500m이내은행수":0,
            "500m이내병원수":4,
            "5km이내대형병원수":2,
            "500m이내공원수":0,
            "3km이내혐오시설수":0,
            "초등학교학업성취도":90.25,
            "중학교학업성취도":70.5,
            "용적률":174,
            "건폐율":17,
            "Y":34.89055,
            "X":128.638407,
            "rank":101.0,
            "area_info":"29평(97.72), 33평(110.55)",
            "last_sales":"2021-12-24,17800.0,33평(110.55)"
        },
        {
            "index":338,
            "아파트명":"신우희가로",
            "투자타입":"일반",
            "전용면적(m2)":"100.91",
            "전용면적(평)":"30평",
            "법정동주소":"경상남도 거제시 연초면 죽토리 327",
            "도로명주소":"경상남도 거제시 죽토로 2",
            "세대수":0,
            "입주년차":40,
            "용적률점수":"--",
            "건폐율점수":"--",
            "세대당주차수":0,
            "난방방식":30,
            "공급면적":"--",
            "전용률":"--",
            "욕실수":100,
            "현관타입":100,
            "주거총점":31.0,
            "지역구공급총점":0.0,
            "역세권":"NA",
            "30분내 이동가능 거점":"NA",
            "1시간내 이동가능 거점":"NA",
            "교통총점":"NA",
            "백화점":0,
            "아울렛몰":0,
            "대형마트":80,
            "은행":0,
            "병원":0,
            "종합병원":80,
            "공원":0,
            "혐오시설":0,
            "인프라총점":28.0,
            "초등학군":91.88,
            "중학군":35.34,
            "학군총점":46.648,
            "인구수":27.98,
            "인구증감":-11.88,
            "인구총점":16.022,
            "일자리":14.1,
            "소득수준":65.62,
            "일자리총점":29.556,
            "가치 총점":33.712,
            "매매실거래년":20211119.0,
            "매매실거래가":17000.0,
            "전세실거래년":20210924.0,
            "전세실거래가":15000.0,
            "전세가율":88.24,
            "장기전세가율평균":72.48,
            "전세가율거품지수":-15.76,
            "검색코드":109257,
            "세대수":210.0,
            "준공년월":"2006-09-01",
            "준공년차":17.0,
            "가까운역이름":"NA",
            "가까운역거리":"NA",
            "역세권여부":"NA",
            "30분이내주요거점역":"NA",
            "1시간이내주요거점역":"NA",
            "3km이내백화점수":0,
            "5km이내아울렛몰수":0,
            "1km이내대형먀트수":1,
            "500m이내은행수":0,
            "500m이내병원수":1,
            "5km이내대형병원수":1,
            "500m이내공원수":0,
            "3km이내혐오시설수":0,
            "초등학교학업성취도":91.88,
            "중학교학업성취도":58.9,
            "용적률":383,
            "건폐율":44,
            "Y":34.913723,
            "X":128.656139,
            "rank":102.0,
            "area_info":"30평(100.91), 30평(101.06)",
            "last_sales":"2021-11-19,17000.0,30평(100.91)"
        },
        {
            "index":109,
            "아파트명":"거제옥포도뮤토1단지",
            "투자타입":"일반",
            "전용면적(m2)":"82.93",
            "전용면적(평)":"25평",
            "법정동주소":"경상남도 거제시 덕포동 779-3",
            "도로명주소":"경상남도 거제시 덕포2길 23",
            "세대수":0,
            "입주년차":80,
            "용적률점수":"--",
            "건폐율점수":"--",
            "세대당주차수":30,
            "난방방식":30,
            "공급면적":"--",
            "전용률":"--",
            "욕실수":100,
            "현관타입":100,
            "주거총점":43.5,
            "지역구공급총점":0.0,
            "역세권":"NA",
            "30분내 이동가능 거점":"NA",
            "1시간내 이동가능 거점":"NA",
            "교통총점":"NA",
            "백화점":0,
            "아울렛몰":0,
            "대형마트":0,
            "은행":0,
            "병원":0,
            "종합병원":80,
            "공원":0,
            "혐오시설":0,
            "인프라총점":16.0,
            "초등학군":89.44,
            "중학군":37.18,
            "학군총점":47.632,
            "인구수":27.98,
            "인구증감":-11.88,
            "인구총점":16.022,
            "일자리":14.1,
            "소득수준":65.62,
            "일자리총점":29.556,
            "가치 총점":33.533,
            "매매실거래년":20211018.0,
            "매매실거래가":21800.0,
            "전세실거래년":20210420.0,
            "전세실거래가":11000.0,
            "전세가율":68.75,
            "장기전세가율평균":72.48,
            "전세가율거품지수":3.73,
            "검색코드":110074,
            "세대수":190.0,
            "준공년월":"2017-05-18",
            "준공년차":6.0,
            "가까운역이름":"NA",
            "가까운역거리":"NA",
            "역세권여부":"NA",
            "30분이내주요거점역":"NA",
            "1시간이내주요거점역":"NA",
            "3km이내백화점수":0,
            "5km이내아울렛몰수":0,
            "1km이내대형먀트수":0,
            "500m이내은행수":0,
            "500m이내병원수":0,
            "5km이내대형병원수":1,
            "500m이내공원수":0,
            "3km이내혐오시설수":0,
            "초등학교학업성취도":89.44,
            "중학교학업성취도":61.7,
            "용적률":177,
            "건폐율":19,
            "Y":34.911371,
            "X":128.69909,
            "rank":103.0,
            "area_info":"25평(82.93), 25평(83.01), 31평(102.74), 31평(103.54), 33평(110.34)",
            "last_sales":"2021-10-18,21800.0,33평(110.34)"
        },
        {
            "index":21,
            "아파트명":"고려2차",
            "투자타입":"일반",
            "전용면적(m2)":"70.81",
            "전용면적(평)":"21평",
            "법정동주소":"경상남도 거제시 고현동 1049",
            "도로명주소":"경상남도 거제시 중곡로2길 29",
            "세대수":30,
            "입주년차":0,
            "용적률점수":"--",
            "건폐율점수":"--",
            "세대당주차수":0,
            "난방방식":30,
            "공급면적":"--",
            "전용률":"--",
            "욕실수":50,
            "현관타입":100,
            "주거총점":28.5,
            "지역구공급총점":0.0,
            "역세권":"NA",
            "30분내 이동가능 거점":"NA",
            "1시간내 이동가능 거점":"NA",
            "교통총점":"NA",
            "백화점":0,
            "아울렛몰":0,
            "대형마트":0,
            "은행":0,
            "병원":30,
            "종합병원":100,
            "공원":100,
            "혐오시설":0,
            "인프라총점":26.0,
            "초등학군":88.48,
            "중학군":42.3,
            "학군총점":51.536,
            "인구수":27.98,
            "인구증감":-11.88,
            "인구총점":16.022,
            "일자리":14.1,
            "소득수준":65.62,
            "일자리총점":29.556,
            "가치 총점":33.259,
            "매매실거래년":20211226.0,
            "매매실거래가":13500.0,
            "전세실거래년":20211224.0,
            "전세실거래가":10000.0,
            "전세가율":74.07,
            "장기전세가율평균":72.48,
            "전세가율거품지수":-1.59,
            "검색코드":5848,
            "세대수":300.0,
            "준공년월":"1993-02-26",
            "준공년차":30.0,
            "가까운역이름":"NA",
            "가까운역거리":"NA",
            "역세권여부":"NA",
            "30분이내주요거점역":"NA",
            "1시간이내주요거점역":"NA",
            "3km이내백화점수":0,
            "5km이내아울렛몰수":0,
            "1km이내대형먀트수":0,
            "500m이내은행수":0,
            "500m이내병원수":5,
            "5km이내대형병원수":2,
            "500m이내공원수":2,
            "3km이내혐오시설수":0,
            "초등학교학업성취도":88.48,
            "중학교학업성취도":70.5,
            "용적률":0,
            "건폐율":0,
            "Y":34.895577,
            "X":128.632154,
            "rank":104.0,
            "area_info":"21평(70.81), 25평(85.82), 29평(96.08)",
            "last_sales":"2021-12-26,13500.0,21평(70.81)"
        },
        {
            "index":24,
            "아파트명":"고려3차(1050)",
            "투자타입":"일반",
            "전용면적(m2)":"85.14",
            "전용면적(평)":"25평",
            "법정동주소":"경상남도 거제시 고현동 1050",
            "도로명주소":"경상남도 거제시 중곡로 14",
            "세대수":30,
            "입주년차":0,
            "용적률점수":"--",
            "건폐율점수":"--",
            "세대당주차수":0,
            "난방방식":30,
            "공급면적":"--",
            "전용률":"--",
            "욕실수":50,
            "현관타입":100,
            "주거총점":28.5,
            "지역구공급총점":0.0,
            "역세권":"NA",
            "30분내 이동가능 거점":"NA",
            "1시간내 이동가능 거점":"NA",
            "교통총점":"NA",
            "백화점":0,
            "아울렛몰":0,
            "대형마트":0,
            "은행":0,
            "병원":30,
            "종합병원":100,
            "공원":100,
            "혐오시설":0,
            "인프라총점":26.0,
            "초등학군":88.35,
            "중학군":42.3,
            "학군총점":51.51,
            "인구수":27.98,
            "인구증감":-11.88,
            "인구총점":16.022,
            "일자리":14.1,
            "소득수준":65.62,
            "일자리총점":29.556,
            "가치 총점":33.2525,
            "매매실거래년":20211225.0,
            "매매실거래가":13500.0,
            "전세실거래년":20220106.0,
            "전세실거래가":9450.0,
            "전세가율":70.0,
            "장기전세가율평균":72.48,
            "전세가율거품지수":2.48,
            "검색코드":102452,
            "세대수":300.0,
            "준공년월":"1993-05-01",
            "준공년차":30.0,
            "가까운역이름":"NA",
            "가까운역거리":"NA",
            "역세권여부":"NA",
            "30분이내주요거점역":"NA",
            "1시간이내주요거점역":"NA",
            "3km이내백화점수":0,
            "5km이내아울렛몰수":0,
            "1km이내대형먀트수":0,
            "500m이내은행수":0,
            "500m이내병원수":5,
            "5km이내대형병원수":2,
            "500m이내공원수":2,
            "3km이내혐오시설수":0,
            "초등학교학업성취도":88.35,
            "중학교학업성취도":70.5,
            "용적률":252,
            "건폐율":20,
            "Y":34.894167,
            "X":128.631192,
            "rank":105.0,
            "area_info":"25평(85.14), 29평(96.3)",
            "last_sales":"2021-12-25,13500.0,25평(85.14)"
        },
        {
            "index":29,
            "아파트명":"고려4차",
            "투자타입":"일반",
            "전용면적(m2)":"71.11",
            "전용면적(평)":"21평",
            "법정동주소":"경상남도 거제시 고현동 1051",
            "도로명주소":"경상남도 거제시 중곡로2길 25",
            "세대수":30,
            "입주년차":0,
            "용적률점수":"--",
            "건폐율점수":"--",
            "세대당주차수":0,
            "난방방식":30,
            "공급면적":"--",
            "전용률":"--",
            "욕실수":50,
            "현관타입":100,
            "주거총점":28.5,
            "지역구공급총점":0.0,
            "역세권":"NA",
            "30분내 이동가능 거점":"NA",
            "1시간내 이동가능 거점":"NA",
            "교통총점":"NA",
            "백화점":0,
            "아울렛몰":0,
            "대형마트":0,
            "은행":0,
            "병원":30,
            "종합병원":100,
            "공원":100,
            "혐오시설":0,
            "인프라총점":26.0,
            "초등학군":88.35,
            "중학군":42.3,
            "학군총점":51.51,
            "인구수":27.98,
            "인구증감":-11.88,
            "인구총점":16.022,
            "일자리":14.1,
            "소득수준":65.62,
            "일자리총점":29.556,
            "가치 총점":33.2525,
            "매매실거래년":20211123.0,
            "매매실거래가":12500.0,
            "전세실거래년":20220113.0,
            "전세실거래가":9000.0,
            "전세가율":72.0,
            "장기전세가율평균":72.48,
            "전세가율거품지수":0.48,
            "검색코드":5875,
            "세대수":358.0,
            "준공년월":"1996-07-01",
            "준공년차":27.0,
            "가까운역이름":"NA",
            "가까운역거리":"NA",
            "역세권여부":"NA",
            "30분이내주요거점역":"NA",
            "1시간이내주요거점역":"NA",
            "3km이내백화점수":0,
            "5km이내아울렛몰수":0,
            "1km이내대형먀트수":0,
            "500m이내은행수":0,
            "500m이내병원수":5,
            "5km이내대형병원수":2,
            "500m이내공원수":3,
            "3km이내혐오시설수":0,
            "초등학교학업성취도":88.35,
            "중학교학업성취도":70.5,
            "용적률":0,
            "건폐율":0,
            "Y":34.894676,
            "X":128.632158,
            "rank":105.0,
            "area_info":"21평(71.11), 26평(87.31), 29평(98.17), 35평(117.64)",
            "last_sales":"2021-11-23,12500.0,21평(71.11)"
        },
        {
            "index":287,
            "아파트명":"씨앤스타빌(도시형)",
            "투자타입":"일반",
            "전용면적(m2)":"63.01",
            "전용면적(평)":"19평",
            "법정동주소":"경상남도 거제시 아주동 1680-7",
            "도로명주소":"경상남도 거제시 아주로 116-15",
            "세대수":0,
            "입주년차":60,
            "용적률점수":"--",
            "건폐율점수":"--",
            "세대당주차수":0,
            "난방방식":30,
            "공급면적":"--",
            "전용률":"--",
            "욕실수":50,
            "현관타입":100,
            "주거총점":30.0,
            "지역구공급총점":0.0,
            "역세권":"NA",
            "30분내 이동가능 거점":"NA",
            "1시간내 이동가능 거점":"NA",
            "교통총점":"NA",
            "백화점":0,
            "아울렛몰":0,
            "대형마트":0,
            "은행":0,
            "병원":10,
            "종합병원":100,
            "공원":0,
            "혐오시설":0,
            "인프라총점":21.0,
            "초등학군":87.44,
            "중학군":49.48,
            "학군총점":57.072,
            "인구수":27.98,
            "인구증감":-11.88,
            "인구총점":16.022,
            "일자리":14.1,
            "소득수준":65.62,
            "일자리총점":29.556,
            "가치 총점":33.168,
            "매매실거래년":20220112.0,
            "매매실거래가":9450.0,
            "전세실거래년":20211217.0,
            "전세실거래가":9000.0,
            "전세가율":95.24,
            "장기전세가율평균":72.48,
            "전세가율거품지수":-22.76,
            "검색코드":112165,
            "세대수":117.0,
            "준공년월":"2013-05-16",
            "준공년차":10.0,
            "가까운역이름":"NA",
            "가까운역거리":"NA",
            "역세권여부":"NA",
            "30분이내주요거점역":"NA",
            "1시간이내주요거점역":"NA",
            "3km이내백화점수":0,
            "5km이내아울렛몰수":0,
            "1km이내대형먀트수":0,
            "500m이내은행수":0,
            "500m이내병원수":3,
            "5km이내대형병원수":2,
            "500m이내공원수":0,
            "3km이내혐오시설수":0,
            "초등학교학업성취도":87.44,
            "중학교학업성취도":82.0,
            "용적률":195,
            "건폐율":24,
            "Y":34.867063,
            "X":128.682335,
            "rank":106.0,
            "area_info":"19평(63.01)",
            "last_sales":"2022-01-12,9450.0,19평(63.01)"
        },
        {
            "index":381,
            "아파트명":"미진무지개",
            "투자타입":"일반",
            "전용면적(m2)":"55.34",
            "전용면적(평)":"16평",
            "법정동주소":"경상남도 거제시 옥포동 764",
            "도로명주소":"경상남도 거제시 옥포대첩로 85",
            "세대수":0,
            "입주년차":20,
            "용적률점수":"--",
            "건폐율점수":"--",
            "세대당주차수":0,
            "난방방식":30,
            "공급면적":"--",
            "전용률":"--",
            "욕실수":50,
            "현관타입":50,
            "주거총점":17.0,
            "지역구공급총점":0.0,
            "역세권":"NA",
            "30분내 이동가능 거점":"NA",
            "1시간내 이동가능 거점":"NA",
            "교통총점":"NA",
            "백화점":0,
            "아울렛몰":0,
            "대형마트":100,
            "은행":0,
            "병원":0,
            "종합병원":100,
            "공원":100,
            "혐오시설":0,
            "인프라총점":38.0,
            "초등학군":89.44,
            "중학군":37.18,
            "학군총점":47.632,
            "인구수":27.98,
            "인구증감":-11.88,
            "인구총점":16.022,
            "일자리":14.1,
            "소득수준":65.62,
            "일자리총점":29.556,
            "가치 총점":33.058,
            "매매실거래년":20210806.0,
            "매매실거래가":5950.0,
            "전세실거래년":20190729.0,
            "전세실거래가":4000.0,
            "전세가율":86.96,
            "장기전세가율평균":72.48,
            "전세가율거품지수":-14.48,
            "검색코드":107731,
            "세대수":161.0,
            "준공년월":"1999-11-25",
            "준공년차":24.0,
            "가까운역이름":"NA",
            "가까운역거리":"NA",
            "역세권여부":"NA",
            "30분이내주요거점역":"NA",
            "1시간이내주요거점역":"NA",
            "3km이내백화점수":0,
            "5km이내아울렛몰수":0,
            "1km이내대형먀트수":2,
            "500m이내은행수":0,
            "500m이내병원수":1,
            "5km이내대형병원수":2,
            "500m이내공원수":7,
            "3km이내혐오시설수":0,
            "초등학교학업성취도":89.44,
            "중학교학업성취도":61.7,
            "용적률":241,
            "건폐율":26,
            "Y":34.894995,
            "X":128.697326,
            "rank":107.0,
            "area_info":"16평(55.34), 19평(64.73), 19평(65.21), 21평(71.94), 22평(73.2)",
            "last_sales":"2021-08-06,5950.0,22평(73.2)"
        },
        {
            "index":330,
            "아파트명":"청명화이트",
            "투자타입":"일반",
            "전용면적(m2)":"84.96",
            "전용면적(평)":"25평",
            "법정동주소":"경상남도 거제시 양정동 989-5",
            "도로명주소":"경상남도 거제시 거제대로 4601",
            "세대수":0,
            "입주년차":20,
            "용적률점수":"--",
            "건폐율점수":"--",
            "세대당주차수":30,
            "난방방식":30,
            "공급면적":"--",
            "전용률":"--",
            "욕실수":100,
            "현관타입":100,
            "주거총점":31.5,
            "지역구공급총점":0.0,
            "역세권":"NA",
            "30분내 이동가능 거점":"NA",
            "1시간내 이동가능 거점":"NA",
            "교통총점":"NA",
            "백화점":0,
            "아울렛몰":0,
            "대형마트":0,
            "은행":0,
            "병원":0,
            "종합병원":100,
            "공원":80,
            "혐오시설":0,
            "인프라총점":22.4,
            "초등학군":88.48,
            "중학군":42.3,
            "학군총점":51.536,
            "인구수":27.98,
            "인구증감":-11.88,
            "인구총점":16.022,
            "일자리":14.1,
            "소득수준":65.62,
            "일자리총점":29.556,
            "가치 총점":32.869,
            "매매실거래년":"18000101",
            "매매실거래가":null,
            "전세실거래년":null,
            "전세실거래가":null,
            "전세가율":null,
            "장기전세가율평균":72.48,
            "전세가율거품지수":null,
            "검색코드":101054,
            "세대수":120.0,
            "준공년월":"2003-12-30",
            "준공년차":20.0,
            "가까운역이름":"NA",
            "가까운역거리":"NA",
            "역세권여부":"NA",
            "30분이내주요거점역":"NA",
            "1시간이내주요거점역":"NA",
            "3km이내백화점수":0,
            "5km이내아울렛몰수":0,
            "1km이내대형먀트수":0,
            "500m이내은행수":0,
            "500m이내병원수":1,
            "5km이내대형병원수":2,
            "500m이내공원수":1,
            "3km이내혐오시설수":0,
            "초등학교학업성취도":88.48,
            "중학교학업성취도":70.5,
            "용적률":79,
            "건폐율":23,
            "Y":34.891425,
            "X":128.633363,
            "rank":108.0,
            "area_info":"25평(84.96), 28평(95.02)",
            "last_sales":"1800-01-01,nan,25평(84.96)"
        },
        {
            "index":90,
            "아파트명":"라인라데팡스",
            "투자타입":"일반",
            "전용면적(m2)":"85.42",
            "전용면적(평)":"25평",
            "법정동주소":"경상남도 거제시 능포동 219-7",
            "도로명주소":"경상남도 거제시 능포로4길 23",
            "세대수":0,
            "입주년차":40,
            "용적률점수":"--",
            "건폐율점수":"--",
            "세대당주차수":30,
            "난방방식":30,
            "공급면적":"--",
            "전용률":"--",
            "욕실수":100,
            "현관타입":100,
            "주거총점":35.5,
            "지역구공급총점":0.0,
            "역세권":"NA",
            "30분내 이동가능 거점":"NA",
            "1시간내 이동가능 거점":"NA",
            "교통총점":"NA",
            "백화점":0,
            "아울렛몰":0,
            "대형마트":0,
            "은행":0,
            "병원":30,
            "종합병원":80,
            "공원":0,
            "혐오시설":0,
            "인프라총점":19.0,
            "초등학군":87.68,
            "중학군":40.7,
            "학군총점":50.096,
            "인구수":27.98,
            "인구증감":-11.88,
            "인구총점":16.022,
            "일자리":14.1,
            "소득수준":65.62,
            "일자리총점":29.556,
            "가치 총점":32.549,
            "매매실거래년":20211115.0,
            "매매실거래가":11500.0,
            "전세실거래년":20210614.0,
            "전세실거래가":8000.0,
            "전세가율":108.11,
            "장기전세가율평균":72.48,
            "전세가율거품지수":-35.63,
            "검색코드":100960,
            "세대수":137.0,
            "준공년월":"2005-04-19",
            "준공년차":18.0,
            "가까운역이름":"NA",
            "가까운역거리":"NA",
            "역세권여부":"NA",
            "30분이내주요거점역":"NA",
            "1시간이내주요거점역":"NA",
            "3km이내백화점수":0,
            "5km이내아울렛몰수":0,
            "1km이내대형먀트수":0,
            "500m이내은행수":0,
            "500m이내병원수":5,
            "5km이내대형병원수":1,
            "500m이내공원수":0,
            "3km이내혐오시설수":0,
            "초등학교학업성취도":87.68,
            "중학교학업성취도":67.3,
            "용적률":182,
            "건폐율":19,
            "Y":34.872707,
            "X":128.733354,
            "rank":109.0,
            "area_info":"25평(85.42), 34평(113.89)",
            "last_sales":"2021-11-15,11500.0,34평(113.89)"
        },
        {
            "index":419,
            "아파트명":"옥포한신",
            "투자타입":"재건축",
            "전용면적(m2)":"81.44",
            "전용면적(평)":"24평",
            "법정동주소":"경상남도 거제시 옥포동 1288-1",
            "도로명주소":"경상남도 거제시 옥포로 260",
            "세대수":0,
            "입주년차":"--",
            "용적률점수":0,
            "건폐율점수":0,
            "세대당주차수":"--",
            "난방방식":"--",
            "공급면적":70,
            "전용률":100,
            "욕실수":"--",
            "현관타입":"--",
            "주거총점":8.5,
            "지역구공급총점":0.0,
            "역세권":"NA",
            "30분내 이동가능 거점":"NA",
            "1시간내 이동가능 거점":"NA",
            "교통총점":"NA",
            "백화점":0,
            "아울렛몰":0,
            "대형마트":100,
            "은행":0,
            "병원":60,
            "종합병원":100,
            "공원":100,
            "혐오시설":0,
            "인프라총점":44.0,
            "초등학군":89.44,
            "중학군":37.18,
            "학군총점":47.632,
            "인구수":27.98,
            "인구증감":-11.88,
            "인구총점":16.022,
            "일자리":14.1,
            "소득수준":65.62,
            "일자리총점":29.556,
            "가치 총점":32.483,
            "매매실거래년":20211113.0,
            "매매실거래가":13700.0,
            "전세실거래년":20210703.0,
            "전세실거래가":10000.0,
            "전세가율":72.99,
            "장기전세가율평균":72.48,
            "전세가율거품지수":-0.51,
            "검색코드":6031,
            "세대수":180.0,
            "준공년월":"1990-12-11",
            "준공년차":33.0,
            "가까운역이름":"NA",
            "가까운역거리":"NA",
            "역세권여부":"NA",
            "30분이내주요거점역":"NA",
            "1시간이내주요거점역":"NA",
            "3km이내백화점수":0,
            "5km이내아울렛몰수":0,
            "1km이내대형먀트수":2,
            "500m이내은행수":1,
            "500m이내병원수":14,
            "5km이내대형병원수":2,
            "500m이내공원수":6,
            "3km이내혐오시설수":0,
            "초등학교학업성취도":89.44,
            "중학교학업성취도":61.7,
            "용적률":0,
            "건폐율":0,
            "Y":34.898388,
            "X":128.688831,
            "rank":110.0,
            "area_info":"24평(81.44), 27평(92.13), 38평(127.85)",
            "last_sales":"2021-11-13,13700.0,24평(81.44)"
        },
        {
            "index":435,
            "아파트명":"협동아름",
            "투자타입":"일반",
            "전용면적(m2)":"69.97",
            "전용면적(평)":"21평",
            "법정동주소":"경상남도 거제시 옥포동 815-10",
            "도로명주소":"경상남도 거제시 성산로4길 15",
            "세대수":0,
            "입주년차":0,
            "용적률점수":"--",
            "건폐율점수":"--",
            "세대당주차수":0,
            "난방방식":30,
            "공급면적":"--",
            "전용률":"--",
            "욕실수":50,
            "현관타입":100,
            "주거총점":18.0,
            "지역구공급총점":0.0,
            "역세권":"NA",
            "30분내 이동가능 거점":"NA",
            "1시간내 이동가능 거점":"NA",
            "교통총점":"NA",
            "백화점":0,
            "아울렛몰":0,
            "대형마트":80,
            "은행":0,
            "병원":0,
            "종합병원":100,
            "공원":100,
            "혐오시설":0,
            "인프라총점":35.0,
            "초등학군":89.44,
            "중학군":37.18,
            "학군총점":47.632,
            "인구수":27.98,
            "인구증감":-11.88,
            "인구총점":16.022,
            "일자리":14.1,
            "소득수준":65.62,
            "일자리총점":29.556,
            "가치 총점":32.208,
            "매매실거래년":20211229.0,
            "매매실거래가":6200.0,
            "전세실거래년":20210513.0,
            "전세실거래가":4000.0,
            "전세가율":64.52,
            "장기전세가율평균":72.48,
            "전세가율거품지수":7.96,
            "검색코드":6040,
            "세대수":175.0,
            "준공년월":"1996-03-26",
            "준공년차":27.0,
            "가까운역이름":"NA",
            "가까운역거리":"NA",
            "역세권여부":"NA",
            "30분이내주요거점역":"NA",
            "1시간이내주요거점역":"NA",
            "3km이내백화점수":0,
            "5km이내아울렛몰수":0,
            "1km이내대형먀트수":1,
            "500m이내은행수":0,
            "500m이내병원수":0,
            "5km이내대형병원수":2,
            "500m이내공원수":5,
            "3km이내혐오시설수":0,
            "초등학교학업성취도":89.44,
            "중학교학업성취도":61.7,
            "용적률":461,
            "건폐율":37,
            "Y":34.897516,
            "X":128.697861,
            "rank":111.0,
            "area_info":"21평(69.97), 30평(99.19), 29평(99.08)",
            "last_sales":"2021-12-29,6200.0,21평(69.97)"
        },
        {
            "index":195,
            "아파트명":"삼성명가타운",
            "투자타입":"일반",
            "전용면적(m2)":"82.14",
            "전용면적(평)":"24평",
            "법정동주소":"경상남도 거제시 상동동 479",
            "도로명주소":"경상남도 거제시 거제중앙로3길 15",
            "세대수":0,
            "입주년차":20,
            "용적률점수":"--",
            "건폐율점수":"--",
            "세대당주차수":30,
            "난방방식":30,
            "공급면적":"--",
            "전용률":"--",
            "욕실수":50,
            "현관타입":100,
            "주거총점":26.5,
            "지역구공급총점":0.0,
            "역세권":"NA",
            "30분내 이동가능 거점":"NA",
            "1시간내 이동가능 거점":"NA",
            "교통총점":"NA",
            "백화점":0,
            "아울렛몰":0,
            "대형마트":0,
            "은행":0,
            "병원":10,
            "종합병원":100,
            "공원":100,
            "혐오시설":0,
            "인프라총점":24.0,
            "초등학군":88.16,
            "중학군":43.4,
            "학군총점":52.352,
            "인구수":27.98,
            "인구증감":-11.88,
            "인구총점":16.022,
            "일자리":14.1,
            "소득수준":65.62,
            "일자리총점":29.556,
            "가치 총점":31.963,
            "매매실거래년":20220107.0,
            "매매실거래가":12800.0,
            "전세실거래년":20210217.0,
            "전세실거래가":9000.0,
            "전세가율":70.31,
            "장기전세가율평균":72.48,
            "전세가율거품지수":2.17,
            "검색코드":13839,
            "세대수":296.0,
            "준공년월":"2000-11-25",
            "준공년차":23.0,
            "가까운역이름":"NA",
            "가까운역거리":"NA",
            "역세권여부":"NA",
            "30분이내주요거점역":"NA",
            "1시간이내주요거점역":"NA",
            "3km이내백화점수":0,
            "5km이내아울렛몰수":0,
            "1km이내대형먀트수":0,
            "500m이내은행수":0,
            "500m이내병원수":3,
            "5km이내대형병원수":2,
            "500m이내공원수":2,
            "3km이내혐오시설수":0,
            "초등학교학업성취도":88.16,
            "중학교학업성취도":71.6,
            "용적률":180,
            "건폐율":18,
            "Y":34.876051,
            "X":128.628712,
            "rank":112.0,
            "area_info":"24평(82.14), 27평(92.23), 30평(102.44)",
            "last_sales":"2022-01-07,12800.0,24평(82.14)"
        },
        {
            "index":66,
            "아파트명":"삼성하이츠",
            "투자타입":"일반",
            "전용면적(m2)":"67.4",
            "전용면적(평)":"20평",
            "법정동주소":"경상남도 거제시 고현동 540",
            "도로명주소":"경상남도 거제시 계룡로11길 17-17",
            "세대수":0,
            "입주년차":20,
            "용적률점수":"--",
            "건폐율점수":"--",
            "세대당주차수":30,
            "난방방식":30,
            "공급면적":"--",
            "전용률":"--",
            "욕실수":50,
            "현관타입":100,
            "주거총점":26.5,
            "지역구공급총점":0.0,
            "역세권":"NA",
            "30분내 이동가능 거점":"NA",
            "1시간내 이동가능 거점":"NA",
            "교통총점":"NA",
            "백화점":0,
            "아울렛몰":0,
            "대형마트":0,
            "은행":0,
            "병원":0,
            "종합병원":100,
            "공원":80,
            "혐오시설":0,
            "인프라총점":22.4,
            "초등학군":88.28,
            "중학군":43.4,
            "학군총점":52.376,
            "인구수":27.98,
            "인구증감":-11.88,
            "인구총점":16.022,
            "일자리":14.1,
            "소득수준":65.62,
            "일자리총점":29.556,
            "가치 총점":31.329,
            "매매실거래년":"18000101",
            "매매실거래가":null,
            "전세실거래년":null,
            "전세실거래가":null,
            "전세가율":null,
            "장기전세가율평균":72.48,
            "전세가율거품지수":null,
            "검색코드":15290,
            "세대수":280.0,
            "준공년월":"2000-01-08",
            "준공년차":23.0,
            "가까운역이름":"NA",
            "가까운역거리":"NA",
            "역세권여부":"NA",
            "30분이내주요거점역":"NA",
            "1시간이내주요거점역":"NA",
            "3km이내백화점수":0,
            "5km이내아울렛몰수":0,
            "1km이내대형먀트수":0,
            "500m이내은행수":1,
            "500m이내병원수":0,
            "5km이내대형병원수":2,
            "500m이내공원수":1,
            "3km이내혐오시설수":0,
            "초등학교학업성취도":88.28,
            "중학교학업성취도":71.6,
            "용적률":60,
            "건폐율":19,
            "Y":34.880583,
            "X":128.618726,
            "rank":113.0,
            "area_info":"20평(67.4), 25평(84.05), 27평(92.4)",
            "last_sales":"1800-01-01,nan,20평(67.4)"
        },
        {
            "index":510,
            "아파트명":"덕진휴먼빌2차",
            "투자타입":"일반",
            "전용면적(m2)":"64.73",
            "전용면적(평)":"19평",
            "법정동주소":"경상남도 거제시 장평동 647-46",
            "도로명주소":"경상남도 거제시 장평1로16길 65",
            "세대수":0,
            "입주년차":40,
            "용적률점수":"--",
            "건폐율점수":"--",
            "세대당주차수":0,
            "난방방식":30,
            "공급면적":"--",
            "전용률":"--",
            "욕실수":50,
            "현관타입":100,
            "주거총점":26.0,
            "지역구공급총점":0.0,
            "역세권":"NA",
            "30분내 이동가능 거점":"NA",
            "1시간내 이동가능 거점":"NA",
            "교통총점":"NA",
            "백화점":0,
            "아울렛몰":0,
            "대형마트":0,
            "은행":0,
            "병원":0,
            "종합병원":100,
            "공원":80,
            "혐오시설":0,
            "인프라총점":22.4,
            "초등학군":88.35,
            "중학군":43.88,
            "학군총점":52.774,
            "인구수":27.98,
            "인구증감":-11.88,
            "인구총점":16.022,
            "일자리":14.1,
            "소득수준":65.62,
            "일자리총점":29.556,
            "가치 총점":31.2535,
            "매매실거래년":20211224.0,
            "매매실거래가":5700.0,
            "전세실거래년":20211018.0,
            "전세실거래가":5000.0,
            "전세가율":87.72,
            "장기전세가율평균":72.48,
            "전세가율거품지수":-15.24,
            "검색코드":105164,
            "세대수":165.0,
            "준공년월":"2006-06-02",
            "준공년차":17.0,
            "가까운역이름":"NA",
            "가까운역거리":"NA",
            "역세권여부":"NA",
            "30분이내주요거점역":"NA",
            "1시간이내주요거점역":"NA",
            "3km이내백화점수":0,
            "5km이내아울렛몰수":0,
            "1km이내대형먀트수":0,
            "500m이내은행수":0,
            "500m이내병원수":0,
            "5km이내대형병원수":2,
            "500m이내공원수":1,
            "3km이내혐오시설수":0,
            "초등학교학업성취도":88.35,
            "중학교학업성취도":72.2,
            "용적률":199,
            "건폐율":16,
            "Y":34.893239,
            "X":128.60078,
            "rank":114.0,
            "area_info":"19평(64.73)",
            "last_sales":"2021-12-24,5700.0,19평(64.73)"
        },
        {
            "index":87,
            "아파트명":"동헌하이츠",
            "투자타입":"일반",
            "전용면적(m2)":"74.56",
            "전용면적(평)":"22평",
            "법정동주소":"경상남도 거제시 능포동 727-2",
            "도로명주소":"경상남도 거제시 능포로4길 5",
            "세대수":0,
            "입주년차":20,
            "용적률점수":"--",
            "건폐율점수":"--",
            "세대당주차수":30,
            "난방방식":80,
            "공급면적":"--",
            "전용률":"--",
            "욕실수":50,
            "현관타입":100,
            "주거총점":31.5,
            "지역구공급총점":0.0,
            "역세권":"NA",
            "30분내 이동가능 거점":"NA",
            "1시간내 이동가능 거점":"NA",
            "교통총점":"NA",
            "백화점":0,
            "아울렛몰":0,
            "대형마트":0,
            "은행":0,
            "병원":30,
            "종합병원":80,
            "공원":0,
            "혐오시설":0,
            "인프라총점":19.0,
            "초등학군":87.68,
            "중학군":40.7,
            "학군총점":50.096,
            "인구수":27.98,
            "인구증감":-11.88,
            "인구총점":16.022,
            "일자리":14.1,
            "소득수준":65.62,
            "일자리총점":29.556,
            "가치 총점":31.149,
            "매매실거래년":20210602.0,
            "매매실거래가":18800.0,
            "전세실거래년":20201023.0,
            "전세실거래가":8000.0,
            "전세가율":106.67,
            "장기전세가율평균":72.48,
            "전세가율거품지수":-34.19,
            "검색코드":5821,
            "세대수":136.0,
            "준공년월":"2000-05-25",
            "준공년차":23.0,
            "가까운역이름":"NA",
            "가까운역거리":"NA",
            "역세권여부":"NA",
            "30분이내주요거점역":"NA",
            "1시간이내주요거점역":"NA",
            "3km이내백화점수":0,
            "5km이내아울렛몰수":0,
            "1km이내대형먀트수":0,
            "500m이내은행수":0,
            "500m이내병원수":5,
            "5km이내대형병원수":1,
            "500m이내공원수":0,
            "3km이내혐오시설수":0,
            "초등학교학업성취도":87.68,
            "중학교학업성취도":67.3,
            "용적률":296,
            "건폐율":30,
            "Y":34.87335,
            "X":128.73123,
            "rank":115.0,
            "area_info":"22평(74.56), 32평(105.87), 50평(168.55)",
            "last_sales":"2021-06-02,18800.0,50평(168.55)"
        },
        {
            "index":201,
            "아파트명":"신우스위트빌2차",
            "투자타입":"일반",
            "전용면적(m2)":"76.58",
            "전용면적(평)":"23평",
            "법정동주소":"경상남도 거제시 상동동 38-1",
            "도로명주소":"경상남도 거제시 거제중앙로 1581",
            "세대수":0,
            "입주년차":20,
            "용적률점수":"--",
            "건폐율점수":"--",
            "세대당주차수":0,
            "난방방식":30,
            "공급면적":"--",
            "전용률":"--",
            "욕실수":100,
            "현관타입":100,
            "주거총점":27.0,
            "지역구공급총점":0.0,
            "역세권":"NA",
            "30분내 이동가능 거점":"NA",
            "1시간내 이동가능 거점":"NA",
            "교통총점":"NA",
            "백화점":0,
            "아울렛몰":0,
            "대형마트":0,
            "은행":0,
            "병원":10,
            "종합병원":100,
            "공원":0,
            "혐오시설":0,
            "인프라총점":21.0,
            "초등학군":89.42,
            "중학군":43.4,
            "학군총점":52.604,
            "인구수":27.98,
            "인구증감":-11.88,
            "인구총점":16.022,
            "일자리":14.1,
            "소득수준":65.62,
            "일자리총점":29.556,
            "가치 총점":31.001,
            "매매실거래년":20211105.0,
            "매매실거래가":9700.0,
            "전세실거래년":20211121.0,
            "전세실거래가":7000.0,
            "전세가율":72.16,
            "장기전세가율평균":72.48,
            "전세가율거품지수":0.32,
            "검색코드":101683,
            "세대수":238.0,
            "준공년월":"2003-03-04",
            "준공년차":20.0,
            "가까운역이름":"NA",
            "가까운역거리":"NA",
            "역세권여부":"NA",
            "30분이내주요거점역":"NA",
            "1시간이내주요거점역":"NA",
            "3km이내백화점수":0,
            "5km이내아울렛몰수":0,
            "1km이내대형먀트수":0,
            "500m이내은행수":0,
            "500m이내병원수":2,
            "5km이내대형병원수":2,
            "500m이내공원수":0,
            "3km이내혐오시설수":0,
            "초등학교학업성취도":89.42,
            "중학교학업성취도":71.6,
            "용적률":99,
            "건폐율":10,
            "Y":34.863798,
            "X":128.641251,
            "rank":116.0,
            "area_info":"23평(76.58)",
            "last_sales":"2021-11-05,9700.0,23평(76.58)"
        },
        {
            "index":479,
            "아파트명":"장승포주공",
            "투자타입":"일반",
            "전용면적(m2)":"66.05",
            "전용면적(평)":"19평",
            "법정동주소":"경상남도 거제시 장승포동 631",
            "도로명주소":"경상남도 거제시 장승로 26",
            "세대수":50,
            "입주년차":0,
            "용적률점수":"--",
            "건폐율점수":"--",
            "세대당주차수":0,
            "난방방식":30,
            "공급면적":"--",
            "전용률":"--",
            "욕실수":50,
            "현관타입":100,
            "주거총점":35.5,
            "지역구공급총점":0.0,
            "역세권":"NA",
            "30분내 이동가능 거점":"NA",
            "1시간내 이동가능 거점":"NA",
            "교통총점":"NA",
            "백화점":0,
            "아울렛몰":0,
            "대형마트":0,
            "은행":0,
            "병원":0,
            "종합병원":80,
            "공원":0,
            "혐오시설":0,
            "인프라총점":16.0,
            "초등학군":79.83,
            "중학군":40.7,
            "학군총점":48.526,
            "인구수":27.98,
            "인구증감":-11.88,
            "인구총점":16.022,
            "일자리":14.1,
            "소득수준":65.62,
            "일자리총점":29.556,
            "가치 총점":30.9565,
            "매매실거래년":20211209.0,
            "매매실거래가":7200.0,
            "전세실거래년":20210623.0,
            "전세실거래가":4500.0,
            "전세가율":95.74,
            "장기전세가율평균":72.48,
            "전세가율거품지수":-23.26,
            "검색코드":16527,
            "세대수":598.0,
            "준공년월":"1998-06-16",
            "준공년차":25.0,
            "가까운역이름":"NA",
            "가까운역거리":"NA",
            "역세권여부":"NA",
            "30분이내주요거점역":"NA",
            "1시간이내주요거점역":"NA",
            "3km이내백화점수":0,
            "5km이내아울렛몰수":0,
            "1km이내대형먀트수":0,
            "500m이내은행수":0,
            "500m이내병원수":0,
            "5km이내대형병원수":1,
            "500m이내공원수":0,
            "3km이내혐오시설수":0,
            "초등학교학업성취도":79.83,
            "중학교학업성취도":67.3,
            "용적률":176,
            "건폐율":16,
            "Y":34.858301,
            "X":128.721393,
            "rank":117.0,
            "area_info":"19평(66.05), 20평(68.93), 21평(72.29), 21평(72.13), 22평(75.87), 22평(75.81)",
            "last_sales":"2021-12-09,7200.0,22평(75.81)"
        },
        {
            "index":62,
            "아파트명":"덕진휴먼빌",
            "투자타입":"일반",
            "전용면적(m2)":"64.93",
            "전용면적(평)":"19평",
            "법정동주소":"경상남도 거제시 고현동 988-25",
            "도로명주소":"경상남도 거제시 중곡로5길 11",
            "세대수":0,
            "입주년차":20,
            "용적률점수":"--",
            "건폐율점수":"--",
            "세대당주차수":0,
            "난방방식":30,
            "공급면적":"--",
            "전용률":"--",
            "욕실수":50,
            "현관타입":100,
            "주거총점":22.0,
            "지역구공급총점":0.0,
            "역세권":"NA",
            "30분내 이동가능 거점":"NA",
            "1시간내 이동가능 거점":"NA",
            "교통총점":"NA",
            "백화점":0,
            "아울렛몰":0,
            "대형마트":0,
            "은행":0,
            "병원":30,
            "종합병원":100,
            "공원":80,
            "혐오시설":0,
            "인프라총점":25.4,
            "초등학군":88.35,
            "중학군":42.3,
            "학군총점":51.51,
            "인구수":27.98,
            "인구증감":-11.88,
            "인구총점":16.022,
            "일자리":14.1,
            "소득수준":65.62,
            "일자리총점":29.556,
            "가치 총점":30.7375,
            "매매실거래년":20211120.0,
            "매매실거래가":8200.0,
            "전세실거래년":20210915.0,
            "전세실거래가":6000.0,
            "전세가율":73.17,
            "장기전세가율평균":72.48,
            "전세가율거품지수":-0.69,
            "검색코드":101677,
            "세대수":168.0,
            "준공년월":"2002-01-17",
            "준공년차":21.0,
            "가까운역이름":"NA",
            "가까운역거리":"NA",
            "역세권여부":"NA",
            "30분이내주요거점역":"NA",
            "1시간이내주요거점역":"NA",
            "3km이내백화점수":0,
            "5km이내아울렛몰수":0,
            "1km이내대형먀트수":0,
            "500m이내은행수":0,
            "500m이내병원수":5,
            "5km이내대형병원수":2,
            "500m이내공원수":1,
            "3km이내혐오시설수":0,
            "초등학교학업성취도":88.35,
            "중학교학업성취도":70.5,
            "용적률":300,
            "건폐율":24,
            "Y":34.895919,
            "X":128.628754,
            "rank":118.0,
            "area_info":"19평(64.93)",
            "last_sales":"2021-11-20,8200.0,19평(64.93)"
        },
        {
            "index":397,
            "아파트명":"삼도하이츠",
            "투자타입":"일반",
            "전용면적(m2)":"70.22",
            "전용면적(평)":"21평",
            "법정동주소":"경상남도 거제시 옥포동 886-24",
            "도로명주소":"경상남도 거제시 옥포중앙로 125",
            "세대수":0,
            "입주년차":0,
            "용적률점수":"--",
            "건폐율점수":"--",
            "세대당주차수":0,
            "난방방식":30,
            "공급면적":"--",
            "전용률":"--",
            "욕실수":50,
            "현관타입":100,
            "주거총점":18.0,
            "지역구공급총점":0.0,
            "역세권":"NA",
            "30분내 이동가능 거점":"NA",
            "1시간내 이동가능 거점":"NA",
            "교통총점":"NA",
            "백화점":0,
            "아울렛몰":0,
            "대형마트":80,
            "은행":0,
            "병원":0,
            "종합병원":80,
            "공원":100,
            "혐오시설":0,
            "인프라총점":31.0,
            "초등학군":89.44,
            "중학군":37.18,
            "학군총점":47.632,
            "인구수":27.98,
            "인구증감":-11.88,
            "인구총점":16.022,
            "일자리":14.1,
            "소득수준":65.62,
            "일자리총점":29.556,
            "가치 총점":30.608,
            "매매실거래년":20211122.0,
            "매매실거래가":6700.0,
            "전세실거래년":20220113.0,
            "전세실거래가":4500.0,
            "전세가율":67.16,
            "장기전세가율평균":72.48,
            "전세가율거품지수":5.32,
            "검색코드":6002,
            "세대수":205.0,
            "준공년월":"1998-04-10",
            "준공년차":25.0,
            "가까운역이름":"NA",
            "가까운역거리":"NA",
            "역세권여부":"NA",
            "30분이내주요거점역":"NA",
            "1시간이내주요거점역":"NA",
            "3km이내백화점수":0,
            "5km이내아울렛몰수":0,
            "1km이내대형먀트수":1,
            "500m이내은행수":0,
            "500m이내병원수":0,
            "5km이내대형병원수":1,
            "500m이내공원수":6,
            "3km이내혐오시설수":0,
            "초등학교학업성취도":89.44,
            "중학교학업성취도":61.7,
            "용적률":253,
            "건폐율":23,
            "Y":34.896435,
            "X":128.699406,
            "rank":119.0,
            "area_info":"21평(70.22), 30평(99.62)",
            "last_sales":"2021-11-22,6700.0,21평(70.22)"
        },
        {
            "index":468,
            "아파트명":"옥림",
            "투자타입":"재건축",
            "전용면적(m2)":"29.22",
            "전용면적(평)":"8평",
            "법정동주소":"경상남도 거제시 장승포동 649-1",
            "도로명주소":"경상남도 거제시 마전1길 3",
            "세대수":90,
            "입주년차":"--",
            "용적률점수":0,
            "건폐율점수":0,
            "세대당주차수":"--",
            "난방방식":"--",
            "공급면적":50,
            "전용률":100,
            "욕실수":"--",
            "현관타입":"--",
            "주거총점":34.5,
            "지역구공급총점":0.0,
            "역세권":"NA",
            "30분내 이동가능 거점":"NA",
            "1시간내 이동가능 거점":"NA",
            "교통총점":"NA",
            "백화점":0,
            "아울렛몰":0,
            "대형마트":0,
            "은행":0,
            "병원":0,
            "종합병원":80,
            "공원":0,
            "혐오시설":0,
            "인프라총점":16.0,
            "초등학군":79.83,
            "중학군":40.7,
            "학군총점":48.526,
            "인구수":27.98,
            "인구증감":-11.88,
            "인구총점":16.022,
            "일자리":14.1,
            "소득수준":65.62,
            "일자리총점":29.556,
            "가치 총점":30.6065,
            "매매실거래년":20210715.0,
            "매매실거래가":5654.0,
            "전세실거래년":null,
            "전세실거래가":null,
            "전세가율":null,
            "장기전세가율평균":72.48,
            "전세가율거품지수":null,
            "검색코드":16523,
            "세대수":1300.0,
            "준공년월":"1983-01-15",
            "준공년차":40.0,
            "가까운역이름":"NA",
            "가까운역거리":"NA",
            "역세권여부":"NA",
            "30분이내주요거점역":"NA",
            "1시간이내주요거점역":"NA",
            "3km이내백화점수":0,
            "5km이내아울렛몰수":0,
            "1km이내대형먀트수":0,
            "500m이내은행수":0,
            "500m이내병원수":0,
            "5km이내대형병원수":1,
            "500m이내공원수":0,
            "3km이내혐오시설수":0,
            "초등학교학업성취도":79.83,
            "중학교학업성취도":67.3,
            "용적률":0,
            "건폐율":0,
            "Y":34.854658,
            "X":128.721536,
            "rank":120.0,
            "area_info":"8평(29.22), 10평(35.64), 10평(35.64), 12평(41.99), 12평(42.55), 13평(44.32), 13평(44.04)",
            "last_sales":"2021-07-15,5654.0,13평(44.32)"
        },
        {
            "index":422,
            "아파트명":"옥포혜성",
            "투자타입":"일반",
            "전용면적(m2)":"51.42",
            "전용면적(평)":"15평",
            "법정동주소":"경상남도 거제시 옥포동 877-1",
            "도로명주소":"경상남도 거제시 성산로 54",
            "세대수":50,
            "입주년차":0,
            "용적률점수":"--",
            "건폐율점수":"--",
            "세대당주차수":0,
            "난방방식":30,
            "공급면적":"--",
            "전용률":"--",
            "욕실수":50,
            "현관타입":10,
            "주거총점":26.5,
            "지역구공급총점":0.0,
            "역세권":"NA",
            "30분내 이동가능 거점":"NA",
            "1시간내 이동가능 거점":"NA",
            "교통총점":"NA",
            "백화점":0,
            "아울렛몰":0,
            "대형마트":0,
            "은행":0,
            "병원":0,
            "종합병원":100,
            "공원":100,
            "혐오시설":0,
            "인프라총점":23.0,
            "초등학군":89.44,
            "중학군":37.18,
            "학군총점":47.632,
            "인구수":27.98,
            "인구증감":-11.88,
            "인구총점":16.022,
            "일자리":14.1,
            "소득수준":65.62,
            "일자리총점":29.556,
            "가치 총점":30.383,
            "매매실거래년":20211126.0,
            "매매실거래가":10200.0,
            "전세실거래년":20200501.0,
            "전세실거래가":4000.0,
            "전세가율":67.8,
            "장기전세가율평균":72.48,
            "전세가율거품지수":4.68,
            "검색코드":15334,
            "세대수":498.0,
            "준공년월":"1994-11-12",
            "준공년차":29.0,
            "가까운역이름":"NA",
            "가까운역거리":"NA",
            "역세권여부":"NA",
            "30분이내주요거점역":"NA",
            "1시간이내주요거점역":"NA",
            "3km이내백화점수":0,
            "5km이내아울렛몰수":0,
            "1km이내대형먀트수":0,
            "500m이내은행수":0,
            "500m이내병원수":0,
            "5km이내대형병원수":2,
            "500m이내공원수":3,
            "3km이내혐오시설수":0,
            "초등학교학업성취도":89.44,
            "중학교학업성취도":61.7,
            "용적률":108,
            "건폐율":23,
            "Y":34.900606,
            "X":128.698249,
            "rank":121.0,
            "area_info":"15평(51.42), 20평(66.19)",
            "last_sales":"2021-11-26,10200.0,20평(66.19)"
        },
        {
            "index":215,
            "아파트명":"미광하이츠빌",
            "투자타입":"일반",
            "전용면적(m2)":"74.72",
            "전용면적(평)":"22평",
            "법정동주소":"경상남도 거제시 수월동 987-1",
            "도로명주소":"경상남도 거제시 해명로6길 19",
            "세대수":0,
            "입주년차":20,
            "용적률점수":"--",
            "건폐율점수":"--",
            "세대당주차수":0,
            "난방방식":30,
            "공급면적":"--",
            "전용률":"--",
            "욕실수":50,
            "현관타입":100,
            "주거총점":22.0,
            "지역구공급총점":0.0,
            "역세권":"NA",
            "30분내 이동가능 거점":"NA",
            "1시간내 이동가능 거점":"NA",
            "교통총점":"NA",
            "백화점":0,
            "아울렛몰":0,
            "대형마트":0,
            "은행":0,
            "병원":0,
            "종합병원":100,
            "공원":0,
            "혐오시설":0,
            "인프라총점":20.0,
            "초등학군":90.25,
            "중학군":50.76,
            "학군총점":58.658,
            "인구수":27.98,
            "인구증감":-11.88,
            "인구총점":16.022,
            "일자리":14.1,
            "소득수준":65.62,
            "일자리총점":29.556,
            "가치 총점":30.3645,
            "매매실거래년":20211130.0,
            "매매실거래가":9700.0,
            "전세실거래년":20211019.0,
            "전세실거래가":6900.0,
            "전세가율":106.15,
            "장기전세가율평균":72.48,
            "전세가율거품지수":-33.67,
            "검색코드":115988,
            "세대수":132.0,
            "준공년월":"2003-11-26",
            "준공년차":20.0,
            "가까운역이름":"NA",
            "가까운역거리":"NA",
            "역세권여부":"NA",
            "30분이내주요거점역":"NA",
            "1시간이내주요거점역":"NA",
            "3km이내백화점수":0,
            "5km이내아울렛몰수":0,
            "1km이내대형먀트수":0,
            "500m이내은행수":0,
            "500m이내병원수":1,
            "5km이내대형병원수":2,
            "500m이내공원수":0,
            "3km이내혐오시설수":0,
            "초등학교학업성취도":90.25,
            "중학교학업성취도":84.2,
            "용적률":170,
            "건폐율":17,
            "Y":34.894053,
            "X":128.6463,
            "rank":122.0,
            "area_info":"22평(74.72), 24평(79.4), 32평(105.97)",
            "last_sales":"2021-11-30,9700.0,32평(105.97)"
        },
        {
            "index":36,
            "아파트명":"고려6차",
            "투자타입":"일반",
            "전용면적(m2)":"71.94",
            "전용면적(평)":"21평",
            "법정동주소":"경상남도 거제시 고현동 1053",
            "도로명주소":"경상남도 거제시 중곡로2길 12",
            "세대수":0,
            "입주년차":0,
            "용적률점수":"--",
            "건폐율점수":"--",
            "세대당주차수":0,
            "난방방식":30,
            "공급면적":"--",
            "전용률":"--",
            "욕실수":50,
            "현관타입":100,
            "주거총점":18.0,
            "지역구공급총점":0.0,
            "역세권":"NA",
            "30분내 이동가능 거점":"NA",
            "1시간내 이동가능 거점":"NA",
            "교통총점":"NA",
            "백화점":0,
            "아울렛몰":0,
            "대형마트":0,
            "은행":0,
            "병원":30,
            "종합병원":100,
            "공원":100,
            "혐오시설":0,
            "인프라총점":26.0,
            "초등학군":88.35,
            "중학군":42.3,
            "학군총점":51.51,
            "인구수":27.98,
            "인구증감":-11.88,
            "인구총점":16.022,
            "일자리":14.1,
            "소득수준":65.62,
            "일자리총점":29.556,
            "가치 총점":29.5775,
            "매매실거래년":20211109.0,
            "매매실거래가":12200.0,
            "전세실거래년":20210821.0,
            "전세실거래가":10300.0,
            "전세가율":84.43,
            "장기전세가율평균":72.48,
            "전세가율거품지수":-11.95,
            "검색코드":16477,
            "세대수":258.0,
            "준공년월":"1997-12-01",
            "준공년차":26.0,
            "가까운역이름":"NA",
            "가까운역거리":"NA",
            "역세권여부":"NA",
            "30분이내주요거점역":"NA",
            "1시간이내주요거점역":"NA",
            "3km이내백화점수":0,
            "5km이내아울렛몰수":0,
            "1km이내대형먀트수":0,
            "500m이내은행수":0,
            "500m이내병원수":5,
            "5km이내대형병원수":2,
            "500m이내공원수":2,
            "3km이내혐오시설수":0,
            "초등학교학업성취도":88.35,
            "중학교학업성취도":70.5,
            "용적률":0,
            "건폐율":0,
            "Y":34.893251,
            "X":128.632158,
            "rank":123.0,
            "area_info":"21평(71.94), 26평(88.84), 29평(97.46)",
            "last_sales":"2021-11-09,12200.0,21평(71.94)"
        },
        {
            "index":224,
            "아파트명":"춘광한빛타운",
            "투자타입":"일반",
            "전용면적(m2)":"68.11",
            "전용면적(평)":"20평",
            "법정동주소":"경상남도 거제시 수월동 987",
            "도로명주소":"경상남도 거제시 해명로6길 11",
            "세대수":0,
            "입주년차":0,
            "용적률점수":"--",
            "건폐율점수":"--",
            "세대당주차수":0,
            "난방방식":30,
            "공급면적":"--",
            "전용률":"--",
            "욕실수":50,
            "현관타입":100,
            "주거총점":18.0,
            "지역구공급총점":0.0,
            "역세권":"NA",
            "30분내 이동가능 거점":"NA",
            "1시간내 이동가능 거점":"NA",
            "교통총점":"NA",
            "백화점":0,
            "아울렛몰":0,
            "대형마트":0,
            "은행":0,
            "병원":10,
            "종합병원":100,
            "공원":0,
            "혐오시설":0,
            "인프라총점":21.0,
            "초등학군":90.25,
            "중학군":50.76,
            "학군총점":58.658,
            "인구수":27.98,
            "인구증감":-11.88,
            "인구총점":16.022,
            "일자리":14.1,
            "소득수준":65.62,
            "일자리총점":29.556,
            "가치 총점":29.3645,
            "매매실거래년":20211029.0,
            "매매실거래가":8800.0,
            "전세실거래년":20210220.0,
            "전세실거래가":6000.0,
            "전세가율":71.01,
            "장기전세가율평균":72.48,
            "전세가율거품지수":1.47,
            "검색코드":5920,
            "세대수":296.0,
            "준공년월":"1998-01-20",
            "준공년차":25.0,
            "가까운역이름":"NA",
            "가까운역거리":"NA",
            "역세권여부":"NA",
            "30분이내주요거점역":"NA",
            "1시간이내주요거점역":"NA",
            "3km이내백화점수":0,
            "5km이내아울렛몰수":0,
            "1km이내대형먀트수":0,
            "500m이내은행수":0,
            "500m이내병원수":2,
            "5km이내대형병원수":2,
            "500m이내공원수":0,
            "3km이내혐오시설수":0,
            "초등학교학업성취도":90.25,
            "중학교학업성취도":84.2,
            "용적률":140,
            "건폐율":19,
            "Y":34.894343,
            "X":128.645635,
            "rank":124.0,
            "area_info":"20평(68.11), 21평(70.66)",
            "last_sales":"2021-10-29,8800.0,21평(70.66)"
        },
        {
            "index":63,
            "아파트명":"동헌",
            "투자타입":"일반",
            "전용면적(m2)":"69.82",
            "전용면적(평)":"21평",
            "법정동주소":"경상남도 거제시 고현동 994",
            "도로명주소":"경상남도 거제시 중곡2로4길 5-3",
            "세대수":0,
            "입주년차":0,
            "용적률점수":"--",
            "건폐율점수":"--",
            "세대당주차수":0,
            "난방방식":30,
            "공급면적":"--",
            "전용률":"--",
            "욕실수":50,
            "현관타입":100,
            "주거총점":18.0,
            "지역구공급총점":0.0,
            "역세권":"NA",
            "30분내 이동가능 거점":"NA",
            "1시간내 이동가능 거점":"NA",
            "교통총점":"NA",
            "백화점":0,
            "아울렛몰":0,
            "대형마트":0,
            "은행":0,
            "병원":30,
            "종합병원":100,
            "공원":80,
            "혐오시설":0,
            "인프라총점":25.4,
            "초등학군":88.35,
            "중학군":42.3,
            "학군총점":51.51,
            "인구수":27.98,
            "인구증감":-11.88,
            "인구총점":16.022,
            "일자리":14.1,
            "소득수준":65.62,
            "일자리총점":29.556,
            "가치 총점":29.3375,
            "매매실거래년":20211120.0,
            "매매실거래가":10000.0,
            "전세실거래년":20210112.0,
            "전세실거래가":9000.0,
            "전세가율":90.0,
            "장기전세가율평균":72.48,
            "전세가율거품지수":-17.52,
            "검색코드":15284,
            "세대수":180.0,
            "준공년월":"1996-12-01",
            "준공년차":27.0,
            "가까운역이름":"NA",
            "가까운역거리":"NA",
            "역세권여부":"NA",
            "30분이내주요거점역":"NA",
            "1시간이내주요거점역":"NA",
            "3km이내백화점수":0,
            "5km이내아울렛몰수":0,
            "1km이내대형먀트수":0,
            "500m이내은행수":0,
            "500m이내병원수":5,
            "5km이내대형병원수":2,
            "500m이내공원수":1,
            "3km이내혐오시설수":0,
            "초등학교학업성취도":88.35,
            "중학교학업성취도":70.5,
            "용적률":0,
            "건폐율":0,
            "Y":34.895294,
            "X":128.627622,
            "rank":125.0,
            "area_info":"21평(69.82), 28평(95.36), 29평(98.59)",
            "last_sales":"2021-11-20,10000.0,21평(69.82)"
        },
        {
            "index":457,
            "아파트명":"동성그린",
            "투자타입":"일반",
            "전용면적(m2)":"53.0",
            "전용면적(평)":"16평",
            "법정동주소":"경상남도 거제시 일운면 소동리 687",
            "도로명주소":"경상남도 거제시 반송재로 481-9",
            "세대수":50,
            "입주년차":20,
            "용적률점수":"--",
            "건폐율점수":"--",
            "세대당주차수":0,
            "난방방식":30,
            "공급면적":"--",
            "전용률":"--",
            "욕실수":50,
            "현관타입":10,
            "주거총점":30.5,
            "지역구공급총점":0.0,
            "역세권":"NA",
            "30분내 이동가능 거점":"NA",
            "1시간내 이동가능 거점":"NA",
            "교통총점":"NA",
            "백화점":0,
            "아울렛몰":0,
            "대형마트":0,
            "은행":0,
            "병원":0,
            "종합병원":80,
            "공원":0,
            "혐오시설":0,
            "인프라총점":16.0,
            "초등학군":91.9,
            "중학군":36.66,
            "학군총점":47.708,
            "인구수":27.98,
            "인구증감":-11.88,
            "인구총점":16.022,
            "일자리":14.1,
            "소득수준":65.62,
            "일자리총점":29.556,
            "가치 총점":29.002,
            "매매실거래년":20220111.0,
            "매매실거래가":3000.0,
            "전세실거래년":20210123.0,
            "전세실거래가":2000.0,
            "전세가율":66.67,
            "장기전세가율평균":72.48,
            "전세가율거품지수":5.81,
            "검색코드":109678,
            "세대수":495.0,
            "준공년월":"2000-10-28",
            "준공년차":23.0,
            "가까운역이름":"NA",
            "가까운역거리":"NA",
            "역세권여부":"NA",
            "30분이내주요거점역":"NA",
            "1시간이내주요거점역":"NA",
            "3km이내백화점수":0,
            "5km이내아울렛몰수":0,
            "1km이내대형먀트수":0,
            "500m이내은행수":0,
            "500m이내병원수":0,
            "5km이내대형병원수":1,
            "500m이내공원수":0,
            "3km이내혐오시설수":0,
            "초등학교학업성취도":91.9,
            "중학교학업성취도":60.1,
            "용적률":203,
            "건폐율":18,
            "Y":34.838476,
            "X":128.689042,
            "rank":126.0,
            "area_info":"16평(53.0), 21평(70.59), 21평(72.33)",
            "last_sales":"2022-01-11,3000.0,16평(53.0)"
        },
        {
            "index":520,
            "아파트명":"일성한빛타운",
            "투자타입":"일반",
            "전용면적(m2)":"70.49",
            "전용면적(평)":"21평",
            "법정동주소":"경상남도 거제시 장평동 726",
            "도로명주소":"경상남도 거제시 장평3로3길 41",
            "세대수":0,
            "입주년차":0,
            "용적률점수":"--",
            "건폐율점수":"--",
            "세대당주차수":0,
            "난방방식":30,
            "공급면적":"--",
            "전용률":"--",
            "욕실수":50,
            "현관타입":100,
            "주거총점":18.0,
            "지역구공급총점":0.0,
            "역세권":"NA",
            "30분내 이동가능 거점":"NA",
            "1시간내 이동가능 거점":"NA",
            "교통총점":"NA",
            "백화점":0,
            "아울렛몰":0,
            "대형마트":0,
            "은행":0,
            "병원":0,
            "종합병원":100,
            "공원":100,
            "혐오시설":0,
            "인프라총점":23.0,
            "초등학군":88.35,
            "중학군":43.88,
            "학군총점":52.774,
            "인구수":27.98,
            "인구증감":-11.88,
            "인구총점":16.022,
            "일자리":14.1,
            "소득수준":65.62,
            "일자리총점":29.556,
            "가치 총점":28.6935,
            "매매실거래년":20220117.0,
            "매매실거래가":9800.0,
            "전세실거래년":20220117.0,
            "전세실거래가":7500.0,
            "전세가율":111.94,
            "장기전세가율평균":72.48,
            "전세가율거품지수":-39.46,
            "검색코드":15297,
            "세대수":182.0,
            "준공년월":"1996-04-19",
            "준공년차":27.0,
            "가까운역이름":"NA",
            "가까운역거리":"NA",
            "역세권여부":"NA",
            "30분이내주요거점역":"NA",
            "1시간이내주요거점역":"NA",
            "3km이내백화점수":0,
            "5km이내아울렛몰수":0,
            "1km이내대형먀트수":0,
            "500m이내은행수":1,
            "500m이내병원수":0,
            "5km이내대형병원수":2,
            "500m이내공원수":4,
            "3km이내혐오시설수":0,
            "초등학교학업성취도":88.35,
            "중학교학업성취도":72.2,
            "용적률":241,
            "건폐율":25,
            "Y":34.890202,
            "X":128.604346,
            "rank":127.0,
            "area_info":"21평(70.49), 21평(70.45), 30평(100.79)",
            "last_sales":"2022-01-17,9800.0,30평(100.79)"
        },
        {
            "index":39,
            "아파트명":"고현삼도",
            "투자타입":"일반",
            "전용면적(m2)":"60.01",
            "전용면적(평)":"18평",
            "법정동주소":"경상남도 거제시 고현동 483",
            "도로명주소":"경상남도 거제시 계룡로8길 6",
            "세대수":0,
            "입주년차":0,
            "용적률점수":"--",
            "건폐율점수":"--",
            "세대당주차수":0,
            "난방방식":30,
            "공급면적":"--",
            "전용률":"--",
            "욕실수":50,
            "현관타입":100,
            "주거총점":18.0,
            "지역구공급총점":0.0,
            "역세권":"NA",
            "30분내 이동가능 거점":"NA",
            "1시간내 이동가능 거점":"NA",
            "교통총점":"NA",
            "백화점":0,
            "아울렛몰":0,
            "대형마트":0,
            "은행":0,
            "병원":0,
            "종합병원":100,
            "공원":100,
            "혐오시설":0,
            "인프라총점":23.0,
            "초등학군":88.28,
            "중학군":43.4,
            "학군총점":52.376,
            "인구수":27.98,
            "인구증감":-11.88,
            "인구총점":16.022,
            "일자리":14.1,
            "소득수준":65.62,
            "일자리총점":29.556,
            "가치 총점":28.594,
            "매매실거래년":20220111.0,
            "매매실거래가":10700.0,
            "전세실거래년":20131219.0,
            "전세실거래가":8000.0,
            "전세가율":102.56,
            "장기전세가율평균":72.48,
            "전세가율거품지수":-30.08,
            "검색코드":15286,
            "세대수":137.0,
            "준공년월":"1996-03-01",
            "준공년차":27.0,
            "가까운역이름":"NA",
            "가까운역거리":"NA",
            "역세권여부":"NA",
            "30분이내주요거점역":"NA",
            "1시간이내주요거점역":"NA",
            "3km이내백화점수":0,
            "5km이내아울렛몰수":0,
            "1km이내대형먀트수":0,
            "500m이내은행수":1,
            "500m이내병원수":1,
            "5km이내대형병원수":2,
            "500m이내공원수":2,
            "3km이내혐오시설수":0,
            "초등학교학업성취도":88.28,
            "중학교학업성취도":71.6,
            "용적률":0,
            "건폐율":0,
            "Y":34.878669,
            "X":128.624455,
            "rank":128.0,
            "area_info":"18평(60.01), 21평(69.76), 21평(69.57), 29평(99.11)",
            "last_sales":"2022-01-11,10700.0,29평(99.11)"
        },
        {
            "index":258,
            "아파트명":"광우보람맨션",
            "투자타입":"일반",
            "전용면적(m2)":"69.07",
            "전용면적(평)":"20평",
            "법정동주소":"경상남도 거제시 아주동 1657",
            "도로명주소":"경상남도 거제시 용소4길 5",
            "세대수":0,
            "입주년차":0,
            "용적률점수":"--",
            "건폐율점수":"--",
            "세대당주차수":0,
            "난방방식":30,
            "공급면적":"--",
            "전용률":"--",
            "욕실수":50,
            "현관타입":100,
            "주거총점":18.0,
            "지역구공급총점":0.0,
            "역세권":"NA",
            "30분내 이동가능 거점":"NA",
            "1시간내 이동가능 거점":"NA",
            "교통총점":"NA",
            "백화점":0,
            "아울렛몰":0,
            "대형마트":0,
            "은행":0,
            "병원":0,
            "종합병원":100,
            "공원":80,
            "혐오시설":0,
            "인프라총점":22.4,
            "초등학군":90.0,
            "중학군":43.6,
            "학군총점":52.88,
            "인구수":27.98,
            "인구증감":-11.88,
            "인구총점":16.022,
            "일자리":14.1,
            "소득수준":65.62,
            "일자리총점":29.556,
            "가치 총점":28.48,
            "매매실거래년":20220105.0,
            "매매실거래가":8300.0,
            "전세실거래년":20211025.0,
            "전세실거래가":5500.0,
            "전세가율":100.0,
            "장기전세가율평균":72.48,
            "전세가율거품지수":-27.52,
            "검색코드":5934,
            "세대수":178.0,
            "준공년월":"1997-12-26",
            "준공년차":26.0,
            "가까운역이름":"NA",
            "가까운역거리":"NA",
            "역세권여부":"NA",
            "30분이내주요거점역":"NA",
            "1시간이내주요거점역":"NA",
            "3km이내백화점수":0,
            "5km이내아울렛몰수":0,
            "1km이내대형먀트수":0,
            "500m이내은행수":0,
            "500m이내병원수":1,
            "5km이내대형병원수":2,
            "500m이내공원수":1,
            "3km이내혐오시설수":0,
            "초등학교학업성취도":90.0,
            "중학교학업성취도":72.0,
            "용적률":270,
            "건폐율":29,
            "Y":34.874778,
            "X":128.688405,
            "rank":129.0,
            "area_info":"20평(69.07), 23평(78.75), 24평(80.03), 26평(87.27), 27평(90.07), 29평(97.81)",
            "last_sales":"2022-01-05,8300.0,29평(97.81)"
        },
        {
            "index":404,
            "아파트명":"신원심포니하우스",
            "투자타입":"일반",
            "전용면적(m2)":"49.12",
            "전용면적(평)":"14평",
            "법정동주소":"경상남도 거제시 옥포동 1265-5",
            "도로명주소":"경상남도 거제시 옥포로 365",
            "세대수":0,
            "입주년차":20,
            "용적률점수":"--",
            "건폐율점수":"--",
            "세대당주차수":0,
            "난방방식":30,
            "공급면적":"--",
            "전용률":"--",
            "욕실수":50,
            "현관타입":100,
            "주거총점":22.0,
            "지역구공급총점":0.0,
            "역세권":"NA",
            "30분내 이동가능 거점":"NA",
            "1시간내 이동가능 거점":"NA",
            "교통총점":"NA",
            "백화점":0,
            "아울렛몰":0,
            "대형마트":0,
            "은행":0,
            "병원":0,
            "종합병원":100,
            "공원":80,
            "혐오시설":0,
            "인프라총점":22.4,
            "초등학군":87.28,
            "중학군":37.18,
            "학군총점":47.2,
            "인구수":27.98,
            "인구증감":-11.88,
            "인구총점":16.022,
            "일자리":14.1,
            "소득수준":65.62,
            "일자리총점":29.556,
            "가치 총점":28.46,
            "매매실거래년":20210823.0,
            "매매실거래가":9000.0,
            "전세실거래년":20110922.0,
            "전세실거래가":5000.0,
            "전세가율":78.12,
            "장기전세가율평균":72.48,
            "전세가율거품지수":-5.64,
            "검색코드":102423,
            "세대수":212.0,
            "준공년월":"2001-01-16",
            "준공년차":22.0,
            "가까운역이름":"NA",
            "가까운역거리":"NA",
            "역세권여부":"NA",
            "30분이내주요거점역":"NA",
            "1시간이내주요거점역":"NA",
            "3km이내백화점수":0,
            "5km이내아울렛몰수":0,
            "1km이내대형먀트수":0,
            "500m이내은행수":0,
            "500m이내병원수":0,
            "5km이내대형병원수":2,
            "500m이내공원수":1,
            "3km이내혐오시설수":0,
            "초등학교학업성취도":87.28,
            "중학교학업성취도":61.7,
            "용적률":266,
            "건폐율":23,
            "Y":34.903076,
            "X":128.685631,
            "rank":130.0,
            "area_info":"14평(49.12), 22평(73.31), 23평(77.9), 23평(78.43), 28평(93.66), 31평(103.15)",
            "last_sales":"2021-08-23,9000.0,31평(103.15)"
        },
        {
            "index":300,
            "아파트명":"혜성골든타운",
            "투자타입":"일반",
            "전용면적(m2)":"62.24",
            "전용면적(평)":"18평",
            "법정동주소":"경상남도 거제시 아주동 320-22",
            "도로명주소":"경상남도 거제시 탑곡로 80",
            "세대수":0,
            "입주년차":0,
            "용적률점수":"--",
            "건폐율점수":"--",
            "세대당주차수":0,
            "난방방식":30,
            "공급면적":"--",
            "전용률":"--",
            "욕실수":50,
            "현관타입":100,
            "주거총점":18.0,
            "지역구공급총점":0.0,
            "역세권":"NA",
            "30분내 이동가능 거점":"NA",
            "1시간내 이동가능 거점":"NA",
            "교통총점":"NA",
            "백화점":0,
            "아울렛몰":0,
            "대형마트":0,
            "은행":0,
            "병원":10,
            "종합병원":80,
            "공원":80,
            "혐오시설":0,
            "인프라총점":19.4,
            "초등학군":88.4,
            "중학군":49.48,
            "학군총점":57.264,
            "인구수":27.98,
            "인구증감":-11.88,
            "인구총점":16.022,
            "일자리":14.1,
            "소득수준":65.62,
            "일자리총점":29.556,
            "가치 총점":28.376,
            "매매실거래년":20220111.0,
            "매매실거래가":4800.0,
            "전세실거래년":20211228.0,
            "전세실거래가":4000.0,
            "전세가율":83.33,
            "장기전세가율평균":72.48,
            "전세가율거품지수":-10.85,
            "검색코드":5941,
            "세대수":207.0,
            "준공년월":"1993-02-09",
            "준공년차":30.0,
            "가까운역이름":"NA",
            "가까운역거리":"NA",
            "역세권여부":"NA",
            "30분이내주요거점역":"NA",
            "1시간이내주요거점역":"NA",
            "3km이내백화점수":0,
            "5km이내아울렛몰수":0,
            "1km이내대형먀트수":0,
            "500m이내은행수":0,
            "500m이내병원수":3,
            "5km이내대형병원수":1,
            "500m이내공원수":1,
            "3km이내혐오시설수":0,
            "초등학교학업성취도":88.4,
            "중학교학업성취도":82.0,
            "용적률":0,
            "건폐율":0,
            "Y":34.863234,
            "X":128.69148,
            "rank":131.0,
            "area_info":"18평(62.24), 24평(81.72), 26평(88.68), 28평(95.13)",
            "last_sales":"2022-01-11,4800.0,18평(62.24)"
        },
        {
            "index":83,
            "아파트명":"능포대우",
            "투자타입":"재건축",
            "전용면적(m2)":"41.98",
            "전용면적(평)":"12평",
            "법정동주소":"경상남도 거제시 능포동 449",
            "도로명주소":"경상남도 거제시 능포로 199",
            "세대수":50,
            "입주년차":"--",
            "용적률점수":0,
            "건폐율점수":0,
            "세대당주차수":"--",
            "난방방식":"--",
            "공급면적":50,
            "전용률":80,
            "욕실수":"--",
            "현관타입":"--",
            "주거총점":21.5,
            "지역구공급총점":0.0,
            "역세권":"NA",
            "30분내 이동가능 거점":"NA",
            "1시간내 이동가능 거점":"NA",
            "교통총점":"NA",
            "백화점":0,
            "아울렛몰":0,
            "대형마트":0,
            "은행":0,
            "병원":0,
            "종합병원":80,
            "공원":100,
            "혐오시설":0,
            "인프라총점":19.0,
            "초등학군":91.45,
            "중학군":40.7,
            "학군총점":50.85,
            "인구수":27.98,
            "인구증감":-11.88,
            "인구총점":16.022,
            "일자리":14.1,
            "소득수준":65.62,
            "일자리총점":29.556,
            "가치 총점":27.8375,
            "매매실거래년":20220115.0,
            "매매실거래가":5500.0,
            "전세실거래년":20150512.0,
            "전세실거래가":3500.0,
            "전세가율":70.0,
            "장기전세가율평균":72.48,
            "전세가율거품지수":2.48,
            "검색코드":16471,
            "세대수":680.0,
            "준공년월":"1981101",
            "준공년차":42.0,
            "가까운역이름":"NA",
            "가까운역거리":"NA",
            "역세권여부":"NA",
            "30분이내주요거점역":"NA",
            "1시간이내주요거점역":"NA",
            "3km이내백화점수":0,
            "5km이내아울렛몰수":0,
            "1km이내대형먀트수":0,
            "500m이내은행수":0,
            "500m이내병원수":0,
            "5km이내대형병원수":1,
            "500m이내공원수":2,
            "3km이내혐오시설수":0,
            "초등학교학업성취도":91.45,
            "중학교학업성취도":67.3,
            "용적률":0,
            "건폐율":0,
            "Y":34.881902,
            "X":128.734715,
            "rank":132.0,
            "area_info":"12평(41.98), 12평(41.55), 12평(42.11), 12평(42.54)",
            "last_sales":"2022-01-15,5500.0,12평(42.11)"
        },
        {
            "index":349,
            "아파트명":"거송보라맨션",
            "투자타입":"일반",
            "전용면적(m2)":"71.55",
            "전용면적(평)":"21평",
            "법정동주소":"경상남도 거제시 옥포동 1272-1",
            "도로명주소":"경상남도 거제시 진목2길 82",
            "세대수":0,
            "입주년차":0,
            "용적률점수":"--",
            "건폐율점수":"--",
            "세대당주차수":0,
            "난방방식":30,
            "공급면적":"--",
            "전용률":"--",
            "욕실수":50,
            "현관타입":100,
            "주거총점":18.0,
            "지역구공급총점":0.0,
            "역세권":"NA",
            "30분내 이동가능 거점":"NA",
            "1시간내 이동가능 거점":"NA",
            "교통총점":"NA",
            "백화점":0,
            "아울렛몰":0,
            "대형마트":0,
            "은행":0,
            "병원":0,
            "종합병원":100,
            "공원":100,
            "혐오시설":0,
            "인프라총점":23.0,
            "초등학군":87.28,
            "중학군":37.18,
            "학군총점":47.2,
            "인구수":27.98,
            "인구증감":-11.88,
            "인구총점":16.022,
            "일자리":14.1,
            "소득수준":65.62,
            "일자리총점":29.556,
            "가치 총점":27.3,
            "매매실거래년":20211210.0,
            "매매실거래가":5850.0,
            "전세실거래년":20210924.0,
            "전세실거래가":4000.0,
            "전세가율":68.38,
            "장기전세가율평균":72.48,
            "전세가율거품지수":4.1,
            "검색코드":5958,
            "세대수":226.0,
            "준공년월":"1994-01-27",
            "준공년차":29.0,
            "가까운역이름":"NA",
            "가까운역거리":"NA",
            "역세권여부":"NA",
            "30분이내주요거점역":"NA",
            "1시간이내주요거점역":"NA",
            "3km이내백화점수":0,
            "5km이내아울렛몰수":0,
            "1km이내대형먀트수":0,
            "500m이내은행수":0,
            "500m이내병원수":0,
            "5km이내대형병원수":2,
            "500m이내공원수":2,
            "3km이내혐오시설수":0,
            "초등학교학업성취도":87.28,
            "중학교학업성취도":61.7,
            "용적률":191,
            "건폐율":15,
            "Y":34.901395,
            "X":128.683199,
            "rank":133.0,
            "area_info":"21평(71.55), 28평(95.8)",
            "last_sales":"2021-12-10,5850.0,21평(71.55)"
        },
        {
            "index":145,
            "아파트명":"덕진봄",
            "투자타입":"일반",
            "전용면적(m2)":"58.08",
            "전용면적(평)":"17평",
            "법정동주소":"경상남도 거제시 사등면 지석리 1224-1",
            "도로명주소":"경상남도 거제시 지석2길 47",
            "세대수":30,
            "입주년차":60,
            "용적률점수":"--",
            "건폐율점수":"--",
            "세대당주차수":0,
            "난방방식":30,
            "공급면적":"--",
            "전용률":"--",
            "욕실수":50,
            "현관타입":10,
            "주거총점":31.5,
            "지역구공급총점":0.0,
            "역세권":"NA",
            "30분내 이동가능 거점":"NA",
            "1시간내 이동가능 거점":"NA",
            "교통총점":"NA",
            "백화점":0,
            "아울렛몰":0,
            "대형마트":80,
            "은행":0,
            "병원":0,
            "종합병원":0,
            "공원":0,
            "혐오시설":0,
            "인프라총점":12.0,
            "초등학군":82.79,
            "중학군":35.4,
            "학군총점":44.878,
            "인구수":27.98,
            "인구증감":-11.88,
            "인구총점":16.022,
            "일자리":14.1,
            "소득수준":65.62,
            "일자리총점":29.556,
            "가치 총점":27.0445,
            "매매실거래년":20211216.0,
            "매매실거래가":8900.0,
            "전세실거래년":20200209.0,
            "전세실거래가":1200.0,
            "전세가율":13.79,
            "장기전세가율평균":72.48,
            "전세가율거품지수":58.69,
            "검색코드":119645,
            "세대수":336.0,
            "준공년월":"2011-01-25",
            "준공년차":12.0,
            "가까운역이름":"NA",
            "가까운역거리":"NA",
            "역세권여부":"NA",
            "30분이내주요거점역":"NA",
            "1시간이내주요거점역":"NA",
            "3km이내백화점수":0,
            "5km이내아울렛몰수":0,
            "1km이내대형먀트수":1,
            "500m이내은행수":0,
            "500m이내병원수":0,
            "5km이내대형병원수":0,
            "500m이내공원수":0,
            "3km이내혐오시설수":0,
            "초등학교학업성취도":82.79,
            "중학교학업성취도":59.0,
            "용적률":199,
            "건폐율":23,
            "Y":34.907683,
            "X":128.511954,
            "rank":134.0,
            "area_info":"17평(58.08), 20평(66.37), 20평(66.37), 23평(77.98)",
            "last_sales":"2021-12-16,8900.0,23평(77.98)"
        },
        {
            "index":275,
            "아파트명":"미진참사랑",
            "투자타입":"일반",
            "전용면적(m2)":"64.56",
            "전용면적(평)":"19평",
            "법정동주소":"경상남도 거제시 아주동 370-1",
            "도로명주소":"경상남도 거제시 탑곡로2길 17",
            "세대수":0,
            "입주년차":20,
            "용적률점수":"--",
            "건폐율점수":"--",
            "세대당주차수":0,
            "난방방식":30,
            "공급면적":"--",
            "전용률":"--",
            "욕실수":50,
            "현관타입":10,
            "주거총점":13.0,
            "지역구공급총점":0.0,
            "역세권":"NA",
            "30분내 이동가능 거점":"NA",
            "1시간내 이동가능 거점":"NA",
            "교통총점":"NA",
            "백화점":0,
            "아울렛몰":0,
            "대형마트":0,
            "은행":0,
            "병원":10,
            "종합병원":80,
            "공원":80,
            "혐오시설":0,
            "인프라총점":19.4,
            "초등학군":88.4,
            "중학군":49.48,
            "학군총점":57.264,
            "인구수":27.98,
            "인구증감":-11.88,
            "인구총점":16.022,
            "일자리":14.1,
            "소득수준":65.62,
            "일자리총점":29.556,
            "가치 총점":26.626,
            "매매실거래년":20211218.0,
            "매매실거래가":6400.0,
            "전세실거래년":20210614.0,
            "전세실거래가":5000.0,
            "전세가율":78.12,
            "장기전세가율평균":72.48,
            "전세가율거품지수":-5.64,
            "검색코드":106385,
            "세대수":218.0,
            "준공년월":"2001-09-25",
            "준공년차":22.0,
            "가까운역이름":"NA",
            "가까운역거리":"NA",
            "역세권여부":"NA",
            "30분이내주요거점역":"NA",
            "1시간이내주요거점역":"NA",
            "3km이내백화점수":0,
            "5km이내아울렛몰수":0,
            "1km이내대형먀트수":0,
            "500m이내은행수":0,
            "500m이내병원수":3,
            "5km이내대형병원수":1,
            "500m이내공원수":1,
            "3km이내혐오시설수":0,
            "초등학교학업성취도":88.4,
            "중학교학업성취도":82.0,
            "용적률":0,
            "건폐율":0,
            "Y":34.864311,
            "X":128.69395,
            "rank":135.0,
            "area_info":"19평(64.56), 22평(72.77)",
            "last_sales":"2021-12-18,6400.0,19평(64.56)"
        },
        {
            "index":95,
            "아파트명":"미진그린타워",
            "투자타입":"일반",
            "전용면적(m2)":"67.54",
            "전용면적(평)":"20평",
            "법정동주소":"경상남도 거제시 능포동 357-17",
            "도로명주소":"경상남도 거제시 장승포해안로 306",
            "세대수":0,
            "입주년차":0,
            "용적률점수":"--",
            "건폐율점수":"--",
            "세대당주차수":0,
            "난방방식":30,
            "공급면적":"--",
            "전용률":"--",
            "욕실수":50,
            "현관타입":100,
            "주거총점":18.0,
            "지역구공급총점":0.0,
            "역세권":"NA",
            "30분내 이동가능 거점":"NA",
            "1시간내 이동가능 거점":"NA",
            "교통총점":"NA",
            "백화점":0,
            "아울렛몰":0,
            "대형마트":0,
            "은행":0,
            "병원":30,
            "종합병원":80,
            "공원":0,
            "혐오시설":0,
            "인프라총점":19.0,
            "초등학군":91.45,
            "중학군":40.7,
            "학군총점":50.85,
            "인구수":27.98,
            "인구증감":-11.88,
            "인구총점":16.022,
            "일자리":14.1,
            "소득수준":65.62,
            "일자리총점":29.556,
            "가치 총점":26.6125,
            "매매실거래년":20210819.0,
            "매매실거래가":4600.0,
            "전세실거래년":20191123.0,
            "전세실거래가":3500.0,
            "전세가율":76.09,
            "장기전세가율평균":72.48,
            "전세가율거품지수":-3.61,
            "검색코드":5825,
            "세대수":100.0,
            "준공년월":"1996-11-21",
            "준공년차":27.0,
            "가까운역이름":"NA",
            "가까운역거리":"NA",
            "역세권여부":"NA",
            "30분이내주요거점역":"NA",
            "1시간이내주요거점역":"NA",
            "3km이내백화점수":0,
            "5km이내아울렛몰수":0,
            "1km이내대형먀트수":0,
            "500m이내은행수":0,
            "500m이내병원수":5,
            "5km이내대형병원수":1,
            "500m이내공원수":0,
            "3km이내혐오시설수":0,
            "초등학교학업성취도":91.45,
            "중학교학업성취도":67.3,
            "용적률":202,
            "건폐율":19,
            "Y":34.87811,
            "X":128.73448,
            "rank":136.0,
            "area_info":"20평(67.54), 21평(70.69), 28평(94.71)",
            "last_sales":"2021-08-19,4600.0,20평(67.54)"
        },
        {
            "index":464,
            "아파트명":"영승한마음타운",
            "투자타입":"일반",
            "전용면적(m2)":"73.33",
            "전용면적(평)":"22평",
            "법정동주소":"경상남도 거제시 장승포동 578-1",
            "도로명주소":"경상남도 거제시 마전5길 8-2",
            "세대수":0,
            "입주년차":0,
            "용적률점수":"--",
            "건폐율점수":"--",
            "세대당주차수":0,
            "난방방식":80,
            "공급면적":"--",
            "전용률":"--",
            "욕실수":50,
            "현관타입":100,
            "주거총점":23.0,
            "지역구공급총점":0.0,
            "역세권":"NA",
            "30분내 이동가능 거점":"NA",
            "1시간내 이동가능 거점":"NA",
            "교통총점":"NA",
            "백화점":0,
            "아울렛몰":0,
            "대형마트":0,
            "은행":0,
            "병원":0,
            "종합병원":80,
            "공원":0,
            "혐오시설":0,
            "인프라총점":16.0,
            "초등학군":79.83,
            "중학군":40.7,
            "학군총점":48.526,
            "인구수":27.98,
            "인구증감":-11.88,
            "인구총점":16.022,
            "일자리":14.1,
            "소득수준":65.62,
            "일자리총점":29.556,
            "가치 총점":26.5815,
            "매매실거래년":20211224.0,
            "매매실거래가":4350.0,
            "전세실거래년":20190821.0,
            "전세실거래가":3000.0,
            "전세가율":68.97,
            "장기전세가율평균":72.48,
            "전세가율거품지수":3.51,
            "검색코드":6045,
            "세대수":176.0,
            "준공년월":"1997-04-21",
            "준공년차":26.0,
            "가까운역이름":"NA",
            "가까운역거리":"NA",
            "역세권여부":"NA",
            "30분이내주요거점역":"NA",
            "1시간이내주요거점역":"NA",
            "3km이내백화점수":0,
            "5km이내아울렛몰수":0,
            "1km이내대형먀트수":0,
            "500m이내은행수":0,
            "500m이내병원수":0,
            "5km이내대형병원수":1,
            "500m이내공원수":0,
            "3km이내혐오시설수":0,
            "초등학교학업성취도":79.83,
            "중학교학업성취도":67.3,
            "용적률":250,
            "건폐율":15,
            "Y":34.86198,
            "X":128.72232,
            "rank":137.0,
            "area_info":"22평(73.33), 22평(73.94), 23평(77.25), 27평(90.43)",
            "last_sales":"2021-12-24,4350.0,22평(73.33)"
        },
        {
            "index":368,
            "아파트명":"덕산3차",
            "투자타입":"재건축",
            "전용면적(m2)":"63.8",
            "전용면적(평)":"19평",
            "법정동주소":"경상남도 거제시 옥포동 1284-1",
            "도로명주소":"경상남도 거제시 옥포로 293-1",
            "세대수":0,
            "입주년차":"--",
            "용적률점수":0,
            "건폐율점수":40,
            "세대당주차수":"--",
            "난방방식":"--",
            "공급면적":50,
            "전용률":100,
            "욕실수":"--",
            "현관타입":"--",
            "주거총점":15.5,
            "지역구공급총점":0.0,
            "역세권":"NA",
            "30분내 이동가능 거점":"NA",
            "1시간내 이동가능 거점":"NA",
            "교통총점":"NA",
            "백화점":0,
            "아울렛몰":0,
            "대형마트":0,
            "은행":0,
            "병원":0,
            "종합병원":100,
            "공원":100,
            "혐오시설":0,
            "인프라총점":23.0,
            "초등학군":87.28,
            "중학군":37.18,
            "학군총점":47.2,
            "인구수":27.98,
            "인구증감":-11.88,
            "인구총점":16.022,
            "일자리":14.1,
            "소득수준":65.62,
            "일자리총점":29.556,
            "가치 총점":26.425,
            "매매실거래년":20211207.0,
            "매매실거래가":7000.0,
            "전세실거래년":20200704.0,
            "전세실거래가":2000.0,
            "전세가율":27.78,
            "장기전세가율평균":72.48,
            "전세가율거품지수":44.7,
            "검색코드":5977,
            "세대수":290.0,
            "준공년월":"1990-05-01",
            "준공년차":33.0,
            "가까운역이름":"NA",
            "가까운역거리":"NA",
            "역세권여부":"NA",
            "30분이내주요거점역":"NA",
            "1시간이내주요거점역":"NA",
            "3km이내백화점수":0,
            "5km이내아울렛몰수":0,
            "1km이내대형먀트수":0,
            "500m이내은행수":0,
            "500m이내병원수":0,
            "5km이내대형병원수":2,
            "500m이내공원수":4,
            "3km이내혐오시설수":0,
            "초등학교학업성취도":87.28,
            "중학교학업성취도":61.7,
            "용적률":450,
            "건폐율":35,
            "Y":34.899165,
            "X":128.685369,
            "rank":138.0,
            "area_info":"19평(63.8), 20평(66.26), 20평(66.85)",
            "last_sales":"2021-12-07,7000.0,20평(66.26)"
        },
        {
            "index":128,
            "아파트명":"대아푸른솔마을",
            "투자타입":"일반",
            "전용면적(m2)":"60.37",
            "전용면적(평)":"18평",
            "법정동주소":"경상남도 거제시 문동동 661",
            "도로명주소":"경상남도 거제시 거제중앙로 1509-22",
            "세대수":0,
            "입주년차":20,
            "용적률점수":"--",
            "건폐율점수":"--",
            "세대당주차수":0,
            "난방방식":30,
            "공급면적":"--",
            "전용률":"--",
            "욕실수":50,
            "현관타입":10,
            "주거총점":13.0,
            "지역구공급총점":0.0,
            "역세권":"NA",
            "30분내 이동가능 거점":"NA",
            "1시간내 이동가능 거점":"NA",
            "교통총점":"NA",
            "백화점":0,
            "아울렛몰":0,
            "대형마트":0,
            "은행":0,
            "병원":0,
            "종합병원":100,
            "공원":0,
            "혐오시설":0,
            "인프라총점":20.0,
            "초등학군":89.42,
            "중학군":43.4,
            "학군총점":52.604,
            "인구수":27.98,
            "인구증감":-11.88,
            "인구총점":16.022,
            "일자리":14.1,
            "소득수준":65.62,
            "일자리총점":29.556,
            "가치 총점":25.701,
            "매매실거래년":20211105.0,
            "매매실거래가":9600.0,
            "전세실거래년":20210729.0,
            "전세실거래가":3000.0,
            "전세가율":53.57,
            "장기전세가율평균":72.48,
            "전세가율거품지수":18.91,
            "검색코드":15305,
            "세대수":292.0,
            "준공년월":"2002-02-05",
            "준공년차":21.0,
            "가까운역이름":"NA",
            "가까운역거리":"NA",
            "역세권여부":"NA",
            "30분이내주요거점역":"NA",
            "1시간이내주요거점역":"NA",
            "3km이내백화점수":0,
            "5km이내아울렛몰수":0,
            "1km이내대형먀트수":0,
            "500m이내은행수":0,
            "500m이내병원수":0,
            "5km이내대형병원수":2,
            "500m이내공원수":0,
            "3km이내혐오시설수":0,
            "초등학교학업성취도":89.42,
            "중학교학업성취도":71.6,
            "용적률":183,
            "건폐율":15,
            "Y":34.857267,
            "X":128.643792,
            "rank":139.0,
            "area_info":"18평(60.37), 21평(70.72), 26평(87.21), 30평(100.1)",
            "last_sales":"2021-11-05,9600.0,30평(100.1)"
        },
        {
            "index":98,
            "아파트명":"성수",
            "투자타입":"일반",
            "전용면적(m2)":"75.36",
            "전용면적(평)":"22평",
            "법정동주소":"경상남도 거제시 능포동 633-230",
            "도로명주소":"경상남도 거제시 옥수로8길 31",
            "세대수":0,
            "입주년차":0,
            "용적률점수":"--",
            "건폐율점수":"--",
            "세대당주차수":0,
            "난방방식":80,
            "공급면적":"--",
            "전용률":"--",
            "욕실수":50,
            "현관타입":10,
            "주거총점":14.0,
            "지역구공급총점":0.0,
            "역세권":"NA",
            "30분내 이동가능 거점":"NA",
            "1시간내 이동가능 거점":"NA",
            "교통총점":"NA",
            "백화점":0,
            "아울렛몰":0,
            "대형마트":0,
            "은행":0,
            "병원":30,
            "종합병원":80,
            "공원":0,
            "혐오시설":0,
            "인프라총점":19.0,
            "초등학군":91.45,
            "중학군":40.7,
            "학군총점":50.85,
            "인구수":27.98,
            "인구증감":-11.88,
            "인구총점":16.022,
            "일자리":14.1,
            "소득수준":65.62,
            "일자리총점":29.556,
            "가치 총점":25.2125,
            "매매실거래년":20211110.0,
            "매매실거래가":8000.0,
            "전세실거래년":null,
            "전세실거래가":null,
            "전세가율":null,
            "장기전세가율평균":72.48,
            "전세가율거품지수":null,
            "검색코드":5832,
            "세대수":169.0,
            "준공년월":"1993-12-21",
            "준공년차":30.0,
            "가까운역이름":"NA",
            "가까운역거리":"NA",
            "역세권여부":"NA",
            "30분이내주요거점역":"NA",
            "1시간이내주요거점역":"NA",
            "3km이내백화점수":0,
            "5km이내아울렛몰수":0,
            "1km이내대형먀트수":0,
            "500m이내은행수":0,
            "500m이내병원수":5,
            "5km이내대형병원수":1,
            "500m이내공원수":0,
            "3km이내혐오시설수":0,
            "초등학교학업성취도":91.45,
            "중학교학업성취도":67.3,
            "용적률":193,
            "건폐율":20,
            "Y":34.8776,
            "X":128.72912,
            "rank":140.0,
            "area_info":"22평(75.36), 25평(84.48), 31평(102.76)",
            "last_sales":"2021-11-10,8000.0,31평(102.76)"
        },
        {
            "index":285,
            "아파트명":"시영",
            "투자타입":"재건축",
            "전용면적(m2)":"58.88",
            "전용면적(평)":"17평",
            "법정동주소":"경상남도 거제시 아주동 320-4",
            "도로명주소":"경상남도 거제시 탑곡로4길 15",
            "세대수":0,
            "입주년차":"--",
            "용적률점수":0,
            "건폐율점수":0,
            "세대당주차수":"--",
            "난방방식":"--",
            "공급면적":50,
            "전용률":80,
            "욕실수":"--",
            "현관타입":"--",
            "주거총점":6.5,
            "지역구공급총점":0.0,
            "역세권":"NA",
            "30분내 이동가능 거점":"NA",
            "1시간내 이동가능 거점":"NA",
            "교통총점":"NA",
            "백화점":0,
            "아울렛몰":0,
            "대형마트":0,
            "은행":0,
            "병원":30,
            "종합병원":80,
            "공원":80,
            "혐오시설":0,
            "인프라총점":21.4,
            "초등학군":88.4,
            "중학군":49.48,
            "학군총점":57.264,
            "인구수":27.98,
            "인구증감":-11.88,
            "인구총점":16.022,
            "일자리":14.1,
            "소득수준":65.62,
            "일자리총점":29.556,
            "가치 총점":25.151,
            "매매실거래년":20211109.0,
            "매매실거래가":4300.0,
            "전세실거래년":20210723.0,
            "전세실거래가":4000.0,
            "전세가율":93.02,
            "장기전세가율평균":72.48,
            "전세가율거품지수":-20.54,
            "검색코드":15315,
            "세대수":100.0,
            "준공년월":"1992-05-01",
            "준공년차":31.0,
            "가까운역이름":"NA",
            "가까운역거리":"NA",
            "역세권여부":"NA",
            "30분이내주요거점역":"NA",
            "1시간이내주요거점역":"NA",
            "3km이내백화점수":0,
            "5km이내아울렛몰수":0,
            "1km이내대형먀트수":0,
            "500m이내은행수":0,
            "500m이내병원수":5,
            "5km이내대형병원수":1,
            "500m이내공원수":1,
            "3km이내혐오시설수":0,
            "초등학교학업성취도":88.4,
            "중학교학업성취도":82.0,
            "용적률":0,
            "건폐율":0,
            "Y":34.864025,
            "X":128.691957,
            "rank":141.0,
            "area_info":"17평(58.88), 17평(59.16)",
            "last_sales":"2021-11-09,4300.0,17평(58.88)"
        },
        {
            "index":451,
            "아파트명":"거원비취맨션",
            "투자타입":"재건축",
            "전용면적(m2)":"70.56",
            "전용면적(평)":"21평",
            "법정동주소":"경상남도 거제시 일운면 지세포리 756",
            "도로명주소":"경상남도 거제시 거제대로 2454-6",
            "세대수":0,
            "입주년차":"--",
            "용적률점수":0,
            "건폐율점수":80,
            "세대당주차수":"--",
            "난방방식":"--",
            "공급면적":50,
            "전용률":80,
            "욕실수":"--",
            "현관타입":"--",
            "주거총점":22.5,
            "지역구공급총점":0.0,
            "역세권":"NA",
            "30분내 이동가능 거점":"NA",
            "1시간내 이동가능 거점":"NA",
            "교통총점":"NA",
            "백화점":0,
            "아울렛몰":0,
            "대형마트":80,
            "은행":0,
            "병원":10,
            "종합병원":0,
            "공원":0,
            "혐오시설":0,
            "인프라총점":13.0,
            "초등학군":91.9,
            "중학군":36.66,
            "학군총점":47.708,
            "인구수":27.98,
            "인구증감":-11.88,
            "인구총점":16.022,
            "일자리":14.1,
            "소득수준":65.62,
            "일자리총점":29.556,
            "가치 총점":25.002,
            "매매실거래년":20211115.0,
            "매매실거래가":10200.0,
            "전세실거래년":20210730.0,
            "전세실거래가":6300.0,
            "전세가율":87.5,
            "장기전세가율평균":72.48,
            "전세가율거품지수":-15.02,
            "검색코드":6052,
            "세대수":104.0,
            "준공년월":"1992-01-31",
            "준공년차":31.0,
            "가까운역이름":"NA",
            "가까운역거리":"NA",
            "역세권여부":"NA",
            "30분이내주요거점역":"NA",
            "1시간이내주요거점역":"NA",
            "3km이내백화점수":0,
            "5km이내아울렛몰수":0,
            "1km이내대형먀트수":1,
            "500m이내은행수":0,
            "500m이내병원수":4,
            "5km이내대형병원수":0,
            "500m이내공원수":0,
            "3km이내혐오시설수":0,
            "초등학교학업성취도":91.9,
            "중학교학업성취도":60.1,
            "용적률":333,
            "건폐율":25,
            "Y":34.82724,
            "X":128.70638,
            "rank":142.0,
            "area_info":"21평(70.56), 23평(77.48), 29평(96.71)",
            "last_sales":"2021-11-15,10200.0,29평(96.71)"
        },
        {
            "index":157,
            "아파트명":"옥성삼화비치맨션",
            "투자타입":"일반",
            "전용면적(m2)":"76.04",
            "전용면적(평)":"23평",
            "법정동주소":"경상남도 거제시 사등면 사곡리 886-2",
            "도로명주소":"경상남도 거제시 사곡1길 10",
            "세대수":0,
            "입주년차":0,
            "용적률점수":"--",
            "건폐율점수":"--",
            "세대당주차수":0,
            "난방방식":30,
            "공급면적":"--",
            "전용률":"--",
            "욕실수":50,
            "현관타입":10,
            "주거총점":9.0,
            "지역구공급총점":0.0,
            "역세권":"NA",
            "30분내 이동가능 거점":"NA",
            "1시간내 이동가능 거점":"NA",
            "교통총점":"NA",
            "백화점":0,
            "아울렛몰":0,
            "대형마트":0,
            "은행":0,
            "병원":0,
            "종합병원":0,
            "공원":0,
            "혐오시설":0,
            "인프라총점":0.0,
            "초등학군":88.38,
            "중학군":35.4,
            "학군총점":45.996,
            "인구수":27.98,
            "인구증감":-11.88,
            "인구총점":16.022,
            "일자리":14.1,
            "소득수준":65.62,
            "일자리총점":29.556,
            "가치 총점":14.649,
            "매매실거래년":20211129.0,
            "매매실거래가":7800.0,
            "전세실거래년":20200812.0,
            "전세실거래가":3000.0,
            "전세가율":38.46,
            "장기전세가율평균":72.48,
            "전세가율거품지수":34.02,
            "검색코드":15270,
            "세대수":154.0,
            "준공년월":"1996-09-10",
            "준공년차":27.0,
            "가까운역이름":"NA",
            "가까운역거리":"NA",
            "역세권여부":"NA",
            "30분이내주요거점역":"NA",
            "1시간이내주요거점역":"NA",
            "3km이내백화점수":0,
            "5km이내아울렛몰수":0,
            "1km이내대형먀트수":0,
            "500m이내은행수":0,
            "500m이내병원수":0,
            "5km이내대형병원수":0,
            "500m이내공원수":0,
            "3km이내혐오시설수":0,
            "초등학교학업성취도":88.38,
            "중학교학업성취도":59.0,
            "용적률":242,
            "건폐율":27,
            "Y":34.89981,
            "X":128.56448,
            "rank":143.0,
            "area_info":"23평(76.04)",
            "last_sales":"2021-11-29,7800.0,23평(76.04)"
        }
    ]
}