{
    "schema":{
        "fields":[
            {
                "name":"index",
                "type":"integer"
            },
            {
                "name":"아파트명",
                "type":"string"
            },
            {
                "name":"투자타입",
                "type":"string"
            },
            {
                "name":"전용면적(m2)",
                "type":"string"
            },
            {
                "name":"전용면적(평)",
                "type":"string"
            },
            {
                "name":"법정동주소",
                "type":"string"
            },
            {
                "name":"도로명주소",
                "type":"string"
            },
            {
                "name":"세대수",
                "type":"integer"
            },
            {
                "name":"입주년차",
                "type":"string"
            },
            {
                "name":"용적률점수",
                "type":"string"
            },
            {
                "name":"건폐율점수",
                "type":"string"
            },
            {
                "name":"세대당주차수",
                "type":"string"
            },
            {
                "name":"난방방식",
                "type":"string"
            },
            {
                "name":"공급면적",
                "type":"string"
            },
            {
                "name":"전용률",
                "type":"string"
            },
            {
                "name":"욕실수",
                "type":"string"
            },
            {
                "name":"현관타입",
                "type":"string"
            },
            {
                "name":"주거총점",
                "type":"number"
            },
            {
                "name":"지역구공급총점",
                "type":"number"
            },
            {
                "name":"역세권",
                "type":"string"
            },
            {
                "name":"30분내 이동가능 거점",
                "type":"string"
            },
            {
                "name":"1시간내 이동가능 거점",
                "type":"string"
            },
            {
                "name":"교통총점",
                "type":"string"
            },
            {
                "name":"백화점",
                "type":"integer"
            },
            {
                "name":"아울렛몰",
                "type":"integer"
            },
            {
                "name":"대형마트",
                "type":"integer"
            },
            {
                "name":"은행",
                "type":"integer"
            },
            {
                "name":"병원",
                "type":"integer"
            },
            {
                "name":"종합병원",
                "type":"integer"
            },
            {
                "name":"공원",
                "type":"integer"
            },
            {
                "name":"혐오시설",
                "type":"integer"
            },
            {
                "name":"인프라총점",
                "type":"number"
            },
            {
                "name":"초등학군",
                "type":"number"
            },
            {
                "name":"중학군",
                "type":"number"
            },
            {
                "name":"학군총점",
                "type":"number"
            },
            {
                "name":"인구수",
                "type":"number"
            },
            {
                "name":"인구증감",
                "type":"number"
            },
            {
                "name":"인구총점",
                "type":"number"
            },
            {
                "name":"일자리",
                "type":"number"
            },
            {
                "name":"소득수준",
                "type":"number"
            },
            {
                "name":"일자리총점",
                "type":"number"
            },
            {
                "name":"가치 총점",
                "type":"number"
            },
            {
                "name":"매매실거래년",
                "type":"string"
            },
            {
                "name":"매매실거래가",
                "type":"number"
            },
            {
                "name":"전세실거래년",
                "type":"number"
            },
            {
                "name":"전세실거래가",
                "type":"number"
            },
            {
                "name":"전세가율",
                "type":"number"
            },
            {
                "name":"장기전세가율평균",
                "type":"number"
            },
            {
                "name":"전세가율거품지수",
                "type":"number"
            },
            {
                "name":"검색코드",
                "type":"integer"
            },
            {
                "name":"세대수",
                "type":"number"
            },
            {
                "name":"준공년월",
                "type":"string"
            },
            {
                "name":"준공년차",
                "type":"number"
            },
            {
                "name":"가까운역이름",
                "type":"string"
            },
            {
                "name":"가까운역거리",
                "type":"string"
            },
            {
                "name":"역세권여부",
                "type":"string"
            },
            {
                "name":"30분이내주요거점역",
                "type":"string"
            },
            {
                "name":"1시간이내주요거점역",
                "type":"string"
            },
            {
                "name":"3km이내백화점수",
                "type":"integer"
            },
            {
                "name":"5km이내아울렛몰수",
                "type":"integer"
            },
            {
                "name":"1km이내대형먀트수",
                "type":"integer"
            },
            {
                "name":"500m이내은행수",
                "type":"integer"
            },
            {
                "name":"500m이내병원수",
                "type":"integer"
            },
            {
                "name":"5km이내대형병원수",
                "type":"integer"
            },
            {
                "name":"500m이내공원수",
                "type":"integer"
            },
            {
                "name":"3km이내혐오시설수",
                "type":"integer"
            },
            {
                "name":"초등학교학업성취도",
                "type":"number"
            },
            {
                "name":"중학교학업성취도",
                "type":"number"
            },
            {
                "name":"용적률",
                "type":"integer"
            },
            {
                "name":"건폐율",
                "type":"integer"
            },
            {
                "name":"Y",
                "type":"number"
            },
            {
                "name":"X",
                "type":"number"
            },
            {
                "name":"rank",
                "type":"number"
            },
            {
                "name":"area_info",
                "type":"string"
            },
            {
                "name":"last_sales",
                "type":"string"
            }
        ],
        "primaryKey":[
            "index"
        ],
        "pandas_version":"1.4.0"
    },
    "data":[
        {
            "index":247,
            "아파트명":"양산물금대방노블랜드1차",
            "투자타입":"일반",
            "전용면적(m2)":"83.58",
            "전용면적(평)":"25평",
            "법정동주소":"경상남도 양산시 물금읍 범어리 2673-4",
            "도로명주소":"경상남도 양산시 신주1길 46",
            "세대수":90,
            "입주년차":80,
            "용적률점수":"--",
            "건폐율점수":"--",
            "세대당주차수":30,
            "난방방식":100,
            "공급면적":"--",
            "전용률":"--",
            "욕실수":100,
            "현관타입":100,
            "주거총점":82.0,
            "지역구공급총점":0.0,
            "역세권":"NA",
            "30분내 이동가능 거점":"NA",
            "1시간내 이동가능 거점":"NA",
            "교통총점":"NA",
            "백화점":0,
            "아울렛몰":0,
            "대형마트":80,
            "은행":0,
            "병원":10,
            "종합병원":100,
            "공원":100,
            "혐오시설":0,
            "인프라총점":36.0,
            "초등학군":90.11,
            "중학군":51.56,
            "학군총점":59.27,
            "인구수":39.49,
            "인구증감":4.74,
            "인구총점":29.065,
            "일자리":17.9,
            "소득수준":61.39,
            "일자리총점":30.947,
            "가치 총점":57.9175,
            "매매실거래년":20211130.0,
            "매매실거래가":29000.0,
            "전세실거래년":20220115.0,
            "전세실거래가":23000.0,
            "전세가율":74.19,
            "장기전세가율평균":69.78,
            "전세가율거품지수":-4.41,
            "검색코드":103789,
            "세대수":1414.0,
            "준공년월":"2014-04-25",
            "준공년차":9.0,
            "가까운역이름":"NA",
            "가까운역거리":"NA",
            "역세권여부":"NA",
            "30분이내주요거점역":"NA",
            "1시간이내주요거점역":"NA",
            "3km이내백화점수":0,
            "5km이내아울렛몰수":0,
            "1km이내대형먀트수":1,
            "500m이내은행수":1,
            "500m이내병원수":3,
            "5km이내대형병원수":2,
            "500m이내공원수":4,
            "3km이내혐오시설수":0,
            "초등학교학업성취도":90.11,
            "중학교학업성취도":85.2,
            "용적률":236,
            "건폐율":17,
            "Y":35.33586,
            "X":129.01908,
            "rank":1.0,
            "area_info":"25평(83.58), 25평(84.7), 34평(112.49), 34평(113.16), 41평(135.89), 41평(135.84)",
            "last_sales":"2021-11-30,29000.0,25평(84.7)"
        },
        {
            "index":239,
            "아파트명":"양산대방노블랜드연리지",
            "투자타입":"일반",
            "전용면적(m2)":"82.71",
            "전용면적(평)":"25평",
            "법정동주소":"경상남도 양산시 물금읍 가촌리 1303-1",
            "도로명주소":"경상남도 양산시 야리로 76",
            "세대수":90,
            "입주년차":80,
            "용적률점수":"--",
            "건폐율점수":"--",
            "세대당주차수":30,
            "난방방식":100,
            "공급면적":"--",
            "전용률":"--",
            "욕실수":100,
            "현관타입":100,
            "주거총점":82.0,
            "지역구공급총점":0.0,
            "역세권":"NA",
            "30분내 이동가능 거점":"NA",
            "1시간내 이동가능 거점":"NA",
            "교통총점":"NA",
            "백화점":0,
            "아울렛몰":0,
            "대형마트":100,
            "은행":20,
            "병원":60,
            "종합병원":80,
            "공원":100,
            "혐오시설":0,
            "인프라총점":42.0,
            "초등학군":83.98,
            "중학군":40.86,
            "학군총점":49.484,
            "인구수":39.49,
            "인구증감":4.74,
            "인구총점":29.065,
            "일자리":17.9,
            "소득수준":61.39,
            "일자리총점":30.947,
            "가치 총점":57.871,
            "매매실거래년":20211212.0,
            "매매실거래가":54000.0,
            "전세실거래년":20211127.0,
            "전세실거래가":27000.0,
            "전세가율":71.81,
            "장기전세가율평균":69.78,
            "전세가율거품지수":-2.03,
            "검색코드":105335,
            "세대수":1310.0,
            "준공년월":"2015-08-18",
            "준공년차":8.0,
            "가까운역이름":"NA",
            "가까운역거리":"NA",
            "역세권여부":"NA",
            "30분이내주요거점역":"NA",
            "1시간이내주요거점역":"NA",
            "3km이내백화점수":0,
            "5km이내아울렛몰수":0,
            "1km이내대형먀트수":3,
            "500m이내은행수":2,
            "500m이내병원수":28,
            "5km이내대형병원수":1,
            "500m이내공원수":2,
            "3km이내혐오시설수":0,
            "초등학교학업성취도":83.98,
            "중학교학업성취도":67.5,
            "용적률":0,
            "건폐율":0,
            "Y":35.312411,
            "X":129.004534,
            "rank":2.0,
            "area_info":"25평(82.71), 25평(82.69), 25평(82.84), 25평(82.86), 34평(112.53), 34평(112.43), 34평(113.66), 34평(113.56)",
            "last_sales":"2021-12-12,54000.0,34평(113.56)"
        },
        {
            "index":188,
            "아파트명":"반도유보라4차",
            "투자타입":"일반",
            "전용면적(m2)":"111.73",
            "전용면적(평)":"33평",
            "법정동주소":"경상남도 양산시 물금읍 범어리 2768-2",
            "도로명주소":"경상남도 양산시 백호로 91",
            "세대수":90,
            "입주년차":80,
            "용적률점수":"--",
            "건폐율점수":"--",
            "세대당주차수":30,
            "난방방식":100,
            "공급면적":"--",
            "전용률":"--",
            "욕실수":100,
            "현관타입":100,
            "주거총점":82.0,
            "지역구공급총점":0.0,
            "역세권":"NA",
            "30분내 이동가능 거점":"NA",
            "1시간내 이동가능 거점":"NA",
            "교통총점":"NA",
            "백화점":0,
            "아울렛몰":0,
            "대형마트":100,
            "은행":20,
            "병원":60,
            "종합병원":80,
            "공원":80,
            "혐오시설":0,
            "인프라총점":41.4,
            "초등학군":83.98,
            "중학군":40.86,
            "학군총점":49.484,
            "인구수":39.49,
            "인구증감":4.74,
            "인구총점":29.065,
            "일자리":17.9,
            "소득수준":61.39,
            "일자리총점":30.947,
            "가치 총점":57.631,
            "매매실거래년":20211215.0,
            "매매실거래가":52100.0,
            "전세실거래년":20211208.0,
            "전세실거래가":22000.0,
            "전세가율":42.23,
            "장기전세가율평균":69.78,
            "전세가율거품지수":27.55,
            "검색코드":104563,
            "세대수":1210.0,
            "준공년월":"2014-10-28",
            "준공년차":9.0,
            "가까운역이름":"NA",
            "가까운역거리":"NA",
            "역세권여부":"NA",
            "30분이내주요거점역":"NA",
            "1시간이내주요거점역":"NA",
            "3km이내백화점수":0,
            "5km이내아울렛몰수":0,
            "1km이내대형먀트수":3,
            "500m이내은행수":2,
            "500m이내병원수":24,
            "5km이내대형병원수":1,
            "500m이내공원수":1,
            "3km이내혐오시설수":0,
            "초등학교학업성취도":83.98,
            "중학교학업성취도":67.5,
            "용적률":214,
            "건폐율":12,
            "Y":35.316973,
            "X":129.005493,
            "rank":3.0,
            "area_info":"33평(111.73), 33평(111.14), 36평(122.3), 38평(127.68)",
            "last_sales":"2021-12-15,52100.0,33평(111.73)"
        },
        {
            "index":29,
            "아파트명":"양산신도시쌍용",
            "투자타입":"일반",
            "전용면적(m2)":"91.87",
            "전용면적(평)":"27평",
            "법정동주소":"경상남도 양산시 남부동 601-1",
            "도로명주소":"경상남도 양산시 양주로 97",
            "세대수":80,
            "입주년차":40,
            "용적률점수":"--",
            "건폐율점수":"--",
            "세대당주차수":30,
            "난방방식":30,
            "공급면적":"--",
            "전용률":"--",
            "욕실수":100,
            "현관타입":100,
            "주거총점":63.5,
            "지역구공급총점":0.0,
            "역세권":"NA",
            "30분내 이동가능 거점":"NA",
            "1시간내 이동가능 거점":"NA",
            "교통총점":"NA",
            "백화점":0,
            "아울렛몰":0,
            "대형마트":80,
            "은행":100,
            "병원":80,
            "종합병원":100,
            "공원":100,
            "혐오시설":0,
            "인프라총점":53.0,
            "초등학군":87.71,
            "중학군":47.56,
            "학군총점":55.59,
            "인구수":39.49,
            "인구증감":4.74,
            "인구총점":29.065,
            "일자리":17.9,
            "소득수준":61.39,
            "일자리총점":30.947,
            "가치 총점":57.3225,
            "매매실거래년":20211125.0,
            "매매실거래가":36000.0,
            "전세실거래년":20211019.0,
            "전세실거래가":23500.0,
            "전세가율":71.98,
            "장기전세가율평균":69.78,
            "전세가율거품지수":-2.2,
            "검색코드":10835,
            "세대수":836.0,
            "준공년월":"2004-07-30",
            "준공년차":19.0,
            "가까운역이름":"NA",
            "가까운역거리":"NA",
            "역세권여부":"NA",
            "30분이내주요거점역":"NA",
            "1시간이내주요거점역":"NA",
            "3km이내백화점수":0,
            "5km이내아울렛몰수":0,
            "1km이내대형먀트수":1,
            "500m이내은행수":5,
            "500m이내병원수":33,
            "5km이내대형병원수":2,
            "500m이내공원수":2,
            "3km이내혐오시설수":0,
            "초등학교학업성취도":87.71,
            "중학교학업성취도":78.2,
            "용적률":182,
            "건폐율":16,
            "Y":35.33359,
            "X":129.0304,
            "rank":4.0,
            "area_info":"27평(91.87), 32평(105.9)",
            "last_sales":"2021-11-25,36000.0,32평(105.9)"
        },
        {
            "index":31,
            "아파트명":"양산신도시청어람",
            "투자타입":"일반",
            "전용면적(m2)":"77.68",
            "전용면적(평)":"23평",
            "법정동주소":"경상남도 양산시 남부동 602-1",
            "도로명주소":"경상남도 양산시 양주로 94",
            "세대수":100,
            "입주년차":40,
            "용적률점수":"--",
            "건폐율점수":"--",
            "세대당주차수":30,
            "난방방식":100,
            "공급면적":"--",
            "전용률":"--",
            "욕실수":100,
            "현관타입":100,
            "주거총점":77.5,
            "지역구공급총점":0.0,
            "역세권":"NA",
            "30분내 이동가능 거점":"NA",
            "1시간내 이동가능 거점":"NA",
            "교통총점":"NA",
            "백화점":0,
            "아울렛몰":0,
            "대형마트":80,
            "은행":20,
            "병원":30,
            "종합병원":100,
            "공원":100,
            "혐오시설":0,
            "인프라총점":40.0,
            "초등학군":87.71,
            "중학군":47.56,
            "학군총점":55.59,
            "인구수":39.49,
            "인구증감":4.74,
            "인구총점":29.065,
            "일자리":17.9,
            "소득수준":61.39,
            "일자리총점":30.947,
            "가치 총점":57.0225,
            "매매실거래년":20220114.0,
            "매매실거래가":24500.0,
            "전세실거래년":20220115.0,
            "전세실거래가":19000.0,
            "전세가율":77.55,
            "장기전세가율평균":69.78,
            "전세가율거품지수":-7.77,
            "검색코드":11419,
            "세대수":1724.0,
            "준공년월":"2005-01-15",
            "준공년차":18.0,
            "가까운역이름":"NA",
            "가까운역거리":"NA",
            "역세권여부":"NA",
            "30분이내주요거점역":"NA",
            "1시간이내주요거점역":"NA",
            "3km이내백화점수":0,
            "5km이내아울렛몰수":0,
            "1km이내대형먀트수":1,
            "500m이내은행수":2,
            "500m이내병원수":7,
            "5km이내대형병원수":2,
            "500m이내공원수":2,
            "3km이내혐오시설수":0,
            "초등학교학업성취도":87.71,
            "중학교학업성취도":78.2,
            "용적률":185,
            "건폐율":16,
            "Y":35.333063,
            "X":129.033212,
            "rank":5.0,
            "area_info":"23평(77.68), 31평(103.63), 31평(105.23)",
            "last_sales":"2022-01-14,24500.0,23평(77.68)"
        },
        {
            "index":631,
            "아파트명":"현대",
            "투자타입":"일반",
            "전용면적(m2)":"69.75",
            "전용면적(평)":"21평",
            "법정동주소":"경상남도 양산시 중부동 697-1",
            "도로명주소":"경상남도 양산시 양주로 114",
            "세대수":90,
            "입주년차":20,
            "용적률점수":"--",
            "건폐율점수":"--",
            "세대당주차수":30,
            "난방방식":100,
            "공급면적":"--",
            "전용률":"--",
            "욕실수":50,
            "현관타입":100,
            "주거총점":65.0,
            "지역구공급총점":0.0,
            "역세권":"NA",
            "30분내 이동가능 거점":"NA",
            "1시간내 이동가능 거점":"NA",
            "교통총점":"NA",
            "백화점":0,
            "아울렛몰":0,
            "대형마트":100,
            "은행":70,
            "병원":60,
            "종합병원":100,
            "공원":100,
            "혐오시설":0,
            "인프라총점":51.0,
            "초등학군":87.2,
            "중학군":47.56,
            "학군총점":55.488,
            "인구수":39.49,
            "인구증감":4.74,
            "인구총점":29.065,
            "일자리":17.9,
            "소득수준":61.39,
            "일자리총점":30.947,
            "가치 총점":57.022,
            "매매실거래년":20220106.0,
            "매매실거래가":27900.0,
            "전세실거래년":20220108.0,
            "전세실거래가":13000.0,
            "전세가율":63.41,
            "장기전세가율평균":69.78,
            "전세가율거품지수":6.37,
            "검색코드":7179,
            "세대수":1185.0,
            "준공년월":"1999-12-22",
            "준공년차":24.0,
            "가까운역이름":"NA",
            "가까운역거리":"NA",
            "역세권여부":"NA",
            "30분이내주요거점역":"NA",
            "1시간이내주요거점역":"NA",
            "3km이내백화점수":0,
            "5km이내아울렛몰수":0,
            "1km이내대형먀트수":2,
            "500m이내은행수":3,
            "500m이내병원수":15,
            "5km이내대형병원수":2,
            "500m이내공원수":3,
            "3km이내혐오시설수":0,
            "초등학교학업성취도":87.2,
            "중학교학업성취도":78.2,
            "용적률":198,
            "건폐율":17,
            "Y":35.336053,
            "X":129.03347,
            "rank":6.0,
            "area_info":"21평(69.75), 21평(69.98), 27평(90.09), 29평(99.15), 29평(99.02), 35평(115.87), 35평(116.23), 47평(157.26)",
            "last_sales":"2022-01-06,27900.0,29평(99.15)"
        },
        {
            "index":18,
            "아파트명":"양산e-편한세상1차",
            "투자타입":"일반",
            "전용면적(m2)":"92.23",
            "전용면적(평)":"27평",
            "법정동주소":"경상남도 양산시 남부동 553-1",
            "도로명주소":"경상남도 양산시 양주로 33",
            "세대수":50,
            "입주년차":40,
            "용적률점수":"--",
            "건폐율점수":"--",
            "세대당주차수":60,
            "난방방식":100,
            "공급면적":"--",
            "전용률":"--",
            "욕실수":100,
            "현관타입":100,
            "주거총점":64.5,
            "지역구공급총점":0.0,
            "역세권":"NA",
            "30분내 이동가능 거점":"NA",
            "1시간내 이동가능 거점":"NA",
            "교통총점":"NA",
            "백화점":0,
            "아울렛몰":0,
            "대형마트":80,
            "은행":100,
            "병원":80,
            "종합병원":100,
            "공원":100,
            "혐오시설":-100,
            "인프라총점":51.0,
            "초등학군":88.25,
            "중학군":47.56,
            "학군총점":55.698,
            "인구수":39.49,
            "인구증감":4.74,
            "인구총점":29.065,
            "일자리":17.9,
            "소득수준":61.39,
            "일자리총점":30.947,
            "가치 총점":56.8995,
            "매매실거래년":20211124.0,
            "매매실거래가":32000.0,
            "전세실거래년":20211218.0,
            "전세실거래가":17000.0,
            "전세가율":53.71,
            "장기전세가율평균":69.78,
            "전세가율거품지수":16.07,
            "검색코드":14123,
            "세대수":663.0,
            "준공년월":"2006-03-24",
            "준공년차":17.0,
            "가까운역이름":"NA",
            "가까운역거리":"NA",
            "역세권여부":"NA",
            "30분이내주요거점역":"NA",
            "1시간이내주요거점역":"NA",
            "3km이내백화점수":0,
            "5km이내아울렛몰수":0,
            "1km이내대형먀트수":1,
            "500m이내은행수":6,
            "500m이내병원수":47,
            "5km이내대형병원수":2,
            "500m이내공원수":3,
            "3km이내혐오시설수":2,
            "초등학교학업성취도":88.25,
            "중학교학업성취도":78.2,
            "용적률":215,
            "건폐율":18,
            "Y":35.334553,
            "X":129.025477,
            "rank":7.0,
            "area_info":"27평(92.23), 34평(112.66), 38평(128.05), 43평(144.51)",
            "last_sales":"2021-11-24,32000.0,34평(112.66)"
        },
        {
            "index":574,
            "아파트명":"대동황토방",
            "투자타입":"일반",
            "전용면적(m2)":"73.21",
            "전용면적(평)":"22평",
            "법정동주소":"경상남도 양산시 중부동 696-1",
            "도로명주소":"경상남도 양산시 양주로 154",
            "세대수":90,
            "입주년차":20,
            "용적률점수":"--",
            "건폐율점수":"--",
            "세대당주차수":0,
            "난방방식":100,
            "공급면적":"--",
            "전용률":"--",
            "욕실수":50,
            "현관타입":100,
            "주거총점":60.5,
            "지역구공급총점":0.0,
            "역세권":"NA",
            "30분내 이동가능 거점":"NA",
            "1시간내 이동가능 거점":"NA",
            "교통총점":"NA",
            "백화점":0,
            "아울렛몰":0,
            "대형마트":100,
            "은행":100,
            "병원":60,
            "종합병원":100,
            "공원":100,
            "혐오시설":0,
            "인프라총점":54.0,
            "초등학군":87.2,
            "중학군":47.56,
            "학군총점":55.488,
            "인구수":39.49,
            "인구증감":4.74,
            "인구총점":29.065,
            "일자리":17.9,
            "소득수준":61.39,
            "일자리총점":30.947,
            "가치 총점":56.647,
            "매매실거래년":20211206.0,
            "매매실거래가":30000.0,
            "전세실거래년":20220113.0,
            "전세실거래가":18000.0,
            "전세가율":86.54,
            "장기전세가율평균":69.78,
            "전세가율거품지수":-16.76,
            "검색코드":7176,
            "세대수":1256.0,
            "준공년월":"1999-12-22",
            "준공년차":24.0,
            "가까운역이름":"NA",
            "가까운역거리":"NA",
            "역세권여부":"NA",
            "30분이내주요거점역":"NA",
            "1시간이내주요거점역":"NA",
            "3km이내백화점수":0,
            "5km이내아울렛몰수":0,
            "1km이내대형먀트수":2,
            "500m이내은행수":5,
            "500m이내병원수":24,
            "5km이내대형병원수":2,
            "500m이내공원수":5,
            "3km이내혐오시설수":0,
            "초등학교학업성취도":87.2,
            "중학교학업성취도":78.2,
            "용적률":0,
            "건폐율":0,
            "Y":35.338302,
            "X":129.032883,
            "rank":8.0,
            "area_info":"22평(73.21), 22평(75.93), 25평(84.14), 25평(84.73), 29평(98.68), 30평(101.07), 31평(103.48), 39평(131.54), 54평(179.57)",
            "last_sales":"2021-12-06,30000.0,31평(103.48)"
        },
        {
            "index":206,
            "아파트명":"신창비바패밀리",
            "투자타입":"일반",
            "전용면적(m2)":"86.14",
            "전용면적(평)":"26평",
            "법정동주소":"경상남도 양산시 물금읍 범어리 2713-1",
            "도로명주소":"경상남도 양산시 신주로 69",
            "세대수":90,
            "입주년차":60,
            "용적률점수":"--",
            "건폐율점수":"--",
            "세대당주차수":30,
            "난방방식":100,
            "공급면적":"--",
            "전용률":"--",
            "욕실수":100,
            "현관타입":100,
            "주거총점":78.0,
            "지역구공급총점":0.0,
            "역세권":"NA",
            "30분내 이동가능 거점":"NA",
            "1시간내 이동가능 거점":"NA",
            "교통총점":"NA",
            "백화점":0,
            "아울렛몰":0,
            "대형마트":80,
            "은행":0,
            "병원":10,
            "종합병원":100,
            "공원":100,
            "혐오시설":-100,
            "인프라총점":34.0,
            "초등학군":92.37,
            "중학군":51.56,
            "학군총점":59.722,
            "인구수":39.49,
            "인구증감":4.74,
            "인구총점":29.065,
            "일자리":17.9,
            "소득수준":61.39,
            "일자리총점":30.947,
            "가치 총점":55.8305,
            "매매실거래년":20211231.0,
            "매매실거래가":24500.0,
            "전세실거래년":20211124.0,
            "전세실거래가":16800.0,
            "전세가율":68.57,
            "장기전세가율평균":69.78,
            "전세가율거품지수":1.21,
            "검색코드":25307,
            "세대수":1248.0,
            "준공년월":"2009-10-30",
            "준공년차":14.0,
            "가까운역이름":"NA",
            "가까운역거리":"NA",
            "역세권여부":"NA",
            "30분이내주요거점역":"NA",
            "1시간이내주요거점역":"NA",
            "3km이내백화점수":0,
            "5km이내아울렛몰수":0,
            "1km이내대형먀트수":1,
            "500m이내은행수":1,
            "500m이내병원수":3,
            "5km이내대형병원수":2,
            "500m이내공원수":2,
            "3km이내혐오시설수":2,
            "초등학교학업성취도":92.37,
            "중학교학업성취도":85.2,
            "용적률":235,
            "건폐율":14,
            "Y":35.332533,
            "X":129.01917,
            "rank":9.0,
            "area_info":"26평(86.14), 34평(112.96), 34평(113.03), 35평(118.72), 36평(121.06), 44평(147.23), 51평(170.1)",
            "last_sales":"2021-12-31,24500.0,26평(86.14)"
        },
        {
            "index":26,
            "아파트명":"양산신도시벽산블루밍",
            "투자타입":"일반",
            "전용면적(m2)":"68.72",
            "전용면적(평)":"20평",
            "법정동주소":"경상남도 양산시 남부동 565-1",
            "도로명주소":"경상남도 양산시 양주로 39",
            "세대수":80,
            "입주년차":20,
            "용적률점수":"--",
            "건폐율점수":"--",
            "세대당주차수":30,
            "난방방식":100,
            "공급면적":"--",
            "전용률":"--",
            "욕실수":50,
            "현관타입":100,
            "주거총점":61.5,
            "지역구공급총점":0.0,
            "역세권":"NA",
            "30분내 이동가능 거점":"NA",
            "1시간내 이동가능 거점":"NA",
            "교통총점":"NA",
            "백화점":0,
            "아울렛몰":0,
            "대형마트":80,
            "은행":100,
            "병원":80,
            "종합병원":100,
            "공원":100,
            "혐오시설":-100,
            "인프라총점":51.0,
            "초등학군":87.71,
            "중학군":47.56,
            "학군총점":55.59,
            "인구수":39.49,
            "인구증감":4.74,
            "인구총점":29.065,
            "일자리":17.9,
            "소득수준":61.39,
            "일자리총점":30.947,
            "가치 총점":55.8225,
            "매매실거래년":20211106.0,
            "매매실거래가":23000.0,
            "전세실거래년":20211204.0,
            "전세실거래가":16000.0,
            "전세가율":96.97,
            "장기전세가율평균":69.78,
            "전세가율거품지수":-27.19,
            "검색코드":26725,
            "세대수":766.0,
            "준공년월":"2003-04-03",
            "준공년차":20.0,
            "가까운역이름":"NA",
            "가까운역거리":"NA",
            "역세권여부":"NA",
            "30분이내주요거점역":"NA",
            "1시간이내주요거점역":"NA",
            "3km이내백화점수":0,
            "5km이내아울렛몰수":0,
            "1km이내대형먀트수":1,
            "500m이내은행수":5,
            "500m이내병원수":35,
            "5km이내대형병원수":2,
            "500m이내공원수":2,
            "3km이내혐오시설수":2,
            "초등학교학업성취도":87.71,
            "중학교학업성취도":78.2,
            "용적률":139,
            "건폐율":11,
            "Y":35.333281,
            "X":129.027693,
            "rank":10.0,
            "area_info":"20평(68.72), 24평(79.97), 24평(79.79)",
            "last_sales":"2021-11-06,23000.0,24평(79.79)"
        },
        {
            "index":257,
            "아파트명":"양산물금대방노블랜드에듀카운티5차",
            "투자타입":"일반",
            "전용면적(m2)":"82.71",
            "전용면적(평)":"25평",
            "법정동주소":"경상남도 양산시 물금읍 가촌리 1277-2",
            "도로명주소":"경상남도 양산시 새실로 115",
            "세대수":90,
            "입주년차":80,
            "용적률점수":"--",
            "건폐율점수":"--",
            "세대당주차수":30,
            "난방방식":100,
            "공급면적":"--",
            "전용률":"--",
            "욕실수":100,
            "현관타입":100,
            "주거총점":82.0,
            "지역구공급총점":0.0,
            "역세권":"NA",
            "30분내 이동가능 거점":"NA",
            "1시간내 이동가능 거점":"NA",
            "교통총점":"NA",
            "백화점":0,
            "아울렛몰":0,
            "대형마트":100,
            "은행":0,
            "병원":60,
            "종합병원":80,
            "공원":100,
            "혐오시설":0,
            "인프라총점":40.0,
            "초등학군":45.89,
            "중학군":40.86,
            "학군총점":41.866,
            "인구수":39.49,
            "인구증감":4.74,
            "인구총점":29.065,
            "일자리":17.9,
            "소득수준":61.39,
            "일자리총점":30.947,
            "가치 총점":55.1665,
            "매매실거래년":20211230.0,
            "매매실거래가":33600.0,
            "전세실거래년":20211130.0,
            "전세실거래가":24000.0,
            "전세가율":71.43,
            "장기전세가율평균":69.78,
            "전세가율거품지수":-1.65,
            "검색코드":107026,
            "세대수":1158.0,
            "준공년월":"2016-04-11",
            "준공년차":7.0,
            "가까운역이름":"NA",
            "가까운역거리":"NA",
            "역세권여부":"NA",
            "30분이내주요거점역":"NA",
            "1시간이내주요거점역":"NA",
            "3km이내백화점수":0,
            "5km이내아울렛몰수":0,
            "1km이내대형먀트수":3,
            "500m이내은행수":0,
            "500m이내병원수":18,
            "5km이내대형병원수":1,
            "500m이내공원수":3,
            "3km이내혐오시설수":0,
            "초등학교학업성취도":45.89,
            "중학교학업성취도":67.5,
            "용적률":207,
            "건폐율":11,
            "Y":35.312942,
            "X":129.000208,
            "rank":11.0,
            "area_info":"25평(82.71), 25평(83.0)",
            "last_sales":"2021-12-30,33600.0,25평(82.71)"
        },
        {
            "index":213,
            "아파트명":"양산e-편한세상2차",
            "투자타입":"일반",
            "전용면적(m2)":"83.88",
            "전용면적(평)":"25평",
            "법정동주소":"경상남도 양산시 물금읍 범어리 2673-8",
            "도로명주소":"경상남도 양산시 신주로 35",
            "세대수":90,
            "입주년차":40,
            "용적률점수":"--",
            "건폐율점수":"--",
            "세대당주차수":30,
            "난방방식":100,
            "공급면적":"--",
            "전용률":"--",
            "욕실수":100,
            "현관타입":100,
            "주거총점":74.0,
            "지역구공급총점":0.0,
            "역세권":"NA",
            "30분내 이동가능 거점":"NA",
            "1시간내 이동가능 거점":"NA",
            "교통총점":"NA",
            "백화점":0,
            "아울렛몰":0,
            "대형마트":80,
            "은행":0,
            "병원":10,
            "종합병원":100,
            "공원":100,
            "혐오시설":0,
            "인프라총점":36.0,
            "초등학군":90.11,
            "중학군":51.56,
            "학군총점":59.27,
            "인구수":39.49,
            "인구증감":4.74,
            "인구총점":29.065,
            "일자리":17.9,
            "소득수준":61.39,
            "일자리총점":30.947,
            "가치 총점":55.1175,
            "매매실거래년":20211215.0,
            "매매실거래가":23100.0,
            "전세실거래년":20211210.0,
            "전세실거래가":17000.0,
            "전세가율":69.11,
            "장기전세가율평균":69.78,
            "전세가율거품지수":0.67,
            "검색코드":23929,
            "세대수":1032.0,
            "준공년월":"2007-11-06",
            "준공년차":16.0,
            "가까운역이름":"NA",
            "가까운역거리":"NA",
            "역세권여부":"NA",
            "30분이내주요거점역":"NA",
            "1시간이내주요거점역":"NA",
            "3km이내백화점수":0,
            "5km이내아울렛몰수":0,
            "1km이내대형먀트수":1,
            "500m이내은행수":1,
            "500m이내병원수":3,
            "5km이내대형병원수":2,
            "500m이내공원수":6,
            "3km이내혐오시설수":0,
            "초등학교학업성취도":90.11,
            "중학교학업성취도":85.2,
            "용적률":235,
            "건폐율":15,
            "Y":35.334235,
            "X":129.017157,
            "rank":12.0,
            "area_info":"25평(83.88), 25평(84.55), 33평(111.38), 34평(113.91), 34평(115.47), 39평(132.16), 45평(150.51)",
            "last_sales":"2021-12-15,23100.0,25평(84.55)"
        },
        {
            "index":253,
            "아파트명":"양산물금대방노블랜드6차더클래스",
            "투자타입":"일반",
            "전용면적(m2)":"112.82",
            "전용면적(평)":"34평",
            "법정동주소":"경상남도 양산시 물금읍 가촌리 1278-2",
            "도로명주소":"경상남도 양산시 새실로 116",
            "세대수":80,
            "입주년차":80,
            "용적률점수":"--",
            "건폐율점수":"--",
            "세대당주차수":60,
            "난방방식":100,
            "공급면적":"--",
            "전용률":"--",
            "욕실수":100,
            "현관타입":100,
            "주거총점":83.0,
            "지역구공급총점":0.0,
            "역세권":"NA",
            "30분내 이동가능 거점":"NA",
            "1시간내 이동가능 거점":"NA",
            "교통총점":"NA",
            "백화점":0,
            "아울렛몰":0,
            "대형마트":100,
            "은행":20,
            "병원":30,
            "종합병원":80,
            "공원":100,
            "혐오시설":0,
            "인프라총점":39.0,
            "초등학군":45.89,
            "중학군":40.86,
            "학군총점":41.866,
            "인구수":39.49,
            "인구증감":4.74,
            "인구총점":29.065,
            "일자리":17.9,
            "소득수준":61.39,
            "일자리총점":30.947,
            "가치 총점":55.1165,
            "매매실거래년":20211127.0,
            "매매실거래가":76000.0,
            "전세실거래년":20210901.0,
            "전세실거래가":23100.0,
            "전세가율":38.18,
            "장기전세가율평균":69.78,
            "전세가율거품지수":31.6,
            "검색코드":108352,
            "세대수":703.0,
            "준공년월":"2016-09-07",
            "준공년차":7.0,
            "가까운역이름":"NA",
            "가까운역거리":"NA",
            "역세권여부":"NA",
            "30분이내주요거점역":"NA",
            "1시간이내주요거점역":"NA",
            "3km이내백화점수":0,
            "5km이내아울렛몰수":0,
            "1km이내대형먀트수":3,
            "500m이내은행수":2,
            "500m이내병원수":7,
            "5km이내대형병원수":1,
            "500m이내공원수":3,
            "3km이내혐오시설수":0,
            "초등학교학업성취도":45.89,
            "중학교학업성취도":67.5,
            "용적률":214,
            "건폐율":12,
            "Y":35.311032,
            "X":129.002351,
            "rank":13.0,
            "area_info":"34평(112.82), 34평(112.42), 42평(139.27), 42평(139.98)",
            "last_sales":"2021-11-27,76000.0,42평(139.98)"
        },
        {
            "index":235,
            "아파트명":"양산대방노블랜드8차로얄카운티",
            "투자타입":"일반",
            "전용면적(m2)":"112.64",
            "전용면적(평)":"34평",
            "법정동주소":"경상남도 양산시 물금읍 가촌리 1304-1",
            "도로명주소":"경상남도 양산시 야리로 50",
            "세대수":90,
            "입주년차":80,
            "용적률점수":"--",
            "건폐율점수":"--",
            "세대당주차수":30,
            "난방방식":100,
            "공급면적":"--",
            "전용률":"--",
            "욕실수":100,
            "현관타입":100,
            "주거총점":82.0,
            "지역구공급총점":0.0,
            "역세권":"NA",
            "30분내 이동가능 거점":"NA",
            "1시간내 이동가능 거점":"NA",
            "교통총점":"NA",
            "백화점":0,
            "아울렛몰":0,
            "대형마트":100,
            "은행":0,
            "병원":60,
            "종합병원":80,
            "공원":80,
            "혐오시설":0,
            "인프라총점":39.4,
            "초등학군":45.89,
            "중학군":40.86,
            "학군총점":41.866,
            "인구수":39.49,
            "인구증감":4.74,
            "인구총점":29.065,
            "일자리":17.9,
            "소득수준":61.39,
            "일자리총점":30.947,
            "가치 총점":54.9265,
            "매매실거래년":20211228.0,
            "매매실거래가":61300.0,
            "전세실거래년":20211125.0,
            "전세실거래가":35000.0,
            "전세가율":57.1,
            "장기전세가율평균":69.78,
            "전세가율거품지수":12.68,
            "검색코드":110223,
            "세대수":1062.0,
            "준공년월":"2018-03-13",
            "준공년차":5.0,
            "가까운역이름":"NA",
            "가까운역거리":"NA",
            "역세권여부":"NA",
            "30분이내주요거점역":"NA",
            "1시간이내주요거점역":"NA",
            "3km이내백화점수":0,
            "5km이내아울렛몰수":0,
            "1km이내대형먀트수":3,
            "500m이내은행수":1,
            "500m이내병원수":24,
            "5km이내대형병원수":1,
            "500m이내공원수":1,
            "3km이내혐오시설수":0,
            "초등학교학업성취도":45.89,
            "중학교학업성취도":67.5,
            "용적률":215,
            "건폐율":12,
            "Y":35.31438,
            "X":129.002069,
            "rank":14.0,
            "area_info":"34평(112.64), 34평(112.74), 38평(126.86), 38평(127.08)",
            "last_sales":"2021-12-28,61300.0,34평(112.64)"
        },
        {
            "index":583,
            "아파트명":"양산신도시뜰안채",
            "투자타입":"일반",
            "전용면적(m2)":"52.94",
            "전용면적(평)":"16평",
            "법정동주소":"경상남도 양산시 중부동 694-1",
            "도로명주소":"경상남도 양산시 양주로 113",
            "세대수":90,
            "입주년차":20,
            "용적률점수":"--",
            "건폐율점수":"--",
            "세대당주차수":30,
            "난방방식":100,
            "공급면적":"--",
            "전용률":"--",
            "욕실수":50,
            "현관타입":10,
            "주거총점":56.0,
            "지역구공급총점":0.0,
            "역세권":"NA",
            "30분내 이동가능 거점":"NA",
            "1시간내 이동가능 거점":"NA",
            "교통총점":"NA",
            "백화점":0,
            "아울렛몰":0,
            "대형마트":80,
            "은행":100,
            "병원":80,
            "종합병원":100,
            "공원":100,
            "혐오시설":0,
            "인프라총점":53.0,
            "초등학군":87.2,
            "중학군":47.56,
            "학군총점":55.488,
            "인구수":39.49,
            "인구증감":4.74,
            "인구총점":29.065,
            "일자리":17.9,
            "소득수준":61.39,
            "일자리총점":30.947,
            "가치 총점":54.672,
            "매매실거래년":20220108.0,
            "매매실거래가":20800.0,
            "전세실거래년":20211112.0,
            "전세실거래가":13000.0,
            "전세가율":90.91,
            "장기전세가율평균":69.78,
            "전세가율거품지수":-21.13,
            "검색코드":25048,
            "세대수":1249.0,
            "준공년월":"2000-05-17",
            "준공년차":23.0,
            "가까운역이름":"NA",
            "가까운역거리":"NA",
            "역세권여부":"NA",
            "30분이내주요거점역":"NA",
            "1시간이내주요거점역":"NA",
            "3km이내백화점수":0,
            "5km이내아울렛몰수":0,
            "1km이내대형먀트수":1,
            "500m이내은행수":6,
            "500m이내병원수":49,
            "5km이내대형병원수":2,
            "500m이내공원수":2,
            "3km이내혐오시설수":0,
            "초등학교학업성취도":87.2,
            "중학교학업성취도":78.2,
            "용적률":176,
            "건폐율":18,
            "Y":35.335952,
            "X":129.030565,
            "rank":15.0,
            "area_info":"16평(52.94), 18평(60.29), 19평(62.99), 19평(62.96), 18평(62.77), 19평(62.92), 18평(62.75), 19평(62.9), 18평(62.69), 19평(62.9), 19평(62.83), 19평(62.9), 19평(62.84), 18평(62.75), 19평(62.9), 19평(62.97), 19평(63.99), 19평(63.63), 19평(63.0), 19평(64.77), 22평(73.9), 22평(73.91), 22평(74.86), 22평(74.19), 22평(74.2), 22평(74.49), 22평(74.19), 22평(74.49), 22평(75.45), 22평(75.76), 22평(75.15), 22평(75.52), 22평(75.44), 22평(75.15), 22평(75.45), 22평(75.76), 22평(75.16), 22평(75.45), 23평(76.83), 23평(76.39), 23평(76.47), 23평(76.91), 23평(76.91), 23평(76.4), 23평(76.91), 23평(77.77), 23평(77.85), 23평(77.77)",
            "last_sales":"2022-01-08,20800.0,23평(77.85)"
        },
        {
            "index":401,
            "아파트명":"양산북부지안스로가",
            "투자타입":"일반",
            "전용면적(m2)":"84.99",
            "전용면적(평)":"25평",
            "법정동주소":"경상남도 양산시 북부동 883",
            "도로명주소":"경상남도 양산시 호국학도병길 17",
            "세대수":50,
            "입주년차":100,
            "용적률점수":"--",
            "건폐율점수":"--",
            "세대당주차수":30,
            "난방방식":30,
            "공급면적":"--",
            "전용률":"--",
            "욕실수":100,
            "현관타입":100,
            "주거총점":65.0,
            "지역구공급총점":0.0,
            "역세권":"NA",
            "30분내 이동가능 거점":"NA",
            "1시간내 이동가능 거점":"NA",
            "교통총점":"NA",
            "백화점":0,
            "아울렛몰":0,
            "대형마트":80,
            "은행":100,
            "병원":30,
            "종합병원":100,
            "공원":100,
            "혐오시설":0,
            "인프라총점":48.0,
            "초등학군":86.86,
            "중학군":40.24,
            "학군총점":49.564,
            "인구수":39.49,
            "인구증감":4.74,
            "인구총점":29.065,
            "일자리":17.9,
            "소득수준":61.39,
            "일자리총점":30.947,
            "가치 총점":54.341,
            "매매실거래년":20190802.0,
            "매매실거래가":27097.0,
            "전세실거래년":null,
            "전세실거래가":null,
            "전세가율":null,
            "장기전세가율평균":69.78,
            "전세가율거품지수":null,
            "검색코드":117995,
            "세대수":612.0,
            "준공년월":"2019-11-15",
            "준공년차":4.0,
            "가까운역이름":"NA",
            "가까운역거리":"NA",
            "역세권여부":"NA",
            "30분이내주요거점역":"NA",
            "1시간이내주요거점역":"NA",
            "3km이내백화점수":0,
            "5km이내아울렛몰수":0,
            "1km이내대형먀트수":1,
            "500m이내은행수":6,
            "500m이내병원수":9,
            "5km이내대형병원수":2,
            "500m이내공원수":3,
            "3km이내혐오시설수":0,
            "초등학교학업성취도":86.86,
            "중학교학업성취도":66.8,
            "용적률":248,
            "건폐율":17,
            "Y":35.348062,
            "X":129.04204,
            "rank":16.0,
            "area_info":"25평(84.99), 25평(84.87), 30평(99.97), 30평(99.97), 30평(100.64)",
            "last_sales":"2019-08-02,27097.0,30평(100.64)"
        },
        {
            "index":365,
            "아파트명":"우성스마트시티뷰",
            "투자타입":"일반",
            "전용면적(m2)":"113.32",
            "전용면적(평)":"34평",
            "법정동주소":"경상남도 양산시 물금읍 가촌리 1284",
            "도로명주소":"경상남도 양산시 백호로 156",
            "세대수":30,
            "입주년차":80,
            "용적률점수":"--",
            "건폐율점수":"--",
            "세대당주차수":60,
            "난방방식":100,
            "공급면적":"--",
            "전용률":"--",
            "욕실수":100,
            "현관타입":100,
            "주거총점":65.5,
            "지역구공급총점":0.0,
            "역세권":"NA",
            "30분내 이동가능 거점":"NA",
            "1시간내 이동가능 거점":"NA",
            "교통총점":"NA",
            "백화점":0,
            "아울렛몰":0,
            "대형마트":100,
            "은행":70,
            "병원":60,
            "종합병원":80,
            "공원":100,
            "혐오시설":0,
            "인프라총점":47.0,
            "초등학군":83.98,
            "중학군":40.86,
            "학군총점":49.484,
            "인구수":39.49,
            "인구증감":4.74,
            "인구총점":29.065,
            "일자리":17.9,
            "소득수준":61.39,
            "일자리총점":30.947,
            "가치 총점":54.096,
            "매매실거래년":20211225.0,
            "매매실거래가":48000.0,
            "전세실거래년":20211218.0,
            "전세실거래가":31000.0,
            "전세가율":64.58,
            "장기전세가율평균":69.78,
            "전세가율거품지수":5.2,
            "검색코드":109860,
            "세대수":302.0,
            "준공년월":"2017-05-02",
            "준공년차":6.0,
            "가까운역이름":"NA",
            "가까운역거리":"NA",
            "역세권여부":"NA",
            "30분이내주요거점역":"NA",
            "1시간이내주요거점역":"NA",
            "3km이내백화점수":0,
            "5km이내아울렛몰수":0,
            "1km이내대형먀트수":3,
            "500m이내은행수":3,
            "500m이내병원수":12,
            "5km이내대형병원수":1,
            "500m이내공원수":6,
            "3km이내혐오시설수":0,
            "초등학교학업성취도":83.98,
            "중학교학업성취도":67.5,
            "용적률":229,
            "건폐율":24,
            "Y":35.31205,
            "X":129.008929,
            "rank":17.0,
            "area_info":"34평(113.32)",
            "last_sales":"2021-12-25,48000.0,34평(113.32)"
        },
        {
            "index":15,
            "아파트명":"상록경남아너스빌",
            "투자타입":"일반",
            "전용면적(m2)":"108.76",
            "전용면적(평)":"32평",
            "법정동주소":"경상남도 양산시 남부동 608-1",
            "도로명주소":"경상남도 양산시 양주로 16",
            "세대수":90,
            "입주년차":40,
            "용적률점수":"--",
            "건폐율점수":"--",
            "세대당주차수":30,
            "난방방식":100,
            "공급면적":"--",
            "전용률":"--",
            "욕실수":100,
            "현관타입":100,
            "주거총점":74.0,
            "지역구공급총점":0.0,
            "역세권":"NA",
            "30분내 이동가능 거점":"NA",
            "1시간내 이동가능 거점":"NA",
            "교통총점":"NA",
            "백화점":0,
            "아울렛몰":0,
            "대형마트":80,
            "은행":0,
            "병원":10,
            "종합병원":100,
            "공원":100,
            "혐오시설":-100,
            "인프라총점":34.0,
            "초등학군":88.25,
            "중학군":47.56,
            "학군총점":55.698,
            "인구수":39.49,
            "인구증감":4.74,
            "인구총점":29.065,
            "일자리":17.9,
            "소득수준":61.39,
            "일자리총점":30.947,
            "가치 총점":53.4245,
            "매매실거래년":20211217.0,
            "매매실거래가":28300.0,
            "전세실거래년":20220107.0,
            "전세실거래가":25000.0,
            "전세가율":88.34,
            "장기전세가율평균":69.78,
            "전세가율거품지수":-18.56,
            "검색코드":12838,
            "세대수":998.0,
            "준공년월":"2005-10-21",
            "준공년차":18.0,
            "가까운역이름":"NA",
            "가까운역거리":"NA",
            "역세권여부":"NA",
            "30분이내주요거점역":"NA",
            "1시간이내주요거점역":"NA",
            "3km이내백화점수":0,
            "5km이내아울렛몰수":0,
            "1km이내대형먀트수":1,
            "500m이내은행수":0,
            "500m이내병원수":2,
            "5km이내대형병원수":2,
            "500m이내공원수":2,
            "3km이내혐오시설수":2,
            "초등학교학업성취도":88.25,
            "중학교학업성취도":78.2,
            "용적률":214,
            "건폐율":16,
            "Y":35.330872,
            "X":129.02477,
            "rank":18.0,
            "area_info":"32평(108.76), 32평(108.76), 45평(151.92)",
            "last_sales":"2021-12-17,28300.0,32평(108.76)"
        },
        {
            "index":296,
            "아파트명":"양산신도시동원로얄듀크비스타4차",
            "투자타입":"일반",
            "전용면적(m2)":"111.56",
            "전용면적(평)":"33평",
            "법정동주소":"경상남도 양산시 물금읍 가촌리 1285",
            "도로명주소":"경상남도 양산시 백호로 155",
            "세대수":50,
            "입주년차":80,
            "용적률점수":"--",
            "건폐율점수":"--",
            "세대당주차수":30,
            "난방방식":100,
            "공급면적":"--",
            "전용률":"--",
            "욕실수":100,
            "현관타입":100,
            "주거총점":68.0,
            "지역구공급총점":0.0,
            "역세권":"NA",
            "30분내 이동가능 거점":"NA",
            "1시간내 이동가능 거점":"NA",
            "교통총점":"NA",
            "백화점":0,
            "아울렛몰":0,
            "대형마트":100,
            "은행":20,
            "병원":60,
            "종합병원":80,
            "공원":100,
            "혐오시설":0,
            "인프라총점":42.0,
            "초등학군":83.98,
            "중학군":40.86,
            "학군총점":49.484,
            "인구수":39.49,
            "인구증감":4.74,
            "인구총점":29.065,
            "일자리":17.9,
            "소득수준":61.39,
            "일자리총점":30.947,
            "가치 총점":52.971,
            "매매실거래년":20211130.0,
            "매매실거래가":53800.0,
            "전세실거래년":20211211.0,
            "전세실거래가":29000.0,
            "전세가율":53.9,
            "장기전세가율평균":69.78,
            "전세가율거품지수":15.88,
            "검색코드":109859,
            "세대수":521.0,
            "준공년월":"2017-06-15",
            "준공년차":6.0,
            "가까운역이름":"NA",
            "가까운역거리":"NA",
            "역세권여부":"NA",
            "30분이내주요거점역":"NA",
            "1시간이내주요거점역":"NA",
            "3km이내백화점수":0,
            "5km이내아울렛몰수":0,
            "1km이내대형먀트수":3,
            "500m이내은행수":2,
            "500m이내병원수":15,
            "5km이내대형병원수":1,
            "500m이내공원수":4,
            "3km이내혐오시설수":0,
            "초등학교학업성취도":83.98,
            "중학교학업성취도":67.5,
            "용적률":229,
            "건폐율":19,
            "Y":35.313495,
            "X":129.009122,
            "rank":19.0,
            "area_info":"33평(111.56), 33평(111.44), 33평(111.44)",
            "last_sales":"2021-11-30,53800.0,33평(111.56)"
        },
        {
            "index":97,
            "아파트명":"e편한세상남양산2차",
            "투자타입":"일반",
            "전용면적(m2)":"85.2",
            "전용면적(평)":"25평",
            "법정동주소":"경상남도 양산시 동면 석산리 1450-1",
            "도로명주소":"경상남도 양산시 금오13길 71",
            "세대수":90,
            "입주년차":60,
            "용적률점수":"--",
            "건폐율점수":"--",
            "세대당주차수":60,
            "난방방식":100,
            "공급면적":"--",
            "전용률":"--",
            "욕실수":100,
            "현관타입":100,
            "주거총점":82.5,
            "지역구공급총점":0.0,
            "역세권":"NA",
            "30분내 이동가능 거점":"NA",
            "1시간내 이동가능 거점":"NA",
            "교통총점":"NA",
            "백화점":0,
            "아울렛몰":0,
            "대형마트":0,
            "은행":0,
            "병원":60,
            "종합병원":100,
            "공원":100,
            "혐오시설":-100,
            "인프라총점":27.0,
            "초등학군":72.85,
            "중학군":47.56,
            "학군총점":52.618,
            "인구수":39.49,
            "인구증감":4.74,
            "인구총점":29.065,
            "일자리":17.9,
            "소득수준":61.39,
            "일자리총점":30.947,
            "가치 총점":52.8295,
            "매매실거래년":20211025.0,
            "매매실거래가":74700.0,
            "전세실거래년":20210908.0,
            "전세실거래가":23000.0,
            "전세가율":89.15,
            "장기전세가율평균":69.78,
            "전세가율거품지수":-19.37,
            "검색코드":103915,
            "세대수":998.0,
            "준공년월":"2013-05-27",
            "준공년차":10.0,
            "가까운역이름":"NA",
            "가까운역거리":"NA",
            "역세권여부":"NA",
            "30분이내주요거점역":"NA",
            "1시간이내주요거점역":"NA",
            "3km이내백화점수":0,
            "5km이내아울렛몰수":0,
            "1km이내대형먀트수":0,
            "500m이내은행수":1,
            "500m이내병원수":13,
            "5km이내대형병원수":2,
            "500m이내공원수":3,
            "3km이내혐오시설수":2,
            "초등학교학업성취도":72.85,
            "중학교학업성취도":78.2,
            "용적률":207,
            "건폐율":13,
            "Y":35.319812,
            "X":129.022706,
            "rank":20.0,
            "area_info":"25평(85.2), 33평(109.29), 33평(109.73), 33평(112.19), 40평(133.78), 47평(156.0), 52평(172.64)",
            "last_sales":"2021-10-25,74700.0,52평(172.64)"
        },
        {
            "index":22,
            "아파트명":"양산신도시동원로얄듀크",
            "투자타입":"일반",
            "전용면적(m2)":"83.31",
            "전용면적(평)":"25평",
            "법정동주소":"경상남도 양산시 남부동 608-4",
            "도로명주소":"경상남도 양산시 양주로 32",
            "세대수":80,
            "입주년차":40,
            "용적률점수":"--",
            "건폐율점수":"--",
            "세대당주차수":30,
            "난방방식":100,
            "공급면적":"--",
            "전용률":"--",
            "욕실수":100,
            "현관타입":100,
            "주거총점":70.5,
            "지역구공급총점":0.0,
            "역세권":"NA",
            "30분내 이동가능 거점":"NA",
            "1시간내 이동가능 거점":"NA",
            "교통총점":"NA",
            "백화점":0,
            "아울렛몰":0,
            "대형마트":80,
            "은행":0,
            "병원":10,
            "종합병원":100,
            "공원":100,
            "혐오시설":-100,
            "인프라총점":34.0,
            "초등학군":87.71,
            "중학군":47.56,
            "학군총점":55.59,
            "인구수":39.49,
            "인구증감":4.74,
            "인구총점":29.065,
            "일자리":17.9,
            "소득수준":61.39,
            "일자리총점":30.947,
            "가치 총점":52.1725,
            "매매실거래년":20211221.0,
            "매매실거래가":28500.0,
            "전세실거래년":20211224.0,
            "전세실거래가":19500.0,
            "전세가율":78.0,
            "장기전세가율평균":69.78,
            "전세가율거품지수":-8.22,
            "검색코드":11795,
            "세대수":779.0,
            "준공년월":"2005-02-23",
            "준공년차":18.0,
            "가까운역이름":"NA",
            "가까운역거리":"NA",
            "역세권여부":"NA",
            "30분이내주요거점역":"NA",
            "1시간이내주요거점역":"NA",
            "3km이내백화점수":0,
            "5km이내아울렛몰수":0,
            "1km이내대형먀트수":1,
            "500m이내은행수":0,
            "500m이내병원수":2,
            "5km이내대형병원수":2,
            "500m이내공원수":2,
            "3km이내혐오시설수":2,
            "초등학교학업성취도":87.71,
            "중학교학업성취도":78.2,
            "용적률":172,
            "건폐율":17,
            "Y":35.33034,
            "X":129.026941,
            "rank":21.0,
            "area_info":"25평(83.31), 25평(83.05), 31평(104.69), 31평(104.69)",
            "last_sales":"2021-12-21,28500.0,31평(104.69)"
        },
        {
            "index":310,
            "아파트명":"양산신도시양우내안애3차센트럴",
            "투자타입":"일반",
            "전용면적(m2)":"129.13",
            "전용면적(평)":"39평",
            "법정동주소":"경상남도 양산시 물금읍 가촌리 1282",
            "도로명주소":"경상남도 양산시 야리로 89",
            "세대수":30,
            "입주년차":80,
            "용적률점수":"--",
            "건폐율점수":"--",
            "세대당주차수":60,
            "난방방식":100,
            "공급면적":"--",
            "전용률":"--",
            "욕실수":100,
            "현관타입":100,
            "주거총점":65.5,
            "지역구공급총점":0.0,
            "역세권":"NA",
            "30분내 이동가능 거점":"NA",
            "1시간내 이동가능 거점":"NA",
            "교통총점":"NA",
            "백화점":0,
            "아울렛몰":0,
            "대형마트":100,
            "은행":20,
            "병원":60,
            "종합병원":80,
            "공원":100,
            "혐오시설":0,
            "인프라총점":42.0,
            "초등학군":83.98,
            "중학군":40.86,
            "학군총점":49.484,
            "인구수":39.49,
            "인구증감":4.74,
            "인구총점":29.065,
            "일자리":17.9,
            "소득수준":61.39,
            "일자리총점":30.947,
            "가치 총점":52.096,
            "매매실거래년":20211215.0,
            "매매실거래가":57000.0,
            "전세실거래년":20211222.0,
            "전세실거래가":40000.0,
            "전세가율":70.18,
            "장기전세가율평균":69.78,
            "전세가율거품지수":-0.4,
            "검색코드":108828,
            "세대수":311.0,
            "준공년월":"2016-11-24",
            "준공년차":7.0,
            "가까운역이름":"NA",
            "가까운역거리":"NA",
            "역세권여부":"NA",
            "30분이내주요거점역":"NA",
            "1시간이내주요거점역":"NA",
            "3km이내백화점수":0,
            "5km이내아울렛몰수":0,
            "1km이내대형먀트수":3,
            "500m이내은행수":2,
            "500m이내병원수":28,
            "5km이내대형병원수":1,
            "500m이내공원수":2,
            "3km이내혐오시설수":0,
            "초등학교학업성취도":83.98,
            "중학교학업성취도":67.5,
            "용적률":210,
            "건폐율":15,
            "Y":35.313318,
            "X":129.006582,
            "rank":22.0,
            "area_info":"39평(129.13)",
            "last_sales":"2021-12-15,57000.0,39평(129.13)"
        },
        {
            "index":150,
            "아파트명":"양산이지더원리버포레",
            "투자타입":"일반",
            "전용면적(m2)":"88.1",
            "전용면적(평)":"26평",
            "법정동주소":"경상남도 양산시 동면 석산리 1447-1",
            "도로명주소":"경상남도 양산시 금오16길 100",
            "세대수":90,
            "입주년차":80,
            "용적률점수":"--",
            "건폐율점수":"--",
            "세대당주차수":30,
            "난방방식":100,
            "공급면적":"--",
            "전용률":"--",
            "욕실수":100,
            "현관타입":100,
            "주거총점":82.0,
            "지역구공급총점":0.0,
            "역세권":"NA",
            "30분내 이동가능 거점":"NA",
            "1시간내 이동가능 거점":"NA",
            "교통총점":"NA",
            "백화점":0,
            "아울렛몰":0,
            "대형마트":0,
            "은행":0,
            "병원":10,
            "종합병원":100,
            "공원":100,
            "혐오시설":-100,
            "인프라총점":22.0,
            "초등학군":100.0,
            "중학군":47.56,
            "학군총점":58.048,
            "인구수":39.49,
            "인구증감":4.74,
            "인구총점":29.065,
            "일자리":17.9,
            "소득수준":61.39,
            "일자리총점":30.947,
            "가치 총점":52.012,
            "매매실거래년":20220111.0,
            "매매실거래가":36800.0,
            "전세실거래년":20211229.0,
            "전세실거래가":26000.0,
            "전세가율":84.42,
            "장기전세가율평균":69.78,
            "전세가율거품지수":-14.64,
            "검색코드":110617,
            "세대수":1083.0,
            "준공년월":"2017-07-28",
            "준공년차":6.0,
            "가까운역이름":"NA",
            "가까운역거리":"NA",
            "역세권여부":"NA",
            "30분이내주요거점역":"NA",
            "1시간이내주요거점역":"NA",
            "3km이내백화점수":0,
            "5km이내아울렛몰수":0,
            "1km이내대형먀트수":0,
            "500m이내은행수":1,
            "500m이내병원수":3,
            "5km이내대형병원수":2,
            "500m이내공원수":2,
            "3km이내혐오시설수":2,
            "초등학교학업성취도":100.0,
            "중학교학업성취도":78.2,
            "용적률":205,
            "건폐율":17,
            "Y":35.323298,
            "X":129.025921,
            "rank":23.0,
            "area_info":"26평(88.1), 29평(97.91), 31평(104.87)",
            "last_sales":"2022-01-11,36800.0,29평(97.91)"
        },
        {
            "index":362,
            "아파트명":"우미린",
            "투자타입":"일반",
            "전용면적(m2)":"79.54",
            "전용면적(평)":"24평",
            "법정동주소":"경상남도 양산시 물금읍 범어리 2712-12",
            "도로명주소":"경상남도 양산시 범어로 77",
            "세대수":80,
            "입주년차":60,
            "용적률점수":"--",
            "건폐율점수":"--",
            "세대당주차수":30,
            "난방방식":100,
            "공급면적":"--",
            "전용률":"--",
            "욕실수":100,
            "현관타입":100,
            "주거총점":74.5,
            "지역구공급총점":0.0,
            "역세권":"NA",
            "30분내 이동가능 거점":"NA",
            "1시간내 이동가능 거점":"NA",
            "교통총점":"NA",
            "백화점":0,
            "아울렛몰":0,
            "대형마트":0,
            "은행":0,
            "병원":60,
            "종합병원":100,
            "공원":100,
            "혐오시설":-100,
            "인프라총점":27.0,
            "초등학군":92.37,
            "중학군":51.56,
            "학군총점":59.722,
            "인구수":39.49,
            "인구증감":4.74,
            "인구총점":29.065,
            "일자리":17.9,
            "소득수준":61.39,
            "일자리총점":30.947,
            "가치 총점":51.8055,
            "매매실거래년":20211229.0,
            "매매실거래가":32800.0,
            "전세실거래년":20211228.0,
            "전세실거래가":27000.0,
            "전세가율":82.32,
            "장기전세가율평균":69.78,
            "전세가율거품지수":-12.54,
            "검색코드":103065,
            "세대수":720.0,
            "준공년월":"2013-06-11",
            "준공년차":10.0,
            "가까운역이름":"NA",
            "가까운역거리":"NA",
            "역세권여부":"NA",
            "30분이내주요거점역":"NA",
            "1시간이내주요거점역":"NA",
            "3km이내백화점수":0,
            "5km이내아울렛몰수":0,
            "1km이내대형먀트수":0,
            "500m이내은행수":1,
            "500m이내병원수":23,
            "5km이내대형병원수":2,
            "500m이내공원수":3,
            "3km이내혐오시설수":2,
            "초등학교학업성취도":92.37,
            "중학교학업성취도":85.2,
            "용적률":176,
            "건폐율":12,
            "Y":35.328731,
            "X":129.016857,
            "rank":24.0,
            "area_info":"24평(79.54), 24평(80.79), 24평(82.02)",
            "last_sales":"2021-12-29,32800.0,24평(79.54)"
        },
        {
            "index":229,
            "아파트명":"양산대방노블랜드7차메가시티",
            "투자타입":"일반",
            "전용면적(m2)":"82.97",
            "전용면적(평)":"25평",
            "법정동주소":"경상남도 양산시 물금읍 가촌리 1273-1",
            "도로명주소":"경상남도 양산시 새실로 11",
            "세대수":100,
            "입주년차":80,
            "용적률점수":"--",
            "건폐율점수":"--",
            "세대당주차수":30,
            "난방방식":100,
            "공급면적":"--",
            "전용률":"--",
            "욕실수":100,
            "현관타입":100,
            "주거총점":85.5,
            "지역구공급총점":0.0,
            "역세권":"NA",
            "30분내 이동가능 거점":"NA",
            "1시간내 이동가능 거점":"NA",
            "교통총점":"NA",
            "백화점":0,
            "아울렛몰":0,
            "대형마트":0,
            "은행":0,
            "병원":30,
            "종합병원":80,
            "공원":100,
            "혐오시설":0,
            "인프라총점":22.0,
            "초등학군":93.23,
            "중학군":40.86,
            "학군총점":51.334,
            "인구수":39.49,
            "인구증감":4.74,
            "인구총점":29.065,
            "일자리":17.9,
            "소득수준":61.39,
            "일자리총점":30.947,
            "가치 총점":51.5585,
            "매매실거래년":20211229.0,
            "매매실거래가":37000.0,
            "전세실거래년":20211128.0,
            "전세실거래가":22000.0,
            "전세가율":63.04,
            "장기전세가율평균":69.78,
            "전세가율거품지수":6.74,
            "검색코드":109396,
            "세대수":2130.0,
            "준공년월":"2017-07-11",
            "준공년차":6.0,
            "가까운역이름":"NA",
            "가까운역거리":"NA",
            "역세권여부":"NA",
            "30분이내주요거점역":"NA",
            "1시간이내주요거점역":"NA",
            "3km이내백화점수":0,
            "5km이내아울렛몰수":0,
            "1km이내대형먀트수":0,
            "500m이내은행수":0,
            "500m이내병원수":8,
            "5km이내대형병원수":1,
            "500m이내공원수":3,
            "3km이내혐오시설수":0,
            "초등학교학업성취도":93.23,
            "중학교학업성취도":67.5,
            "용적률":197,
            "건폐율":11,
            "Y":35.316247,
            "X":128.993751,
            "rank":25.0,
            "area_info":"25평(82.97), 25평(82.71), 34평(112.94), 34평(112.45), 42평(140.17), 42평(140.87)",
            "last_sales":"2021-12-29,37000.0,25평(82.71)"
        },
        {
            "index":121,
            "아파트명":"남양산역반도유보라아이비파크6차",
            "투자타입":"일반",
            "전용면적(m2)":"82.15",
            "전용면적(평)":"24평",
            "법정동주소":"경상남도 양산시 동면 석산리 1448-5",
            "도로명주소":"경상남도 양산시 금오13길 38",
            "세대수":80,
            "입주년차":80,
            "용적률점수":"--",
            "건폐율점수":"--",
            "세대당주차수":30,
            "난방방식":100,
            "공급면적":"--",
            "전용률":"--",
            "욕실수":100,
            "현관타입":100,
            "주거총점":78.5,
            "지역구공급총점":0.0,
            "역세권":"NA",
            "30분내 이동가능 거점":"NA",
            "1시간내 이동가능 거점":"NA",
            "교통총점":"NA",
            "백화점":0,
            "아울렛몰":0,
            "대형마트":0,
            "은행":0,
            "병원":60,
            "종합병원":100,
            "공원":100,
            "혐오시설":-100,
            "인프라총점":27.0,
            "초등학군":72.85,
            "중학군":47.56,
            "학군총점":52.618,
            "인구수":39.49,
            "인구증감":4.74,
            "인구총점":29.065,
            "일자리":17.9,
            "소득수준":61.39,
            "일자리총점":30.947,
            "가치 총점":51.4295,
            "매매실거래년":20220111.0,
            "매매실거래가":32100.0,
            "전세실거래년":20211122.0,
            "전세실거래가":25000.0,
            "전세가율":77.88,
            "장기전세가율평균":69.78,
            "전세가율거품지수":-8.1,
            "검색코드":108993,
            "세대수":827.0,
            "준공년월":"2017-05-19",
            "준공년차":6.0,
            "가까운역이름":"NA",
            "가까운역거리":"NA",
            "역세권여부":"NA",
            "30분이내주요거점역":"NA",
            "1시간이내주요거점역":"NA",
            "3km이내백화점수":0,
            "5km이내아울렛몰수":0,
            "1km이내대형먀트수":0,
            "500m이내은행수":1,
            "500m이내병원수":21,
            "5km이내대형병원수":2,
            "500m이내공원수":4,
            "3km이내혐오시설수":2,
            "초등학교학업성취도":72.85,
            "중학교학업성취도":78.2,
            "용적률":203,
            "건폐율":14,
            "Y":35.319221,
            "X":129.026713,
            "rank":26.0,
            "area_info":"24평(82.15), 24평(82.02), 31평(104.21), 31평(104.47), 34평(113.84)",
            "last_sales":"2022-01-11,32100.0,24평(82.15)"
        },
        {
            "index":366,
            "아파트명":"이지더원그랜드파크",
            "투자타입":"일반",
            "전용면적(m2)":"96.24",
            "전용면적(평)":"29평",
            "법정동주소":"경상남도 양산시 물금읍 가촌리 1274-1",
            "도로명주소":"경상남도 양산시 물금로 75",
            "세대수":100,
            "입주년차":80,
            "용적률점수":"--",
            "건폐율점수":"--",
            "세대당주차수":30,
            "난방방식":100,
            "공급면적":"--",
            "전용률":"--",
            "욕실수":100,
            "현관타입":100,
            "주거총점":85.5,
            "지역구공급총점":0.0,
            "역세권":"NA",
            "30분내 이동가능 거점":"NA",
            "1시간내 이동가능 거점":"NA",
            "교통총점":"NA",
            "백화점":0,
            "아울렛몰":0,
            "대형마트":0,
            "은행":0,
            "병원":30,
            "종합병원":80,
            "공원":100,
            "혐오시설":0,
            "인프라총점":22.0,
            "초등학군":88.78,
            "중학군":40.86,
            "학군총점":50.444,
            "인구수":39.49,
            "인구증감":4.74,
            "인구총점":29.065,
            "일자리":17.9,
            "소득수준":61.39,
            "일자리총점":30.947,
            "가치 총점":51.336,
            "매매실거래년":20220113.0,
            "매매실거래가":37900.0,
            "전세실거래년":20220108.0,
            "전세실거래가":28000.0,
            "전세가율":73.88,
            "장기전세가율평균":69.78,
            "전세가율거품지수":-4.1,
            "검색코드":109540,
            "세대수":1768.0,
            "준공년월":"2017-04-26",
            "준공년차":6.0,
            "가까운역이름":"NA",
            "가까운역거리":"NA",
            "역세권여부":"NA",
            "30분이내주요거점역":"NA",
            "1시간이내주요거점역":"NA",
            "3km이내백화점수":0,
            "5km이내아울렛몰수":0,
            "1km이내대형먀트수":0,
            "500m이내은행수":0,
            "500m이내병원수":7,
            "5km이내대형병원수":1,
            "500m이내공원수":2,
            "3km이내혐오시설수":0,
            "초등학교학업성취도":88.78,
            "중학교학업성취도":67.5,
            "용적률":215,
            "건폐율":15,
            "Y":35.3132,
            "X":128.991646,
            "rank":27.0,
            "area_info":"29평(96.24), 30평(99.75), 33평(111.97)",
            "last_sales":"2022-01-13,37900.0,29평(96.24)"
        },
        {
            "index":390,
            "아파트명":"힐데스하임",
            "투자타입":"일반",
            "전용면적(m2)":"89.73",
            "전용면적(평)":"27평",
            "법정동주소":"경상남도 양산시 물금읍 가촌리 1281",
            "도로명주소":"경상남도 양산시 야리로 75",
            "세대수":30,
            "입주년차":80,
            "용적률점수":"--",
            "건폐율점수":"--",
            "세대당주차수":30,
            "난방방식":100,
            "공급면적":"--",
            "전용률":"--",
            "욕실수":100,
            "현관타입":100,
            "주거총점":61.0,
            "지역구공급총점":0.0,
            "역세권":"NA",
            "30분내 이동가능 거점":"NA",
            "1시간내 이동가능 거점":"NA",
            "교통총점":"NA",
            "백화점":0,
            "아울렛몰":0,
            "대형마트":100,
            "은행":20,
            "병원":80,
            "종합병원":80,
            "공원":100,
            "혐오시설":0,
            "인프라총점":44.0,
            "초등학군":83.98,
            "중학군":40.86,
            "학군총점":49.484,
            "인구수":39.49,
            "인구증감":4.74,
            "인구총점":29.065,
            "일자리":17.9,
            "소득수준":61.39,
            "일자리총점":30.947,
            "가치 총점":51.321,
            "매매실거래년":20211215.0,
            "매매실거래가":40900.0,
            "전세실거래년":20211208.0,
            "전세실거래가":17850.0,
            "전세가율":59.8,
            "장기전세가율평균":69.78,
            "전세가율거품지수":9.98,
            "검색코드":108491,
            "세대수":377.0,
            "준공년월":"2016-08-18",
            "준공년차":7.0,
            "가까운역이름":"NA",
            "가까운역거리":"NA",
            "역세권여부":"NA",
            "30분이내주요거점역":"NA",
            "1시간이내주요거점역":"NA",
            "3km이내백화점수":0,
            "5km이내아울렛몰수":0,
            "1km이내대형먀트수":3,
            "500m이내은행수":2,
            "500m이내병원수":32,
            "5km이내대형병원수":1,
            "500m이내공원수":2,
            "3km이내혐오시설수":0,
            "초등학교학업성취도":83.98,
            "중학교학업성취도":67.5,
            "용적률":203,
            "건폐율":19,
            "Y":35.314417,
            "X":129.005616,
            "rank":28.0,
            "area_info":"27평(89.73), 29평(97.3), 30평(100.08)",
            "last_sales":"2021-12-15,40900.0,30평(100.08)"
        },
        {
            "index":92,
            "아파트명":"e편한세상남양산1차",
            "투자타입":"일반",
            "전용면적(m2)":"85.26",
            "전용면적(평)":"25평",
            "법정동주소":"경상남도 양산시 동면 석산리 1448-2",
            "도로명주소":"경상남도 양산시 금오16길 65",
            "세대수":90,
            "입주년차":60,
            "용적률점수":"--",
            "건폐율점수":"--",
            "세대당주차수":30,
            "난방방식":100,
            "공급면적":"--",
            "전용률":"--",
            "욕실수":100,
            "현관타입":100,
            "주거총점":78.0,
            "지역구공급총점":0.0,
            "역세권":"NA",
            "30분내 이동가능 거점":"NA",
            "1시간내 이동가능 거점":"NA",
            "교통총점":"NA",
            "백화점":0,
            "아울렛몰":0,
            "대형마트":0,
            "은행":0,
            "병원":60,
            "종합병원":100,
            "공원":100,
            "혐오시설":-100,
            "인프라총점":27.0,
            "초등학군":72.85,
            "중학군":47.56,
            "학군총점":52.618,
            "인구수":39.49,
            "인구증감":4.74,
            "인구총점":29.065,
            "일자리":17.9,
            "소득수준":61.39,
            "일자리총점":30.947,
            "가치 총점":51.2545,
            "매매실거래년":20211219.0,
            "매매실거래가":28500.0,
            "전세실거래년":20211215.0,
            "전세실거래가":16000.0,
            "전세가율":56.14,
            "장기전세가율평균":69.78,
            "전세가율거품지수":13.64,
            "검색코드":103526,
            "세대수":976.0,
            "준공년월":"2013-05-27",
            "준공년차":10.0,
            "가까운역이름":"NA",
            "가까운역거리":"NA",
            "역세권여부":"NA",
            "30분이내주요거점역":"NA",
            "1시간이내주요거점역":"NA",
            "3km이내백화점수":0,
            "5km이내아울렛몰수":0,
            "1km이내대형먀트수":0,
            "500m이내은행수":1,
            "500m이내병원수":17,
            "5km이내대형병원수":2,
            "500m이내공원수":4,
            "3km이내혐오시설수":2,
            "초등학교학업성취도":72.85,
            "중학교학업성취도":78.2,
            "용적률":192,
            "건폐율":14,
            "Y":35.320196,
            "X":129.028375,
            "rank":29.0,
            "area_info":"25평(85.26), 34평(114.53), 34평(114.89), 34평(115.33), 34평(115.45)",
            "last_sales":"2021-12-19,28500.0,25평(85.26)"
        },
        {
            "index":529,
            "아파트명":"양산우방아이유쉘",
            "투자타입":"일반",
            "전용면적(m2)":"113.33",
            "전용면적(평)":"34평",
            "법정동주소":"경상남도 양산시 신기동 651-1",
            "도로명주소":"경상남도 양산시 신기강변1길 11",
            "세대수":50,
            "입주년차":80,
            "용적률점수":"--",
            "건폐율점수":"--",
            "세대당주차수":30,
            "난방방식":30,
            "공급면적":"--",
            "전용률":"--",
            "욕실수":100,
            "현관타입":100,
            "주거총점":61.0,
            "지역구공급총점":0.0,
            "역세권":"NA",
            "30분내 이동가능 거점":"NA",
            "1시간내 이동가능 거점":"NA",
            "교통총점":"NA",
            "백화점":0,
            "아울렛몰":0,
            "대형마트":80,
            "은행":70,
            "병원":10,
            "종합병원":100,
            "공원":100,
            "혐오시설":0,
            "인프라총점":43.0,
            "초등학군":88.0,
            "중학군":40.24,
            "학군총점":49.792,
            "인구수":39.49,
            "인구증감":4.74,
            "인구총점":29.065,
            "일자리":17.9,
            "소득수준":61.39,
            "일자리총점":30.947,
            "가치 총점":50.998,
            "매매실거래년":20211211.0,
            "매매실거래가":37200.0,
            "전세실거래년":20210803.0,
            "전세실거래가":15000.0,
            "전세가율":40.32,
            "장기전세가율평균":69.78,
            "전세가율거품지수":29.46,
            "검색코드":105024,
            "세대수":581.0,
            "준공년월":"2014-07-01",
            "준공년차":9.0,
            "가까운역이름":"NA",
            "가까운역거리":"NA",
            "역세권여부":"NA",
            "30분이내주요거점역":"NA",
            "1시간이내주요거점역":"NA",
            "3km이내백화점수":0,
            "5km이내아울렛몰수":0,
            "1km이내대형먀트수":1,
            "500m이내은행수":4,
            "500m이내병원수":4,
            "5km이내대형병원수":2,
            "500m이내공원수":5,
            "3km이내혐오시설수":0,
            "초등학교학업성취도":88.0,
            "중학교학업성취도":66.8,
            "용적률":217,
            "건폐율":18,
            "Y":35.351536,
            "X":129.035912,
            "rank":30.0,
            "area_info":"34평(113.33), 34평(114.73)",
            "last_sales":"2021-12-11,37200.0,34평(113.33)"
        },
        {
            "index":288,
            "아파트명":"양산범어주공3차",
            "투자타입":"재건축",
            "전용면적(m2)":"56.65",
            "전용면적(평)":"17평",
            "법정동주소":"경상남도 양산시 물금읍 범어리 789",
            "도로명주소":"경상남도 양산시 동중1길 7",
            "세대수":50,
            "입주년차":"--",
            "용적률점수":100,
            "건폐율점수":100,
            "세대당주차수":"--",
            "난방방식":"--",
            "공급면적":50,
            "전용률":100,
            "욕실수":"--",
            "현관타입":"--",
            "주거총점":82.5,
            "지역구공급총점":0.0,
            "역세권":"NA",
            "30분내 이동가능 거점":"NA",
            "1시간내 이동가능 거점":"NA",
            "교통총점":"NA",
            "백화점":0,
            "아울렛몰":0,
            "대형마트":0,
            "은행":0,
            "병원":10,
            "종합병원":100,
            "공원":100,
            "혐오시설":0,
            "인프라총점":24.0,
            "초등학군":85.35,
            "중학군":41.12,
            "학군총점":49.966,
            "인구수":39.49,
            "인구증감":4.74,
            "인구총점":29.065,
            "일자리":17.9,
            "소득수준":61.39,
            "일자리총점":30.947,
            "가치 총점":50.9665,
            "매매실거래년":20211120.0,
            "매매실거래가":29800.0,
            "전세실거래년":null,
            "전세실거래가":null,
            "전세가율":null,
            "장기전세가율평균":69.78,
            "전세가율거품지수":null,
            "검색코드":6994,
            "세대수":410.0,
            "준공년월":"1990-05-27",
            "준공년차":33.0,
            "가까운역이름":"NA",
            "가까운역거리":"NA",
            "역세권여부":"NA",
            "30분이내주요거점역":"NA",
            "1시간이내주요거점역":"NA",
            "3km이내백화점수":0,
            "5km이내아울렛몰수":0,
            "1km이내대형먀트수":0,
            "500m이내은행수":1,
            "500m이내병원수":4,
            "5km이내대형병원수":2,
            "500m이내공원수":4,
            "3km이내혐오시설수":0,
            "초등학교학업성취도":85.35,
            "중학교학업성취도":68.2,
            "용적률":90,
            "건폐율":18,
            "Y":35.329389,
            "X":129.002765,
            "rank":31.0,
            "area_info":"17평(56.65), 17평(57.04), 17평(57.22), 19평(65.64), 19평(66.09)",
            "last_sales":"2021-11-20,29800.0,19평(65.64)"
        },
        {
            "index":55,
            "아파트명":"동양산우성스마트시티뷰",
            "투자타입":"일반",
            "전용면적(m2)":"81.88",
            "전용면적(평)":"24평",
            "법정동주소":"경상남도 양산시 덕계동 1580",
            "도로명주소":"경상남도 양산시 덕계회야길 16",
            "세대수":50,
            "입주년차":100,
            "용적률점수":"--",
            "건폐율점수":"--",
            "세대당주차수":30,
            "난방방식":30,
            "공급면적":"--",
            "전용률":"--",
            "욕실수":100,
            "현관타입":100,
            "주거총점":65.0,
            "지역구공급총점":0.0,
            "역세권":"NA",
            "30분내 이동가능 거점":"NA",
            "1시간내 이동가능 거점":"NA",
            "교통총점":"NA",
            "백화점":0,
            "아울렛몰":0,
            "대형마트":80,
            "은행":0,
            "병원":60,
            "종합병원":80,
            "공원":0,
            "혐오시설":0,
            "인프라총점":34.0,
            "초등학군":96.39,
            "중학군":48.68,
            "학군총점":58.222,
            "인구수":39.49,
            "인구증감":4.74,
            "인구총점":29.065,
            "일자리":17.9,
            "소득수준":61.39,
            "일자리총점":30.947,
            "가치 총점":50.9055,
            "매매실거래년":20200128.0,
            "매매실거래가":18400.0,
            "전세실거래년":null,
            "전세실거래가":null,
            "전세가율":null,
            "장기전세가율평균":69.78,
            "전세가율거품지수":null,
            "검색코드":113967,
            "세대수":604.0,
            "준공년월":"2019-10-22",
            "준공년차":4.0,
            "가까운역이름":"NA",
            "가까운역거리":"NA",
            "역세권여부":"NA",
            "30분이내주요거점역":"NA",
            "1시간이내주요거점역":"NA",
            "3km이내백화점수":0,
            "5km이내아울렛몰수":0,
            "1km이내대형먀트수":1,
            "500m이내은행수":1,
            "500m이내병원수":19,
            "5km이내대형병원수":1,
            "500m이내공원수":0,
            "3km이내혐오시설수":0,
            "초등학교학업성취도":96.39,
            "중학교학업성취도":80.8,
            "용적률":366,
            "건폐율":20,
            "Y":35.372309,
            "X":129.146886,
            "rank":32.0,
            "area_info":"24평(81.88), 27평(90.2), 29평(98.61), 32평(107.73), 33평(110.72), 33평(111.16), 36평(120.73), 36평(121.28), 38평(127.32), 41평(138.43)",
            "last_sales":"2020-01-28,18400.0,24평(81.88)"
        },
        {
            "index":116,
            "아파트명":"남양산역반도유보라아이비파크5차",
            "투자타입":"일반",
            "전용면적(m2)":"80.72",
            "전용면적(평)":"24평",
            "법정동주소":"경상남도 양산시 동면 석산리 1447-4",
            "도로명주소":"경상남도 양산시 금오16길 122",
            "세대수":90,
            "입주년차":80,
            "용적률점수":"--",
            "건폐율점수":"--",
            "세대당주차수":30,
            "난방방식":100,
            "공급면적":"--",
            "전용률":"--",
            "욕실수":100,
            "현관타입":100,
            "주거총점":82.0,
            "지역구공급총점":0.0,
            "역세권":"NA",
            "30분내 이동가능 거점":"NA",
            "1시간내 이동가능 거점":"NA",
            "교통총점":"NA",
            "백화점":0,
            "아울렛몰":0,
            "대형마트":0,
            "은행":0,
            "병원":10,
            "종합병원":100,
            "공원":100,
            "혐오시설":-100,
            "인프라총점":22.0,
            "초등학군":72.85,
            "중학군":47.56,
            "학군총점":52.618,
            "인구수":39.49,
            "인구증감":4.74,
            "인구총점":29.065,
            "일자리":17.9,
            "소득수준":61.39,
            "일자리총점":30.947,
            "가치 총점":50.6545,
            "매매실거래년":20220103.0,
            "매매실거래가":36500.0,
            "전세실거래년":20211116.0,
            "전세실거래가":20000.0,
            "전세가율":62.5,
            "장기전세가율평균":69.78,
            "전세가율거품지수":7.28,
            "검색코드":108324,
            "세대수":1244.0,
            "준공년월":"2016-12-01",
            "준공년차":7.0,
            "가까운역이름":"NA",
            "가까운역거리":"NA",
            "역세권여부":"NA",
            "30분이내주요거점역":"NA",
            "1시간이내주요거점역":"NA",
            "3km이내백화점수":0,
            "5km이내아울렛몰수":0,
            "1km이내대형먀트수":0,
            "500m이내은행수":1,
            "500m이내병원수":3,
            "5km이내대형병원수":2,
            "500m이내공원수":3,
            "3km이내혐오시설수":2,
            "초등학교학업성취도":72.85,
            "중학교학업성취도":78.2,
            "용적률":205,
            "건폐율":13,
            "Y":35.322265,
            "X":129.023737,
            "rank":33.0,
            "area_info":"24평(80.72), 24평(80.59), 29평(99.09), 29평(99.02), 36평(120.18)",
            "last_sales":"2022-01-03,36500.0,29평(99.09)"
        },
        {
            "index":307,
            "아파트명":"양산신도시양우내안애2차(31블럭)",
            "투자타입":"일반",
            "전용면적(m2)":"110.92",
            "전용면적(평)":"33평",
            "법정동주소":"경상남도 양산시 물금읍 가촌리 1271-1",
            "도로명주소":"경상남도 양산시 물금로 160",
            "세대수":80,
            "입주년차":80,
            "용적률점수":"--",
            "건폐율점수":"--",
            "세대당주차수":30,
            "난방방식":100,
            "공급면적":"--",
            "전용률":"--",
            "욕실수":100,
            "현관타입":100,
            "주거총점":78.5,
            "지역구공급총점":0.0,
            "역세권":"NA",
            "30분내 이동가능 거점":"NA",
            "1시간내 이동가능 거점":"NA",
            "교통총점":"NA",
            "백화점":0,
            "아울렛몰":0,
            "대형마트":0,
            "은행":0,
            "병원":60,
            "종합병원":80,
            "공원":100,
            "혐오시설":0,
            "인프라총점":25.0,
            "초등학군":93.23,
            "중학군":40.86,
            "학군총점":51.334,
            "인구수":39.49,
            "인구증감":4.74,
            "인구총점":29.065,
            "일자리":17.9,
            "소득수준":61.39,
            "일자리총점":30.947,
            "가치 총점":50.3085,
            "매매실거래년":20211210.0,
            "매매실거래가":44500.0,
            "전세실거래년":20211206.0,
            "전세실거래가":30000.0,
            "전세가율":67.42,
            "장기전세가율평균":69.78,
            "전세가율거품지수":2.36,
            "검색코드":107806,
            "세대수":768.0,
            "준공년월":"2016-07-15",
            "준공년차":7.0,
            "가까운역이름":"NA",
            "가까운역거리":"NA",
            "역세권여부":"NA",
            "30분이내주요거점역":"NA",
            "1시간이내주요거점역":"NA",
            "3km이내백화점수":0,
            "5km이내아울렛몰수":0,
            "1km이내대형먀트수":0,
            "500m이내은행수":1,
            "500m이내병원수":21,
            "5km이내대형병원수":1,
            "500m이내공원수":2,
            "3km이내혐오시설수":0,
            "초등학교학업성취도":93.23,
            "중학교학업성취도":67.5,
            "용적률":207,
            "건폐율":14,
            "Y":35.317307,
            "X":128.998909,
            "rank":34.0,
            "area_info":"33평(110.92), 33평(110.84), 33평(111.45)",
            "last_sales":"2021-12-10,44500.0,33평(110.92)"
        },
        {
            "index":350,
            "아파트명":"양우내안애1차",
            "투자타입":"일반",
            "전용면적(m2)":"81.98",
            "전용면적(평)":"24평",
            "법정동주소":"경상남도 양산시 물금읍 가촌리 1271-3",
            "도로명주소":"경상남도 양산시 야리로 30",
            "세대수":80,
            "입주년차":80,
            "용적률점수":"--",
            "건폐율점수":"--",
            "세대당주차수":30,
            "난방방식":100,
            "공급면적":"--",
            "전용률":"--",
            "욕실수":100,
            "현관타입":100,
            "주거총점":78.5,
            "지역구공급총점":0.0,
            "역세권":"NA",
            "30분내 이동가능 거점":"NA",
            "1시간내 이동가능 거점":"NA",
            "교통총점":"NA",
            "백화점":0,
            "아울렛몰":0,
            "대형마트":0,
            "은행":0,
            "병원":60,
            "종합병원":80,
            "공원":100,
            "혐오시설":0,
            "인프라총점":25.0,
            "초등학군":93.23,
            "중학군":40.86,
            "학군총점":51.334,
            "인구수":39.49,
            "인구증감":4.74,
            "인구총점":29.065,
            "일자리":17.9,
            "소득수준":61.39,
            "일자리총점":30.947,
            "가치 총점":50.3085,
            "매매실거래년":20211229.0,
            "매매실거래가":30500.0,
            "전세실거래년":20220111.0,
            "전세실거래가":20000.0,
            "전세가율":65.57,
            "장기전세가율평균":69.78,
            "전세가율거품지수":4.21,
            "검색코드":103922,
            "세대수":796.0,
            "준공년월":"2014-03-27",
            "준공년차":9.0,
            "가까운역이름":"NA",
            "가까운역거리":"NA",
            "역세권여부":"NA",
            "30분이내주요거점역":"NA",
            "1시간이내주요거점역":"NA",
            "3km이내백화점수":0,
            "5km이내아울렛몰수":0,
            "1km이내대형먀트수":0,
            "500m이내은행수":1,
            "500m이내병원수":24,
            "5km이내대형병원수":1,
            "500m이내공원수":2,
            "3km이내혐오시설수":0,
            "초등학교학업성취도":93.23,
            "중학교학업성취도":67.5,
            "용적률":209,
            "건폐율":16,
            "Y":35.315935,
            "X":129.000201,
            "rank":34.0,
            "area_info":"24평(81.98), 24평(82.2)",
            "last_sales":"2021-12-29,30500.0,24평(81.98)"
        },
        {
            "index":185,
            "아파트명":"반도유보라3차",
            "투자타입":"일반",
            "전용면적(m2)":"82.56",
            "전용면적(평)":"24평",
            "법정동주소":"경상남도 양산시 물금읍 범어리 2785-4",
            "도로명주소":"경상남도 양산시 서들로 179",
            "세대수":50,
            "입주년차":60,
            "용적률점수":"--",
            "건폐율점수":"--",
            "세대당주차수":30,
            "난방방식":100,
            "공급면적":"--",
            "전용률":"--",
            "욕실수":100,
            "현관타입":100,
            "주거총점":64.0,
            "지역구공급총점":0.0,
            "역세권":"NA",
            "30분내 이동가능 거점":"NA",
            "1시간내 이동가능 거점":"NA",
            "교통총점":"NA",
            "백화점":0,
            "아울렛몰":0,
            "대형마트":100,
            "은행":0,
            "병원":30,
            "종합병원":80,
            "공원":100,
            "혐오시설":0,
            "인프라총점":37.0,
            "초등학군":83.98,
            "중학군":40.86,
            "학군총점":49.484,
            "인구수":39.49,
            "인구증감":4.74,
            "인구총점":29.065,
            "일자리":17.9,
            "소득수준":61.39,
            "일자리총점":30.947,
            "가치 총점":49.571,
            "매매실거래년":20220113.0,
            "매매실거래가":29500.0,
            "전세실거래년":20211230.0,
            "전세실거래가":17000.0,
            "전세가율":57.63,
            "장기전세가율평균":69.78,
            "전세가율거품지수":12.15,
            "검색코드":103531,
            "세대수":648.0,
            "준공년월":"2013-12-03",
            "준공년차":10.0,
            "가까운역이름":"NA",
            "가까운역거리":"NA",
            "역세권여부":"NA",
            "30분이내주요거점역":"NA",
            "1시간이내주요거점역":"NA",
            "3km이내백화점수":0,
            "5km이내아울렛몰수":0,
            "1km이내대형먀트수":3,
            "500m이내은행수":0,
            "500m이내병원수":9,
            "5km이내대형병원수":1,
            "500m이내공원수":3,
            "3km이내혐오시설수":0,
            "초등학교학업성취도":83.98,
            "중학교학업성취도":67.5,
            "용적률":176,
            "건폐율":17,
            "Y":35.31474,
            "X":129.008456,
            "rank":35.0,
            "area_info":"24평(82.56), 25평(83.91), 25평(83.17)",
            "last_sales":"2022-01-13,29500.0,24평(82.56)"
        },
        {
            "index":395,
            "아파트명":"신양주2차",
            "투자타입":"재건축",
            "전용면적(m2)":"59.95",
            "전용면적(평)":"18평",
            "법정동주소":"경상남도 양산시 북부동 153-7",
            "도로명주소":"경상남도 양산시 북안남8길 24",
            "세대수":0,
            "입주년차":"--",
            "용적률점수":80,
            "건폐율점수":40,
            "세대당주차수":"--",
            "난방방식":"--",
            "공급면적":50,
            "전용률":100,
            "욕실수":"--",
            "현관타입":"--",
            "주거총점":47.5,
            "지역구공급총점":0.0,
            "역세권":"NA",
            "30분내 이동가능 거점":"NA",
            "1시간내 이동가능 거점":"NA",
            "교통총점":"NA",
            "백화점":0,
            "아울렛몰":0,
            "대형마트":80,
            "은행":100,
            "병원":60,
            "종합병원":100,
            "공원":100,
            "혐오시설":0,
            "인프라총점":51.0,
            "초등학군":88.0,
            "중학군":40.24,
            "학군총점":49.792,
            "인구수":39.49,
            "인구증감":4.74,
            "인구총점":29.065,
            "일자리":17.9,
            "소득수준":61.39,
            "일자리총점":30.947,
            "가치 총점":49.473,
            "매매실거래년":20210826.0,
            "매매실거래가":18500.0,
            "전세실거래년":20210705.0,
            "전세실거래가":5000.0,
            "전세가율":27.03,
            "장기전세가율평균":69.78,
            "전세가율거품지수":42.75,
            "검색코드":11434,
            "세대수":140.0,
            "준공년월":"1983-12-30",
            "준공년차":40.0,
            "가까운역이름":"NA",
            "가까운역거리":"NA",
            "역세권여부":"NA",
            "30분이내주요거점역":"NA",
            "1시간이내주요거점역":"NA",
            "3km이내백화점수":0,
            "5km이내아울렛몰수":0,
            "1km이내대형먀트수":1,
            "500m이내은행수":5,
            "500m이내병원수":10,
            "5km이내대형병원수":2,
            "500m이내공원수":3,
            "3km이내혐오시설수":0,
            "초등학교학업성취도":88.0,
            "중학교학업성취도":66.8,
            "용적률":176,
            "건폐율":36,
            "Y":35.348069,
            "X":129.037252,
            "rank":36.0,
            "area_info":"18평(59.95), 19평(65.1)",
            "last_sales":"2021-08-26,18500.0,18평(59.95)"
        },
        {
            "index":696,
            "아파트명":"양산KCC스위첸",
            "투자타입":"일반",
            "전용면적(m2)":"104.89",
            "전용면적(평)":"31평",
            "법정동주소":"경상남도 양산시 평산동 1204",
            "도로명주소":"경상남도 양산시 평산회야로 167",
            "세대수":50,
            "입주년차":100,
            "용적률점수":"--",
            "건폐율점수":"--",
            "세대당주차수":30,
            "난방방식":30,
            "공급면적":"--",
            "전용률":"--",
            "욕실수":100,
            "현관타입":100,
            "주거총점":65.0,
            "지역구공급총점":0.0,
            "역세권":"NA",
            "30분내 이동가능 거점":"NA",
            "1시간내 이동가능 거점":"NA",
            "교통총점":"NA",
            "백화점":0,
            "아울렛몰":0,
            "대형마트":80,
            "은행":0,
            "병원":60,
            "종합병원":80,
            "공원":0,
            "혐오시설":0,
            "인프라총점":34.0,
            "초등학군":96.39,
            "중학군":41.14,
            "학군총점":52.19,
            "인구수":39.49,
            "인구증감":4.74,
            "인구총점":29.065,
            "일자리":17.9,
            "소득수준":61.39,
            "일자리총점":30.947,
            "가치 총점":49.3975,
            "매매실거래년":20211215.0,
            "매매실거래가":36000.0,
            "전세실거래년":20210617.0,
            "전세실거래가":24000.0,
            "전세가율":66.67,
            "장기전세가율평균":69.78,
            "전세가율거품지수":3.11,
            "검색코드":113403,
            "세대수":553.0,
            "준공년월":"2019-10-18",
            "준공년차":4.0,
            "가까운역이름":"NA",
            "가까운역거리":"NA",
            "역세권여부":"NA",
            "30분이내주요거점역":"NA",
            "1시간이내주요거점역":"NA",
            "3km이내백화점수":0,
            "5km이내아울렛몰수":0,
            "1km이내대형먀트수":1,
            "500m이내은행수":1,
            "500m이내병원수":24,
            "5km이내대형병원수":1,
            "500m이내공원수":0,
            "3km이내혐오시설수":0,
            "초등학교학업성취도":96.39,
            "중학교학업성취도":67.5,
            "용적률":562,
            "건폐율":25,
            "Y":35.378829,
            "X":129.153089,
            "rank":37.0,
            "area_info":"31평(104.89), 31평(105.18), 35평(116.64), 35평(116.59)",
            "last_sales":"2021-12-15,36000.0,31평(104.89)"
        },
        {
            "index":322,
            "아파트명":"양산유림노르웨이숲",
            "투자타입":"일반",
            "전용면적(m2)":"118.47",
            "전용면적(평)":"35평",
            "법정동주소":"경상남도 양산시 물금읍 범어리 2710-1",
            "도로명주소":"경상남도 양산시 범구로 14",
            "세대수":50,
            "입주년차":80,
            "용적률점수":"--",
            "건폐율점수":"--",
            "세대당주차수":60,
            "난방방식":100,
            "공급면적":"--",
            "전용률":"--",
            "욕실수":100,
            "현관타입":100,
            "주거총점":72.5,
            "지역구공급총점":0.0,
            "역세권":"NA",
            "30분내 이동가능 거점":"NA",
            "1시간내 이동가능 거점":"NA",
            "교통총점":"NA",
            "백화점":0,
            "아울렛몰":0,
            "대형마트":0,
            "은행":0,
            "병원":60,
            "종합병원":100,
            "공원":80,
            "혐오시설":0,
            "인프라총점":28.4,
            "초등학군":88.38,
            "중학군":41.12,
            "학군총점":50.572,
            "인구수":39.49,
            "인구증감":4.74,
            "인구총점":29.065,
            "일자리":17.9,
            "소득수준":61.39,
            "일자리총점":30.947,
            "가치 총점":49.378,
            "매매실거래년":20211014.0,
            "매매실거래가":54750.0,
            "전세실거래년":20210914.0,
            "전세실거래가":37000.0,
            "전세가율":67.58,
            "장기전세가율평균":69.78,
            "전세가율거품지수":2.2,
            "검색코드":111270,
            "세대수":499.0,
            "준공년월":"2018-12-12",
            "준공년차":5.0,
            "가까운역이름":"NA",
            "가까운역거리":"NA",
            "역세권여부":"NA",
            "30분이내주요거점역":"NA",
            "1시간이내주요거점역":"NA",
            "3km이내백화점수":0,
            "5km이내아울렛몰수":0,
            "1km이내대형먀트수":0,
            "500m이내은행수":0,
            "500m이내병원수":20,
            "5km이내대형병원수":2,
            "500m이내공원수":1,
            "3km이내혐오시설수":0,
            "초등학교학업성취도":88.38,
            "중학교학업성취도":68.2,
            "용적률":192,
            "건폐율":29,
            "Y":35.327425,
            "X":129.012172,
            "rank":38.0,
            "area_info":"35평(118.47), 35평(118.57), 35평(118.85), 35평(118.47), 35평(118.85), 51평(169.63), 51평(170.21)",
            "last_sales":"2021-10-14,54750.0,35평(118.47)"
        },
        {
            "index":453,
            "아파트명":"웅상신도시푸르지오",
            "투자타입":"일반",
            "전용면적(m2)":"101.71",
            "전용면적(평)":"30평",
            "법정동주소":"경상남도 양산시 삼호동 861",
            "도로명주소":"경상남도 양산시 삼호로 74",
            "세대수":90,
            "입주년차":40,
            "용적률점수":"--",
            "건폐율점수":"--",
            "세대당주차수":30,
            "난방방식":30,
            "공급면적":"--",
            "전용률":"--",
            "욕실수":100,
            "현관타입":100,
            "주거총점":67.0,
            "지역구공급총점":0.0,
            "역세권":"NA",
            "30분내 이동가능 거점":"NA",
            "1시간내 이동가능 거점":"NA",
            "교통총점":"NA",
            "백화점":0,
            "아울렛몰":0,
            "대형마트":100,
            "은행":0,
            "병원":10,
            "종합병원":80,
            "공원":0,
            "혐오시설":0,
            "인프라총점":32.0,
            "초등학군":87.44,
            "중학군":43.74,
            "학군총점":52.48,
            "인구수":39.49,
            "인구증감":4.74,
            "인구총점":29.065,
            "일자리":17.9,
            "소득수준":61.39,
            "일자리총점":30.947,
            "가치 총점":49.37,
            "매매실거래년":20211217.0,
            "매매실거래가":24000.0,
            "전세실거래년":20210910.0,
            "전세실거래가":13000.0,
            "전세가율":70.27,
            "장기전세가율평균":69.78,
            "전세가율거품지수":-0.49,
            "검색코드":22214,
            "세대수":987.0,
            "준공년월":"2007-01-16",
            "준공년차":16.0,
            "가까운역이름":"NA",
            "가까운역거리":"NA",
            "역세권여부":"NA",
            "30분이내주요거점역":"NA",
            "1시간이내주요거점역":"NA",
            "3km이내백화점수":0,
            "5km이내아울렛몰수":0,
            "1km이내대형먀트수":3,
            "500m이내은행수":0,
            "500m이내병원수":2,
            "5km이내대형병원수":1,
            "500m이내공원수":0,
            "3km이내혐오시설수":0,
            "초등학교학업성취도":87.44,
            "중학교학업성취도":71.9,
            "용적률":192,
            "건폐율":17,
            "Y":35.406478,
            "X":129.172481,
            "rank":39.0,
            "area_info":"30평(101.71), 33평(111.2), 35평(116.61), 35평(118.26)",
            "last_sales":"2021-12-17,24000.0,35평(118.26)"
        },
        {
            "index":284,
            "아파트명":"양산범어주공2차",
            "투자타입":"재건축",
            "전용면적(m2)":"45.54",
            "전용면적(평)":"13평",
            "법정동주소":"경상남도 양산시 물금읍 범어리 823",
            "도로명주소":"경상남도 양산시 동중1길 21",
            "세대수":50,
            "입주년차":"--",
            "용적률점수":100,
            "건폐율점수":80,
            "세대당주차수":"--",
            "난방방식":"--",
            "공급면적":50,
            "전용률":80,
            "욕실수":"--",
            "현관타입":"--",
            "주거총점":77.5,
            "지역구공급총점":0.0,
            "역세권":"NA",
            "30분내 이동가능 거점":"NA",
            "1시간내 이동가능 거점":"NA",
            "교통총점":"NA",
            "백화점":0,
            "아울렛몰":0,
            "대형마트":0,
            "은행":0,
            "병원":10,
            "종합병원":100,
            "공원":100,
            "혐오시설":0,
            "인프라총점":24.0,
            "초등학군":87.34,
            "중학군":41.12,
            "학군총점":50.364,
            "인구수":39.49,
            "인구증감":4.74,
            "인구총점":29.065,
            "일자리":17.9,
            "소득수준":61.39,
            "일자리총점":30.947,
            "가치 총점":49.316,
            "매매실거래년":20211019.0,
            "매매실거래가":22000.0,
            "전세실거래년":20211126.0,
            "전세실거래가":6000.0,
            "전세가율":28.57,
            "장기전세가율평균":69.78,
            "전세가율거품지수":41.21,
            "검색코드":6991,
            "세대수":420.0,
            "준공년월":"1990-03-20",
            "준공년차":33.0,
            "가까운역이름":"NA",
            "가까운역거리":"NA",
            "역세권여부":"NA",
            "30분이내주요거점역":"NA",
            "1시간이내주요거점역":"NA",
            "3km이내백화점수":0,
            "5km이내아울렛몰수":0,
            "1km이내대형먀트수":0,
            "500m이내은행수":0,
            "500m이내병원수":4,
            "5km이내대형병원수":2,
            "500m이내공원수":4,
            "3km이내혐오시설수":0,
            "초등학교학업성취도":87.34,
            "중학교학업성취도":68.2,
            "용적률":96,
            "건폐율":20,
            "Y":35.33009,
            "X":129.001959,
            "rank":40.0,
            "area_info":"13평(45.54), 13평(45.15), 15평(52.86), 15평(52.53)",
            "last_sales":"2021-10-19,22000.0,15평(52.86)"
        },
        {
            "index":385,
            "아파트명":"효성백년가약",
            "투자타입":"일반",
            "전용면적(m2)":"85.01",
            "전용면적(평)":"25평",
            "법정동주소":"경상남도 양산시 물금읍 범어리 2676-13",
            "도로명주소":"경상남도 양산시 범어로 33",
            "세대수":80,
            "입주년차":40,
            "용적률점수":"--",
            "건폐율점수":"--",
            "세대당주차수":30,
            "난방방식":100,
            "공급면적":"--",
            "전용률":"--",
            "욕실수":100,
            "현관타입":100,
            "주거총점":70.5,
            "지역구공급총점":0.0,
            "역세권":"NA",
            "30분내 이동가능 거점":"NA",
            "1시간내 이동가능 거점":"NA",
            "교통총점":"NA",
            "백화점":0,
            "아울렛몰":0,
            "대형마트":0,
            "은행":0,
            "병원":60,
            "종합병원":100,
            "공원":100,
            "혐오시설":0,
            "인프라총점":29.0,
            "초등학군":88.38,
            "중학군":41.12,
            "학군총점":50.572,
            "인구수":39.49,
            "인구증감":4.74,
            "인구총점":29.065,
            "일자리":17.9,
            "소득수준":61.39,
            "일자리총점":30.947,
            "가치 총점":48.918,
            "매매실거래년":20211225.0,
            "매매실거래가":39400.0,
            "전세실거래년":20220108.0,
            "전세실거래가":22000.0,
            "전세가율":88.0,
            "장기전세가율평균":69.78,
            "전세가율거품지수":-18.22,
            "검색코드":23928,
            "세대수":832.0,
            "준공년월":"2007-11-15",
            "준공년차":16.0,
            "가까운역이름":"NA",
            "가까운역거리":"NA",
            "역세권여부":"NA",
            "30분이내주요거점역":"NA",
            "1시간이내주요거점역":"NA",
            "3km이내백화점수":0,
            "5km이내아울렛몰수":0,
            "1km이내대형먀트수":0,
            "500m이내은행수":1,
            "500m이내병원수":20,
            "5km이내대형병원수":2,
            "500m이내공원수":5,
            "3km이내혐오시설수":0,
            "초등학교학업성취도":88.38,
            "중학교학업성취도":68.2,
            "용적률":204,
            "건폐율":13,
            "Y":35.33158,
            "X":129.013516,
            "rank":41.0,
            "area_info":"25평(85.01), 33평(110.22), 33평(110.18), 39평(130.28), 45평(151.58)",
            "last_sales":"2021-12-25,39400.0,39평(130.28)"
        },
        {
            "index":179,
            "아파트명":"근로자복지(그린피아)",
            "투자타입":"재건축",
            "전용면적(m2)":"56.22",
            "전용면적(평)":"17평",
            "법정동주소":"경상남도 양산시 물금읍 범어리 502-3",
            "도로명주소":"경상남도 양산시 오봉로 185",
            "세대수":30,
            "입주년차":"--",
            "용적률점수":100,
            "건폐율점수":100,
            "세대당주차수":"--",
            "난방방식":"--",
            "공급면적":50,
            "전용률":80,
            "욕실수":"--",
            "현관타입":"--",
            "주거총점":75.5,
            "지역구공급총점":0.0,
            "역세권":"NA",
            "30분내 이동가능 거점":"NA",
            "1시간내 이동가능 거점":"NA",
            "교통총점":"NA",
            "백화점":0,
            "아울렛몰":0,
            "대형마트":0,
            "은행":0,
            "병원":10,
            "종합병원":100,
            "공원":100,
            "혐오시설":0,
            "인프라총점":24.0,
            "초등학군":88.38,
            "중학군":41.12,
            "학군총점":50.572,
            "인구수":39.49,
            "인구증감":4.74,
            "인구총점":29.065,
            "일자리":17.9,
            "소득수준":61.39,
            "일자리총점":30.947,
            "가치 총점":48.668,
            "매매실거래년":20211224.0,
            "매매실거래가":18000.0,
            "전세실거래년":20181223.0,
            "전세실거래가":2000.0,
            "전세가율":11.11,
            "장기전세가율평균":69.78,
            "전세가율거품지수":58.67,
            "검색코드":12846,
            "세대수":300.0,
            "준공년월":"1992-08-29",
            "준공년차":31.0,
            "가까운역이름":"NA",
            "가까운역거리":"NA",
            "역세권여부":"NA",
            "30분이내주요거점역":"NA",
            "1시간이내주요거점역":"NA",
            "3km이내백화점수":0,
            "5km이내아울렛몰수":0,
            "1km이내대형먀트수":0,
            "500m이내은행수":0,
            "500m이내병원수":3,
            "5km이내대형병원수":2,
            "500m이내공원수":5,
            "3km이내혐오시설수":0,
            "초등학교학업성취도":88.38,
            "중학교학업성취도":68.2,
            "용적률":104,
            "건폐율":18,
            "Y":35.334863,
            "X":129.008926,
            "rank":42.0,
            "area_info":"17평(56.22), 17평(56.45)",
            "last_sales":"2021-12-24,18000.0,17평(56.22)"
        },
        {
            "index":73,
            "아파트명":"양산두산위브",
            "투자타입":"일반",
            "전용면적(m2)":"80.88",
            "전용면적(평)":"24평",
            "법정동주소":"경상남도 양산시 덕계동 1589",
            "도로명주소":"경상남도 양산시 신덕계3길 36",
            "세대수":90,
            "입주년차":100,
            "용적률점수":"--",
            "건폐율점수":"--",
            "세대당주차수":30,
            "난방방식":30,
            "공급면적":"--",
            "전용률":"--",
            "욕실수":100,
            "현관타입":100,
            "주거총점":79.0,
            "지역구공급총점":0.0,
            "역세권":"NA",
            "30분내 이동가능 거점":"NA",
            "1시간내 이동가능 거점":"NA",
            "교통총점":"NA",
            "백화점":0,
            "아울렛몰":0,
            "대형마트":0,
            "은행":0,
            "병원":0,
            "종합병원":80,
            "공원":0,
            "혐오시설":0,
            "인프라총점":16.0,
            "초등학군":90.0,
            "중학군":48.68,
            "학군총점":56.944,
            "인구수":39.49,
            "인구증감":4.74,
            "인구총점":29.065,
            "일자리":17.9,
            "소득수준":61.39,
            "일자리총점":30.947,
            "가치 총점":48.286,
            "매매실거래년":20211220.0,
            "매매실거래가":32000.0,
            "전세실거래년":20211208.0,
            "전세실거래가":23000.0,
            "전세가율":105.99,
            "장기전세가율평균":69.78,
            "전세가율거품지수":-36.21,
            "검색코드":114594,
            "세대수":1337.0,
            "준공년월":"2019-11-28",
            "준공년차":4.0,
            "가까운역이름":"NA",
            "가까운역거리":"NA",
            "역세권여부":"NA",
            "30분이내주요거점역":"NA",
            "1시간이내주요거점역":"NA",
            "3km이내백화점수":0,
            "5km이내아울렛몰수":0,
            "1km이내대형먀트수":0,
            "500m이내은행수":0,
            "500m이내병원수":0,
            "5km이내대형병원수":1,
            "500m이내공원수":0,
            "3km이내혐오시설수":0,
            "초등학교학업성취도":90.0,
            "중학교학업성취도":80.8,
            "용적률":249,
            "건폐율":14,
            "Y":35.373714,
            "X":129.162095,
            "rank":43.0,
            "area_info":"24평(80.88), 31평(103.31), 31평(103.81), 31평(104.15), 31평(104.17), 31평(104.3), 34평(113.86), 34평(114.91)",
            "last_sales":"2021-12-20,32000.0,31평(104.17)"
        },
        {
            "index":272,
            "아파트명":"양산물금한신더휴",
            "투자타입":"일반",
            "전용면적(m2)":"78.74",
            "전용면적(평)":"23평",
            "법정동주소":"경상남도 양산시 물금읍 가촌리 1324",
            "도로명주소":"경상남도 양산시 가촌서로 11",
            "세대수":90,
            "입주년차":100,
            "용적률점수":"--",
            "건폐율점수":"--",
            "세대당주차수":30,
            "난방방식":30,
            "공급면적":"--",
            "전용률":"--",
            "욕실수":100,
            "현관타입":100,
            "주거총점":79.0,
            "지역구공급총점":0.0,
            "역세권":"NA",
            "30분내 이동가능 거점":"NA",
            "1시간내 이동가능 거점":"NA",
            "교통총점":"NA",
            "백화점":0,
            "아울렛몰":0,
            "대형마트":0,
            "은행":0,
            "병원":0,
            "종합병원":80,
            "공원":80,
            "혐오시설":0,
            "인프라총점":18.4,
            "초등학군":97.79,
            "중학군":40.86,
            "학군총점":52.246,
            "인구수":39.49,
            "인구증감":4.74,
            "인구총점":29.065,
            "일자리":17.9,
            "소득수준":61.39,
            "일자리총점":30.947,
            "가치 총점":48.0715,
            "매매실거래년":20211217.0,
            "매매실거래가":36000.0,
            "전세실거래년":20210109.0,
            "전세실거래가":20000.0,
            "전세가율":78.12,
            "장기전세가율평균":69.78,
            "전세가율거품지수":-8.34,
            "검색코드":119354,
            "세대수":1042.0,
            "준공년월":"2020-11-26",
            "준공년차":3.0,
            "가까운역이름":"NA",
            "가까운역거리":"NA",
            "역세권여부":"NA",
            "30분이내주요거점역":"NA",
            "1시간이내주요거점역":"NA",
            "3km이내백화점수":0,
            "5km이내아울렛몰수":0,
            "1km이내대형먀트수":0,
            "500m이내은행수":0,
            "500m이내병원수":1,
            "5km이내대형병원수":1,
            "500m이내공원수":1,
            "3km이내혐오시설수":0,
            "초등학교학업성취도":97.79,
            "중학교학업성취도":67.5,
            "용적률":215,
            "건폐율":15,
            "Y":35.318739,
            "X":128.988032,
            "rank":44.0,
            "area_info":"23평(78.74), 23평(78.66), 30평(100.97), 30평(100.87), 33평(109.22), 33평(109.37), 33평(109.43), 33평(109.28)",
            "last_sales":"2021-12-17,36000.0,33평(109.22)"
        },
        {
            "index":264,
            "아파트명":"양산물금사랑으로부영1단지",
            "투자타입":"일반",
            "전용면적(m2)":"81.22",
            "전용면적(평)":"24평",
            "법정동주소":"경상남도 양산시 물금읍 가촌리 1272-1",
            "도로명주소":"경상남도 양산시 물금로 134",
            "세대수":80,
            "입주년차":80,
            "용적률점수":"--",
            "건폐율점수":"--",
            "세대당주차수":30,
            "난방방식":30,
            "공급면적":"--",
            "전용률":"--",
            "욕실수":100,
            "현관타입":100,
            "주거총점":71.5,
            "지역구공급총점":0.0,
            "역세권":"NA",
            "30분내 이동가능 거점":"NA",
            "1시간내 이동가능 거점":"NA",
            "교통총점":"NA",
            "백화점":0,
            "아울렛몰":0,
            "대형마트":0,
            "은행":0,
            "병원":60,
            "종합병원":80,
            "공원":100,
            "혐오시설":0,
            "인프라총점":25.0,
            "초등학군":93.23,
            "중학군":40.86,
            "학군총점":51.334,
            "인구수":39.49,
            "인구증감":4.74,
            "인구총점":29.065,
            "일자리":17.9,
            "소득수준":61.39,
            "일자리총점":30.947,
            "가치 총점":47.8585,
            "매매실거래년":"18000101",
            "매매실거래가":null,
            "전세실거래년":20220111.0,
            "전세실거래가":12192.0,
            "전세가율":null,
            "장기전세가율평균":69.78,
            "전세가율거품지수":null,
            "검색코드":145143,
            "세대수":712.0,
            "준공년월":"2015-12-30",
            "준공년차":8.0,
            "가까운역이름":"NA",
            "가까운역거리":"NA",
            "역세권여부":"NA",
            "30분이내주요거점역":"NA",
            "1시간이내주요거점역":"NA",
            "3km이내백화점수":0,
            "5km이내아울렛몰수":0,
            "1km이내대형먀트수":0,
            "500m이내은행수":1,
            "500m이내병원수":10,
            "5km이내대형병원수":1,
            "500m이내공원수":2,
            "3km이내혐오시설수":0,
            "초등학교학업성취도":93.23,
            "중학교학업성취도":67.5,
            "용적률":204,
            "건폐율":15,
            "Y":35.315351,
            "X":128.996832,
            "rank":45.0,
            "area_info":"24평(81.22), 33평(112.34), 34평(112.97), 34평(113.05)",
            "last_sales":"1800-01-01,nan,24평(81.22)"
        },
        {
            "index":153,
            "아파트명":"양우내안애6차에코뷰",
            "투자타입":"일반",
            "전용면적(m2)":"82.62",
            "전용면적(평)":"24평",
            "법정동주소":"경상남도 양산시 동면 석산리 1451-1",
            "도로명주소":"경상남도 양산시 금오15길 29",
            "세대수":50,
            "입주년차":80,
            "용적률점수":"--",
            "건폐율점수":"--",
            "세대당주차수":30,
            "난방방식":100,
            "공급면적":"--",
            "전용률":"--",
            "욕실수":100,
            "현관타입":100,
            "주거총점":68.0,
            "지역구공급총점":0.0,
            "역세권":"NA",
            "30분내 이동가능 거점":"NA",
            "1시간내 이동가능 거점":"NA",
            "교통총점":"NA",
            "백화점":0,
            "아울렛몰":0,
            "대형마트":0,
            "은행":0,
            "병원":60,
            "종합병원":100,
            "공원":100,
            "혐오시설":-100,
            "인프라총점":27.0,
            "초등학군":72.85,
            "중학군":47.56,
            "학군총점":52.618,
            "인구수":39.49,
            "인구증감":4.74,
            "인구총점":29.065,
            "일자리":17.9,
            "소득수준":61.39,
            "일자리총점":30.947,
            "가치 총점":47.7545,
            "매매실거래년":20211231.0,
            "매매실거래가":27200.0,
            "전세실거래년":20211207.0,
            "전세실거래가":21000.0,
            "전세가율":77.21,
            "장기전세가율평균":69.78,
            "전세가율거품지수":-7.43,
            "검색코드":109544,
            "세대수":581.0,
            "준공년월":"2017-05-26",
            "준공년차":6.0,
            "가까운역이름":"NA",
            "가까운역거리":"NA",
            "역세권여부":"NA",
            "30분이내주요거점역":"NA",
            "1시간이내주요거점역":"NA",
            "3km이내백화점수":0,
            "5km이내아울렛몰수":0,
            "1km이내대형먀트수":0,
            "500m이내은행수":1,
            "500m이내병원수":21,
            "5km이내대형병원수":2,
            "500m이내공원수":3,
            "3km이내혐오시설수":2,
            "초등학교학업성취도":72.85,
            "중학교학업성취도":78.2,
            "용적률":194,
            "건폐율":14,
            "Y":35.31768,
            "X":129.022641,
            "rank":46.0,
            "area_info":"24평(82.62), 28평(93.48)",
            "last_sales":"2021-12-31,27200.0,24평(82.62)"
        },
        {
            "index":108,
            "아파트명":"남양산금호어울림",
            "투자타입":"일반",
            "전용면적(m2)":"85.22",
            "전용면적(평)":"25평",
            "법정동주소":"경상남도 양산시 동면 석산리 1450-4",
            "도로명주소":"경상남도 양산시 금오15길 10",
            "세대수":50,
            "입주년차":80,
            "용적률점수":"--",
            "건폐율점수":"--",
            "세대당주차수":30,
            "난방방식":100,
            "공급면적":"--",
            "전용률":"--",
            "욕실수":100,
            "현관타입":100,
            "주거총점":68.0,
            "지역구공급총점":0.0,
            "역세권":"NA",
            "30분내 이동가능 거점":"NA",
            "1시간내 이동가능 거점":"NA",
            "교통총점":"NA",
            "백화점":0,
            "아울렛몰":0,
            "대형마트":0,
            "은행":0,
            "병원":60,
            "종합병원":100,
            "공원":100,
            "혐오시설":-100,
            "인프라총점":27.0,
            "초등학군":72.85,
            "중학군":47.56,
            "학군총점":52.618,
            "인구수":39.49,
            "인구증감":4.74,
            "인구총점":29.065,
            "일자리":17.9,
            "소득수준":61.39,
            "일자리총점":30.947,
            "가치 총점":47.7545,
            "매매실거래년":20211224.0,
            "매매실거래가":44500.0,
            "전세실거래년":20211211.0,
            "전세실거래가":24000.0,
            "전세가율":84.51,
            "장기전세가율평균":69.78,
            "전세가율거품지수":-14.73,
            "검색코드":111556,
            "세대수":499.0,
            "준공년월":"2018-05-31",
            "준공년차":5.0,
            "가까운역이름":"NA",
            "가까운역거리":"NA",
            "역세권여부":"NA",
            "30분이내주요거점역":"NA",
            "1시간이내주요거점역":"NA",
            "3km이내백화점수":0,
            "5km이내아울렛몰수":0,
            "1km이내대형먀트수":0,
            "500m이내은행수":1,
            "500m이내병원수":21,
            "5km이내대형병원수":2,
            "500m이내공원수":3,
            "3km이내혐오시설수":2,
            "초등학교학업성취도":72.85,
            "중학교학업성취도":78.2,
            "용적률":205,
            "건폐율":15,
            "Y":35.31867,
            "X":129.024748,
            "rank":46.0,
            "area_info":"25평(85.22), 25평(85.35), 30평(100.24), 30평(100.84), 30평(100.74), 31평(102.91), 33평(110.98), 33평(110.86)",
            "last_sales":"2021-12-24,44500.0,33평(110.86)"
        },
        {
            "index":134,
            "아파트명":"사송더샵데시앙(C1블럭)",
            "투자타입":"일반",
            "전용면적(m2)":"97.57",
            "전용면적(평)":"29평",
            "법정동주소":"경상남도 양산시 동면 내송리 양산사송택지개발지구 C-1BL",
            "도로명주소":"경상남도 양산시 내송큰들로 73",
            "세대수":80,
            "입주년차":100,
            "용적률점수":"--",
            "건폐율점수":"--",
            "세대당주차수":30,
            "난방방식":100,
            "공급면적":"--",
            "전용률":"--",
            "욕실수":100,
            "현관타입":100,
            "주거총점":82.5,
            "지역구공급총점":0.0,
            "역세권":"NA",
            "30분내 이동가능 거점":"NA",
            "1시간내 이동가능 거점":"NA",
            "교통총점":"NA",
            "백화점":0,
            "아울렛몰":0,
            "대형마트":0,
            "은행":0,
            "병원":0,
            "종합병원":80,
            "공원":0,
            "혐오시설":0,
            "인프라총점":16.0,
            "초등학군":86.86,
            "중학군":40.24,
            "학군총점":49.564,
            "인구수":39.49,
            "인구증감":4.74,
            "인구총점":29.065,
            "일자리":17.9,
            "소득수준":61.39,
            "일자리총점":30.947,
            "가치 총점":47.666,
            "매매실거래년":20211006.0,
            "매매실거래가":50000.0,
            "전세실거래년":null,
            "전세실거래가":null,
            "전세가율":null,
            "장기전세가율평균":69.78,
            "전세가율거품지수":null,
            "검색코드":125855,
            "세대수":734.0,
            "준공년월":"2021-11-01",
            "준공년차":2.0,
            "가까운역이름":"NA",
            "가까운역거리":"NA",
            "역세권여부":"NA",
            "30분이내주요거점역":"NA",
            "1시간이내주요거점역":"NA",
            "3km이내백화점수":0,
            "5km이내아울렛몰수":0,
            "1km이내대형먀트수":0,
            "500m이내은행수":0,
            "500m이내병원수":0,
            "5km이내대형병원수":1,
            "500m이내공원수":0,
            "3km이내혐오시설수":0,
            "초등학교학업성취도":86.86,
            "중학교학업성취도":66.8,
            "용적률":0,
            "건폐율":0,
            "Y":35.320935,
            "X":129.06657,
            "rank":47.0,
            "area_info":"29평(97.57), 33평(109.75), 33평(110.73), 39평(131.82)",
            "last_sales":"2021-10-06,50000.0,39평(131.82)"
        },
        {
            "index":354,
            "아파트명":"우남퍼스트빌",
            "투자타입":"일반",
            "전용면적(m2)":"83.63",
            "전용면적(평)":"25평",
            "법정동주소":"경상남도 양산시 물금읍 범어리 2676-6",
            "도로명주소":"경상남도 양산시 신주로 40",
            "세대수":50,
            "입주년차":40,
            "용적률점수":"--",
            "건폐율점수":"--",
            "세대당주차수":30,
            "난방방식":100,
            "공급면적":"--",
            "전용률":"--",
            "욕실수":100,
            "현관타입":100,
            "주거총점":60.0,
            "지역구공급총점":0.0,
            "역세권":"NA",
            "30분내 이동가능 거점":"NA",
            "1시간내 이동가능 거점":"NA",
            "교통총점":"NA",
            "백화점":0,
            "아울렛몰":0,
            "대형마트":0,
            "은행":0,
            "병원":60,
            "종합병원":100,
            "공원":100,
            "혐오시설":0,
            "인프라총점":29.0,
            "초등학군":92.37,
            "중학군":51.56,
            "학군총점":59.722,
            "인구수":39.49,
            "인구증감":4.74,
            "인구총점":29.065,
            "일자리":17.9,
            "소득수준":61.39,
            "일자리총점":30.947,
            "가치 총점":47.5305,
            "매매실거래년":20220115.0,
            "매매실거래가":35000.0,
            "전세실거래년":20211129.0,
            "전세실거래가":18500.0,
            "전세가율":84.09,
            "장기전세가율평균":69.78,
            "전세가율거품지수":-14.31,
            "검색코드":23930,
            "세대수":640.0,
            "준공년월":"2007-09-21",
            "준공년차":16.0,
            "가까운역이름":"NA",
            "가까운역거리":"NA",
            "역세권여부":"NA",
            "30분이내주요거점역":"NA",
            "1시간이내주요거점역":"NA",
            "3km이내백화점수":0,
            "5km이내아울렛몰수":0,
            "1km이내대형먀트수":0,
            "500m이내은행수":1,
            "500m이내병원수":18,
            "5km이내대형병원수":2,
            "500m이내공원수":4,
            "3km이내혐오시설수":0,
            "초등학교학업성취도":92.37,
            "중학교학업성취도":85.2,
            "용적률":196,
            "건폐율":13,
            "Y":35.332592,
            "X":129.015321,
            "rank":48.0,
            "area_info":"25평(83.63), 34평(114.71), 34평(115.66), 44평(147.63), 52평(172.49), 52평(172.49), 68평(225.04), 71평(236.27)",
            "last_sales":"2022-01-15,35000.0,34평(114.71)"
        },
        {
            "index":293,
            "아파트명":"양산신도시3차동원로얄듀크비스타",
            "투자타입":"일반",
            "전용면적(m2)":"110.47",
            "전용면적(평)":"33평",
            "법정동주소":"경상남도 양산시 물금읍 범어리 2710-4",
            "도로명주소":"경상남도 양산시 범구로 28",
            "세대수":50,
            "입주년차":80,
            "용적률점수":"--",
            "건폐율점수":"--",
            "세대당주차수":30,
            "난방방식":100,
            "공급면적":"--",
            "전용률":"--",
            "욕실수":100,
            "현관타입":100,
            "주거총점":68.0,
            "지역구공급총점":0.0,
            "역세권":"NA",
            "30분내 이동가능 거점":"NA",
            "1시간내 이동가능 거점":"NA",
            "교통총점":"NA",
            "백화점":0,
            "아울렛몰":0,
            "대형마트":0,
            "은행":0,
            "병원":60,
            "종합병원":100,
            "공원":100,
            "혐오시설":-100,
            "인프라총점":27.0,
            "초등학군":92.37,
            "중학군":41.12,
            "학군총점":51.37,
            "인구수":39.49,
            "인구증감":4.74,
            "인구총점":29.065,
            "일자리":17.9,
            "소득수준":61.39,
            "일자리총점":30.947,
            "가치 총점":47.4425,
            "매매실거래년":20220111.0,
            "매매실거래가":55000.0,
            "전세실거래년":20220105.0,
            "전세실거래가":36000.0,
            "전세가율":65.45,
            "장기전세가율평균":69.78,
            "전세가율거품지수":4.33,
            "검색코드":109457,
            "세대수":568.0,
            "준공년월":"2017-04-24",
            "준공년차":6.0,
            "가까운역이름":"NA",
            "가까운역거리":"NA",
            "역세권여부":"NA",
            "30분이내주요거점역":"NA",
            "1시간이내주요거점역":"NA",
            "3km이내백화점수":0,
            "5km이내아울렛몰수":0,
            "1km이내대형먀트수":0,
            "500m이내은행수":0,
            "500m이내병원수":20,
            "5km이내대형병원수":2,
            "500m이내공원수":2,
            "3km이내혐오시설수":2,
            "초등학교학업성취도":92.37,
            "중학교학업성취도":68.2,
            "용적률":192,
            "건폐율":10,
            "Y":35.326148,
            "X":129.013181,
            "rank":49.0,
            "area_info":"33평(110.47), 33평(110.61), 33평(110.61)",
            "last_sales":"2022-01-11,55000.0,33평(110.47)"
        },
        {
            "index":65,
            "아파트명":"동일스위트2차",
            "투자타입":"일반",
            "전용면적(m2)":"59.34",
            "전용면적(평)":"17평",
            "법정동주소":"경상남도 양산시 덕계동 1103",
            "도로명주소":"경상남도 양산시 덕계5길 11",
            "세대수":80,
            "입주년차":20,
            "용적률점수":"--",
            "건폐율점수":"--",
            "세대당주차수":0,
            "난방방식":30,
            "공급면적":"--",
            "전용률":"--",
            "욕실수":50,
            "현관타입":100,
            "주거총점":50.0,
            "지역구공급총점":0.0,
            "역세권":"NA",
            "30분내 이동가능 거점":"NA",
            "1시간내 이동가능 거점":"NA",
            "교통총점":"NA",
            "백화점":0,
            "아울렛몰":0,
            "대형마트":80,
            "은행":20,
            "병원":80,
            "종합병원":80,
            "공원":0,
            "혐오시설":0,
            "인프라총점":38.0,
            "초등학군":96.39,
            "중학군":48.68,
            "학군총점":58.222,
            "인구수":39.49,
            "인구증감":4.74,
            "인구총점":29.065,
            "일자리":17.9,
            "소득수준":61.39,
            "일자리총점":30.947,
            "가치 총점":47.2555,
            "매매실거래년":20211228.0,
            "매매실거래가":22800.0,
            "전세실거래년":null,
            "전세실거래가":null,
            "전세가율":null,
            "장기전세가율평균":69.78,
            "전세가율거품지수":null,
            "검색코드":24932,
            "세대수":790.0,
            "준공년월":"2003-02-08",
            "준공년차":20.0,
            "가까운역이름":"NA",
            "가까운역거리":"NA",
            "역세권여부":"NA",
            "30분이내주요거점역":"NA",
            "1시간이내주요거점역":"NA",
            "3km이내백화점수":0,
            "5km이내아울렛몰수":0,
            "1km이내대형먀트수":1,
            "500m이내은행수":2,
            "500m이내병원수":30,
            "5km이내대형병원수":1,
            "500m이내공원수":0,
            "3km이내혐오시설수":0,
            "초등학교학업성취도":96.39,
            "중학교학업성취도":80.8,
            "용적률":306,
            "건폐율":21,
            "Y":35.37322,
            "X":129.147561,
            "rank":50.0,
            "area_info":"17평(59.34), 23평(79.11), 29평(97.79), 33평(111.19)",
            "last_sales":"2021-12-28,22800.0,33평(111.19)"
        },
        {
            "index":346,
            "아파트명":"양산코오롱하늘채",
            "투자타입":"일반",
            "전용면적(m2)":"79.52",
            "전용면적(평)":"24평",
            "법정동주소":"경상남도 양산시 물금읍 가촌리 1323",
            "도로명주소":"경상남도 양산시 가촌서로 45",
            "세대수":80,
            "입주년차":100,
            "용적률점수":"--",
            "건폐율점수":"--",
            "세대당주차수":30,
            "난방방식":30,
            "공급면적":"--",
            "전용률":"--",
            "욕실수":100,
            "현관타입":100,
            "주거총점":75.5,
            "지역구공급총점":0.0,
            "역세권":"NA",
            "30분내 이동가능 거점":"NA",
            "1시간내 이동가능 거점":"NA",
            "교통총점":"NA",
            "백화점":0,
            "아울렛몰":0,
            "대형마트":0,
            "은행":0,
            "병원":0,
            "종합병원":80,
            "공원":100,
            "혐오시설":0,
            "인프라총점":19.0,
            "초등학군":97.79,
            "중학군":40.86,
            "학군총점":52.246,
            "인구수":39.49,
            "인구증감":4.74,
            "인구총점":29.065,
            "일자리":17.9,
            "소득수준":61.39,
            "일자리총점":30.947,
            "가치 총점":47.0865,
            "매매실거래년":20211230.0,
            "매매실거래가":24800.0,
            "전세실거래년":20220113.0,
            "전세실거래가":14700.0,
            "전세가율":59.27,
            "장기전세가율평균":69.78,
            "전세가율거품지수":10.51,
            "검색코드":126537,
            "세대수":852.0,
            "준공년월":"2020-01-03",
            "준공년차":3.0,
            "가까운역이름":"NA",
            "가까운역거리":"NA",
            "역세권여부":"NA",
            "30분이내주요거점역":"NA",
            "1시간이내주요거점역":"NA",
            "3km이내백화점수":0,
            "5km이내아울렛몰수":0,
            "1km이내대형먀트수":0,
            "500m이내은행수":0,
            "500m이내병원수":1,
            "5km이내대형병원수":1,
            "500m이내공원수":3,
            "3km이내혐오시설수":0,
            "초등학교학업성취도":97.79,
            "중학교학업성취도":67.5,
            "용적률":226,
            "건폐율":17,
            "Y":35.321265,
            "X":128.99039,
            "rank":51.0,
            "area_info":"24평(79.52), 24평(79.67), 27평(92.26), 33평(111.55)",
            "last_sales":"2021-12-30,24800.0,24평(79.52)"
        },
        {
            "index":555,
            "아파트명":"양산웅상신원아침도시",
            "투자타입":"일반",
            "전용면적(m2)":"110.84",
            "전용면적(평)":"33평",
            "법정동주소":"경상남도 양산시 주남동 55-1",
            "도로명주소":"경상남도 양산시 대평들5길 16",
            "세대수":80,
            "입주년차":40,
            "용적률점수":"--",
            "건폐율점수":"--",
            "세대당주차수":30,
            "난방방식":30,
            "공급면적":"--",
            "전용률":"--",
            "욕실수":100,
            "현관타입":50,
            "주거총점":58.5,
            "지역구공급총점":0.0,
            "역세권":"NA",
            "30분내 이동가능 거점":"NA",
            "1시간내 이동가능 거점":"NA",
            "교통총점":"NA",
            "백화점":0,
            "아울렛몰":0,
            "대형마트":100,
            "은행":20,
            "병원":0,
            "종합병원":80,
            "공원":0,
            "혐오시설":0,
            "인프라총점":33.0,
            "초등학군":90.28,
            "중학군":43.74,
            "학군총점":53.048,
            "인구수":39.49,
            "인구증감":4.74,
            "인구총점":29.065,
            "일자리":17.9,
            "소득수준":61.39,
            "일자리총점":30.947,
            "가치 총점":46.937,
            "매매실거래년":20211218.0,
            "매매실거래가":21100.0,
            "전세실거래년":20211214.0,
            "전세실거래가":17000.0,
            "전세가율":80.57,
            "장기전세가율평균":69.78,
            "전세가율거품지수":-10.79,
            "검색코드":25314,
            "세대수":700.0,
            "준공년월":"2008-06-04",
            "준공년차":15.0,
            "가까운역이름":"NA",
            "가까운역거리":"NA",
            "역세권여부":"NA",
            "30분이내주요거점역":"NA",
            "1시간이내주요거점역":"NA",
            "3km이내백화점수":0,
            "5km이내아울렛몰수":0,
            "1km이내대형먀트수":3,
            "500m이내은행수":2,
            "500m이내병원수":1,
            "5km이내대형병원수":1,
            "500m이내공원수":0,
            "3km이내혐오시설수":0,
            "초등학교학업성취도":90.28,
            "중학교학업성취도":71.9,
            "용적률":249,
            "건폐율":16,
            "Y":35.416284,
            "X":129.163176,
            "rank":52.0,
            "area_info":"33평(110.84), 33평(110.82), 33평(111.06), 45평(149.57)",
            "last_sales":"2021-12-18,21100.0,33평(110.84)"
        },
        {
            "index":371,
            "아파트명":"일신건영휴먼빌",
            "투자타입":"일반",
            "전용면적(m2)":"85.74",
            "전용면적(평)":"25평",
            "법정동주소":"경상남도 양산시 물금읍 범어리 2676-15",
            "도로명주소":"경상남도 양산시 범어로 11",
            "세대수":50,
            "입주년차":40,
            "용적률점수":"--",
            "건폐율점수":"--",
            "세대당주차수":60,
            "난방방식":100,
            "공급면적":"--",
            "전용률":"--",
            "욕실수":100,
            "현관타입":100,
            "주거총점":64.5,
            "지역구공급총점":0.0,
            "역세권":"NA",
            "30분내 이동가능 거점":"NA",
            "1시간내 이동가능 거점":"NA",
            "교통총점":"NA",
            "백화점":0,
            "아울렛몰":0,
            "대형마트":0,
            "은행":0,
            "병원":60,
            "종합병원":100,
            "공원":100,
            "혐오시설":0,
            "인프라총점":29.0,
            "초등학군":88.38,
            "중학군":41.12,
            "학군총점":50.572,
            "인구수":39.49,
            "인구증감":4.74,
            "인구총점":29.065,
            "일자리":17.9,
            "소득수준":61.39,
            "일자리총점":30.947,
            "가치 총점":46.818,
            "매매실거래년":20211225.0,
            "매매실거래가":24500.0,
            "전세실거래년":20211104.0,
            "전세실거래가":15750.0,
            "전세가율":64.29,
            "장기전세가율평균":69.78,
            "전세가율거품지수":5.49,
            "검색코드":23931,
            "세대수":551.0,
            "준공년월":"2007-11-01",
            "준공년차":16.0,
            "가까운역이름":"NA",
            "가까운역거리":"NA",
            "역세권여부":"NA",
            "30분이내주요거점역":"NA",
            "1시간이내주요거점역":"NA",
            "3km이내백화점수":0,
            "5km이내아울렛몰수":0,
            "1km이내대형먀트수":0,
            "500m이내은행수":0,
            "500m이내병원수":15,
            "5km이내대형병원수":2,
            "500m이내공원수":5,
            "3km이내혐오시설수":0,
            "초등학교학업성취도":88.38,
            "중학교학업성취도":68.2,
            "용적률":200,
            "건폐율":14,
            "Y":35.333019,
            "X":129.011708,
            "rank":53.0,
            "area_info":"25평(85.74), 34평(113.02), 45평(149.01)",
            "last_sales":"2021-12-25,24500.0,25평(85.74)"
        },
        {
            "index":458,
            "아파트명":"해인그린빌",
            "투자타입":"일반",
            "전용면적(m2)":"100.01",
            "전용면적(평)":"30평",
            "법정동주소":"경상남도 양산시 삼호동 860",
            "도로명주소":"경상남도 양산시 삼호로 86",
            "세대수":80,
            "입주년차":20,
            "용적률점수":"--",
            "건폐율점수":"--",
            "세대당주차수":30,
            "난방방식":30,
            "공급면적":"--",
            "전용률":"--",
            "욕실수":100,
            "현관타입":100,
            "주거총점":59.5,
            "지역구공급총점":0.0,
            "역세권":"NA",
            "30분내 이동가능 거점":"NA",
            "1시간내 이동가능 거점":"NA",
            "교통총점":"NA",
            "백화점":0,
            "아울렛몰":0,
            "대형마트":100,
            "은행":0,
            "병원":10,
            "종합병원":80,
            "공원":0,
            "혐오시설":0,
            "인프라총점":32.0,
            "초등학군":87.44,
            "중학군":43.74,
            "학군총점":52.48,
            "인구수":39.49,
            "인구증감":4.74,
            "인구총점":29.065,
            "일자리":17.9,
            "소득수준":61.39,
            "일자리총점":30.947,
            "가치 총점":46.745,
            "매매실거래년":20211220.0,
            "매매실거래가":13000.0,
            "전세실거래년":20220107.0,
            "전세실거래가":13000.0,
            "전세가율":100.0,
            "장기전세가율평균":69.78,
            "전세가율거품지수":-30.22,
            "검색코드":27272,
            "세대수":800.0,
            "준공년월":"2001-10-22",
            "준공년차":22.0,
            "가까운역이름":"NA",
            "가까운역거리":"NA",
            "역세권여부":"NA",
            "30분이내주요거점역":"NA",
            "1시간이내주요거점역":"NA",
            "3km이내백화점수":0,
            "5km이내아울렛몰수":0,
            "1km이내대형먀트수":3,
            "500m이내은행수":0,
            "500m이내병원수":2,
            "5km이내대형병원수":1,
            "500m이내공원수":0,
            "3km이내혐오시설수":0,
            "초등학교학업성취도":87.44,
            "중학교학업성취도":71.9,
            "용적률":0,
            "건폐율":0,
            "Y":35.407016,
            "X":129.173689,
            "rank":54.0,
            "area_info":"30평(100.01)",
            "last_sales":"2021-12-20,13000.0,30평(100.01)"
        },
        {
            "index":85,
            "아파트명":"양산두산위브2차 2단지",
            "투자타입":"일반",
            "전용면적(m2)":"102.66",
            "전용면적(평)":"31평",
            "법정동주소":"경상남도 양산시 덕계동 1595",
            "도로명주소":"경상남도 양산시 신덕계8길 40",
            "세대수":50,
            "입주년차":100,
            "용적률점수":"--",
            "건폐율점수":"--",
            "세대당주차수":30,
            "난방방식":30,
            "공급면적":"--",
            "전용률":"--",
            "욕실수":100,
            "현관타입":100,
            "주거총점":65.0,
            "지역구공급총점":0.0,
            "역세권":"NA",
            "30분내 이동가능 거점":"NA",
            "1시간내 이동가능 거점":"NA",
            "교통총점":"NA",
            "백화점":0,
            "아울렛몰":0,
            "대형마트":80,
            "은행":0,
            "병원":0,
            "종합병원":80,
            "공원":0,
            "혐오시설":0,
            "인프라총점":28.0,
            "초등학군":90.0,
            "중학군":41.14,
            "학군총점":50.912,
            "인구수":39.49,
            "인구증감":4.74,
            "인구총점":29.065,
            "일자리":17.9,
            "소득수준":61.39,
            "일자리총점":30.947,
            "가치 총점":46.678,
            "매매실거래년":20210504.0,
            "매매실거래가":29000.0,
            "전세실거래년":null,
            "전세실거래가":null,
            "전세가율":null,
            "장기전세가율평균":69.78,
            "전세가율거품지수":null,
            "검색코드":122162,
            "세대수":442.0,
            "준공년월":"2021-03-01",
            "준공년차":2.0,
            "가까운역이름":"NA",
            "가까운역거리":"NA",
            "역세권여부":"NA",
            "30분이내주요거점역":"NA",
            "1시간이내주요거점역":"NA",
            "3km이내백화점수":0,
            "5km이내아울렛몰수":0,
            "1km이내대형먀트수":1,
            "500m이내은행수":0,
            "500m이내병원수":0,
            "5km이내대형병원수":1,
            "500m이내공원수":0,
            "3km이내혐오시설수":0,
            "초등학교학업성취도":90.0,
            "중학교학업성취도":67.5,
            "용적률":0,
            "건폐율":0,
            "Y":35.376271,
            "X":129.160565,
            "rank":55.0,
            "area_info":"31평(102.66), 31평(102.62), 34평(113.75)",
            "last_sales":"2021-05-04,29000.0,31평(102.62)"
        },
        {
            "index":12,
            "아파트명":"협성강변타운",
            "투자타입":"재건축",
            "전용면적(m2)":"80.63",
            "전용면적(평)":"24평",
            "법정동주소":"경상남도 양산시 교동 245-2",
            "도로명주소":"경상남도 양산시 회현1길 3",
            "세대수":30,
            "입주년차":"--",
            "용적률점수":60,
            "건폐율점수":80,
            "세대당주차수":"--",
            "난방방식":"--",
            "공급면적":50,
            "전용률":60,
            "욕실수":"--",
            "현관타입":"--",
            "주거총점":54.5,
            "지역구공급총점":0.0,
            "역세권":"NA",
            "30분내 이동가능 거점":"NA",
            "1시간내 이동가능 거점":"NA",
            "교통총점":"NA",
            "백화점":0,
            "아울렛몰":0,
            "대형마트":80,
            "은행":0,
            "병원":0,
            "종합병원":100,
            "공원":80,
            "혐오시설":0,
            "인프라총점":34.4,
            "초등학군":90.52,
            "중학군":46.02,
            "학군총점":54.92,
            "인구수":39.49,
            "인구증감":4.74,
            "인구총점":29.065,
            "일자리":17.9,
            "소득수준":61.39,
            "일자리총점":30.947,
            "가치 총점":46.565,
            "매매실거래년":20211204.0,
            "매매실거래가":10400.0,
            "전세실거래년":20211204.0,
            "전세실거래가":8500.0,
            "전세가율":81.73,
            "장기전세가율평균":69.78,
            "전세가율거품지수":-11.95,
            "검색코드":6977,
            "세대수":390.0,
            "준공년월":"1991-10-21",
            "준공년차":32.0,
            "가까운역이름":"NA",
            "가까운역거리":"NA",
            "역세권여부":"NA",
            "30분이내주요거점역":"NA",
            "1시간이내주요거점역":"NA",
            "3km이내백화점수":0,
            "5km이내아울렛몰수":0,
            "1km이내대형먀트수":1,
            "500m이내은행수":0,
            "500m이내병원수":0,
            "5km이내대형병원수":2,
            "500m이내공원수":1,
            "3km이내혐오시설수":0,
            "초등학교학업성취도":90.52,
            "중학교학업성취도":76.3,
            "용적률":197,
            "건폐율":21,
            "Y":35.342943,
            "X":129.02566,
            "rank":56.0,
            "area_info":"24평(80.63), 28평(92.58), 30평(99.88)",
            "last_sales":"2021-12-04,10400.0,24평(80.63)"
        },
        {
            "index":146,
            "아파트명":"양산신도시동원로얄듀크2차",
            "투자타입":"일반",
            "전용면적(m2)":"83.53",
            "전용면적(평)":"25평",
            "법정동주소":"경상남도 양산시 동면 석산리 1451-3",
            "도로명주소":"경상남도 양산시 금오15길 9",
            "세대수":50,
            "입주년차":60,
            "용적률점수":"--",
            "건폐율점수":"--",
            "세대당주차수":30,
            "난방방식":100,
            "공급면적":"--",
            "전용률":"--",
            "욕실수":100,
            "현관타입":100,
            "주거총점":64.0,
            "지역구공급총점":0.0,
            "역세권":"NA",
            "30분내 이동가능 거점":"NA",
            "1시간내 이동가능 거점":"NA",
            "교통총점":"NA",
            "백화점":0,
            "아울렛몰":0,
            "대형마트":0,
            "은행":0,
            "병원":60,
            "종합병원":100,
            "공원":100,
            "혐오시설":-100,
            "인프라총점":27.0,
            "초등학군":72.85,
            "중학군":47.56,
            "학군총점":52.618,
            "인구수":39.49,
            "인구증감":4.74,
            "인구총점":29.065,
            "일자리":17.9,
            "소득수준":61.39,
            "일자리총점":30.947,
            "가치 총점":46.3545,
            "매매실거래년":20211218.0,
            "매매실거래가":25000.0,
            "전세실거래년":20210710.0,
            "전세실거래가":22000.0,
            "전세가율":88.0,
            "장기전세가율평균":69.78,
            "전세가율거품지수":-18.22,
            "검색코드":103534,
            "세대수":621.0,
            "준공년월":"2013-08-27",
            "준공년차":10.0,
            "가까운역이름":"NA",
            "가까운역거리":"NA",
            "역세권여부":"NA",
            "30분이내주요거점역":"NA",
            "1시간이내주요거점역":"NA",
            "3km이내백화점수":0,
            "5km이내아울렛몰수":0,
            "1km이내대형먀트수":0,
            "500m이내은행수":1,
            "500m이내병원수":21,
            "5km이내대형병원수":2,
            "500m이내공원수":3,
            "3km이내혐오시설수":2,
            "초등학교학업성취도":72.85,
            "중학교학업성취도":78.2,
            "용적률":193,
            "건폐율":18,
            "Y":35.317399,
            "X":129.024523,
            "rank":57.0,
            "area_info":"25평(83.53), 25평(84.07), 32평(106.63), 32평(108.79)",
            "last_sales":"2021-12-18,25000.0,25평(83.53)"
        },
        {
            "index":5,
            "아파트명":"일동미라주",
            "투자타입":"일반",
            "전용면적(m2)":"98.13",
            "전용면적(평)":"29평",
            "법정동주소":"경상남도 양산시 교동 605",
            "도로명주소":"경상남도 양산시 회현1길 48",
            "세대수":90,
            "입주년차":40,
            "용적률점수":"--",
            "건폐율점수":"--",
            "세대당주차수":30,
            "난방방식":30,
            "공급면적":"--",
            "전용률":"--",
            "욕실수":100,
            "현관타입":100,
            "주거총점":67.0,
            "지역구공급총점":0.0,
            "역세권":"NA",
            "30분내 이동가능 거점":"NA",
            "1시간내 이동가능 거점":"NA",
            "교통총점":"NA",
            "백화점":0,
            "아울렛몰":0,
            "대형마트":0,
            "은행":0,
            "병원":0,
            "종합병원":100,
            "공원":80,
            "혐오시설":0,
            "인프라총점":22.4,
            "초등학군":90.52,
            "중학군":46.02,
            "학군총점":54.92,
            "인구수":39.49,
            "인구증감":4.74,
            "인구총점":29.065,
            "일자리":17.9,
            "소득수준":61.39,
            "일자리총점":30.947,
            "가치 총점":46.14,
            "매매실거래년":20211220.0,
            "매매실거래가":22000.0,
            "전세실거래년":20210222.0,
            "전세실거래가":15000.0,
            "전세가율":71.43,
            "장기전세가율평균":69.78,
            "전세가율거품지수":-1.65,
            "검색코드":24416,
            "세대수":925.0,
            "준공년월":"2008-06-04",
            "준공년차":15.0,
            "가까운역이름":"NA",
            "가까운역거리":"NA",
            "역세권여부":"NA",
            "30분이내주요거점역":"NA",
            "1시간이내주요거점역":"NA",
            "3km이내백화점수":0,
            "5km이내아울렛몰수":0,
            "1km이내대형먀트수":0,
            "500m이내은행수":0,
            "500m이내병원수":0,
            "5km이내대형병원수":2,
            "500m이내공원수":1,
            "3km이내혐오시설수":0,
            "초등학교학업성취도":90.52,
            "중학교학업성취도":76.3,
            "용적률":238,
            "건폐율":15,
            "Y":35.34676,
            "X":129.021912,
            "rank":58.0,
            "area_info":"29평(98.13), 33평(109.45), 33평(109.35), 33평(110.17), 42평(139.92)",
            "last_sales":"2021-12-20,22000.0,33평(110.17)"
        },
        {
            "index":299,
            "아파트명":"양산신도시반도유보라",
            "투자타입":"일반",
            "전용면적(m2)":"79.82",
            "전용면적(평)":"24평",
            "법정동주소":"경상남도 양산시 물금읍 범어리 2676-1",
            "도로명주소":"경상남도 양산시 신주로 16",
            "세대수":50,
            "입주년차":40,
            "용적률점수":"--",
            "건폐율점수":"--",
            "세대당주차수":30,
            "난방방식":100,
            "공급면적":"--",
            "전용률":"--",
            "욕실수":100,
            "현관타입":100,
            "주거총점":60.0,
            "지역구공급총점":0.0,
            "역세권":"NA",
            "30분내 이동가능 거점":"NA",
            "1시간내 이동가능 거점":"NA",
            "교통총점":"NA",
            "백화점":0,
            "아울렛몰":0,
            "대형마트":0,
            "은행":0,
            "병원":30,
            "종합병원":100,
            "공원":100,
            "혐오시설":0,
            "인프라총점":26.0,
            "초등학군":88.38,
            "중학군":51.56,
            "학군총점":58.924,
            "인구수":39.49,
            "인구증감":4.74,
            "인구총점":29.065,
            "일자리":17.9,
            "소득수준":61.39,
            "일자리총점":30.947,
            "가치 총점":46.131,
            "매매실거래년":20211225.0,
            "매매실거래가":32200.0,
            "전세실거래년":20211009.0,
            "전세실거래가":22000.0,
            "전세가율":88.0,
            "장기전세가율평균":69.78,
            "전세가율거품지수":-18.22,
            "검색코드":23927,
            "세대수":622.0,
            "준공년월":"2007-09-19",
            "준공년차":16.0,
            "가까운역이름":"NA",
            "가까운역거리":"NA",
            "역세권여부":"NA",
            "30분이내주요거점역":"NA",
            "1시간이내주요거점역":"NA",
            "3km이내백화점수":0,
            "5km이내아울렛몰수":0,
            "1km이내대형먀트수":0,
            "500m이내은행수":1,
            "500m이내병원수":5,
            "5km이내대형병원수":2,
            "500m이내공원수":3,
            "3km이내혐오시설수":0,
            "초등학교학업성취도":88.38,
            "중학교학업성취도":85.2,
            "용적률":205,
            "건폐율":13,
            "Y":35.334285,
            "X":129.013352,
            "rank":59.0,
            "area_info":"24평(79.82), 35평(118.95), 36평(119.66), 46평(153.12)",
            "last_sales":"2021-12-25,32200.0,36평(119.66)"
        },
        {
            "index":181,
            "아파트명":"반도유보라2차",
            "투자타입":"일반",
            "전용면적(m2)":"85.03",
            "전용면적(평)":"25평",
            "법정동주소":"경상남도 양산시 물금읍 범어리 2712-14",
            "도로명주소":"경상남도 양산시 범어로 57",
            "세대수":50,
            "입주년차":60,
            "용적률점수":"--",
            "건폐율점수":"--",
            "세대당주차수":30,
            "난방방식":100,
            "공급면적":"--",
            "전용률":"--",
            "욕실수":100,
            "현관타입":100,
            "주거총점":64.0,
            "지역구공급총점":0.0,
            "역세권":"NA",
            "30분내 이동가능 거점":"NA",
            "1시간내 이동가능 거점":"NA",
            "교통총점":"NA",
            "백화점":0,
            "아울렛몰":0,
            "대형마트":0,
            "은행":0,
            "병원":60,
            "종합병원":100,
            "공원":100,
            "혐오시설":-100,
            "인프라총점":27.0,
            "초등학군":92.37,
            "중학군":41.12,
            "학군총점":51.37,
            "인구수":39.49,
            "인구증감":4.74,
            "인구총점":29.065,
            "일자리":17.9,
            "소득수준":61.39,
            "일자리총점":30.947,
            "가치 총점":46.0425,
            "매매실거래년":20220115.0,
            "매매실거래가":33400.0,
            "전세실거래년":20220115.0,
            "전세실거래가":19000.0,
            "전세가율":56.89,
            "장기전세가율평균":69.78,
            "전세가율거품지수":12.89,
            "검색코드":103189,
            "세대수":631.0,
            "준공년월":"2013-10-23",
            "준공년차":10.0,
            "가까운역이름":"NA",
            "가까운역거리":"NA",
            "역세권여부":"NA",
            "30분이내주요거점역":"NA",
            "1시간이내주요거점역":"NA",
            "3km이내백화점수":0,
            "5km이내아울렛몰수":0,
            "1km이내대형먀트수":0,
            "500m이내은행수":1,
            "500m이내병원수":23,
            "5km이내대형병원수":2,
            "500m이내공원수":4,
            "3km이내혐오시설수":2,
            "초등학교학업성취도":92.37,
            "중학교학업성취도":68.2,
            "용적률":204,
            "건폐율":14,
            "Y":35.329989,
            "X":129.015069,
            "rank":60.0,
            "area_info":"25평(85.03), 26평(87.72), 33평(110.59), 33평(112.33)",
            "last_sales":"2022-01-15,33400.0,25평(85.03)"
        },
        {
            "index":352,
            "아파트명":"양우내안애5차리버파크",
            "투자타입":"일반",
            "전용면적(m2)":"121.98",
            "전용면적(평)":"36평",
            "법정동주소":"경상남도 양산시 물금읍 물금리 800-5",
            "도로명주소":"경상남도 양산시 물금로 41",
            "세대수":50,
            "입주년차":80,
            "용적률점수":"--",
            "건폐율점수":"--",
            "세대당주차수":60,
            "난방방식":100,
            "공급면적":"--",
            "전용률":"--",
            "욕실수":100,
            "현관타입":100,
            "주거총점":72.5,
            "지역구공급총점":0.0,
            "역세권":"NA",
            "30분내 이동가능 거점":"NA",
            "1시간내 이동가능 거점":"NA",
            "교통총점":"NA",
            "백화점":0,
            "아울렛몰":0,
            "대형마트":0,
            "은행":0,
            "병원":10,
            "종합병원":80,
            "공원":100,
            "혐오시설":0,
            "인프라총점":20.0,
            "초등학군":88.78,
            "중학군":40.86,
            "학군총점":50.444,
            "인구수":39.49,
            "인구증감":4.74,
            "인구총점":29.065,
            "일자리":17.9,
            "소득수준":61.39,
            "일자리총점":30.947,
            "가치 총점":45.986,
            "매매실거래년":20211028.0,
            "매매실거래가":53000.0,
            "전세실거래년":20220111.0,
            "전세실거래가":33000.0,
            "전세가율":62.26,
            "장기전세가율평균":69.78,
            "전세가율거품지수":7.52,
            "검색코드":109374,
            "세대수":559.0,
            "준공년월":"2016-12-30",
            "준공년차":7.0,
            "가까운역이름":"NA",
            "가까운역거리":"NA",
            "역세권여부":"NA",
            "30분이내주요거점역":"NA",
            "1시간이내주요거점역":"NA",
            "3km이내백화점수":0,
            "5km이내아울렛몰수":0,
            "1km이내대형먀트수":0,
            "500m이내은행수":0,
            "500m이내병원수":2,
            "5km이내대형병원수":1,
            "500m이내공원수":2,
            "3km이내혐오시설수":0,
            "초등학교학업성취도":88.78,
            "중학교학업성취도":67.5,
            "용적률":196,
            "건폐율":17,
            "Y":35.310427,
            "X":128.988299,
            "rank":61.0,
            "area_info":"36평(121.98), 36평(121.61)",
            "last_sales":"2021-10-28,53000.0,36평(121.98)"
        },
        {
            "index":158,
            "아파트명":"명동삼한사랑채",
            "투자타입":"일반",
            "전용면적(m2)":"82.72",
            "전용면적(평)":"25평",
            "법정동주소":"경상남도 양산시 명동 1079-3",
            "도로명주소":"경상남도 양산시 대운로 145",
            "세대수":90,
            "입주년차":80,
            "용적률점수":"--",
            "건폐율점수":"--",
            "세대당주차수":30,
            "난방방식":30,
            "공급면적":"--",
            "전용률":"--",
            "욕실수":100,
            "현관타입":100,
            "주거총점":75.0,
            "지역구공급총점":0.0,
            "역세권":"NA",
            "30분내 이동가능 거점":"NA",
            "1시간내 이동가능 거점":"NA",
            "교통총점":"NA",
            "백화점":0,
            "아울렛몰":0,
            "대형마트":0,
            "은행":0,
            "병원":0,
            "종합병원":80,
            "공원":0,
            "혐오시설":0,
            "인프라총점":16.0,
            "초등학군":89.61,
            "중학군":43.74,
            "학군총점":52.914,
            "인구수":39.49,
            "인구증감":4.74,
            "인구총점":29.065,
            "일자리":17.9,
            "소득수준":61.39,
            "일자리총점":30.947,
            "가치 총점":45.8785,
            "매매실거래년":20220117.0,
            "매매실거래가":21450.0,
            "전세실거래년":20210831.0,
            "전세실거래가":13000.0,
            "전세가율":60.61,
            "장기전세가율평균":69.78,
            "전세가율거품지수":9.17,
            "검색코드":107671,
            "세대수":999.0,
            "준공년월":"2015-10-28",
            "준공년차":8.0,
            "가까운역이름":"NA",
            "가까운역거리":"NA",
            "역세권여부":"NA",
            "30분이내주요거점역":"NA",
            "1시간이내주요거점역":"NA",
            "3km이내백화점수":0,
            "5km이내아울렛몰수":0,
            "1km이내대형먀트수":0,
            "500m이내은행수":0,
            "500m이내병원수":0,
            "5km이내대형병원수":1,
            "500m이내공원수":0,
            "3km이내혐오시설수":0,
            "초등학교학업성취도":89.61,
            "중학교학업성취도":71.9,
            "용적률":245,
            "건폐율":16,
            "Y":35.401906,
            "X":129.169883,
            "rank":62.0,
            "area_info":"25평(82.72), 29평(98.34), 35평(116.08), 35평(116.77), 35평(116.08)",
            "last_sales":"2022-01-17,21450.0,25평(82.72)"
        },
        {
            "index":317,
            "아파트명":"양산신도시현진에버빌",
            "투자타입":"일반",
            "전용면적(m2)":"123.37",
            "전용면적(평)":"37평",
            "법정동주소":"경상남도 양산시 물금읍 범어리 2712-1",
            "도로명주소":"경상남도 양산시 신주로 64",
            "세대수":30,
            "입주년차":40,
            "용적률점수":"--",
            "건폐율점수":"--",
            "세대당주차수":60,
            "난방방식":100,
            "공급면적":"--",
            "전용률":"--",
            "욕실수":100,
            "현관타입":100,
            "주거총점":57.5,
            "지역구공급총점":0.0,
            "역세권":"NA",
            "30분내 이동가능 거점":"NA",
            "1시간내 이동가능 거점":"NA",
            "교통총점":"NA",
            "백화점":0,
            "아울렛몰":0,
            "대형마트":0,
            "은행":0,
            "병원":60,
            "종합병원":100,
            "공원":100,
            "혐오시설":-100,
            "인프라총점":27.0,
            "초등학군":92.37,
            "중학군":51.56,
            "학군총점":59.722,
            "인구수":39.49,
            "인구증감":4.74,
            "인구총점":29.065,
            "일자리":17.9,
            "소득수준":61.39,
            "일자리총점":30.947,
            "가치 총점":45.8555,
            "매매실거래년":20211228.0,
            "매매실거래가":40500.0,
            "전세실거래년":20210602.0,
            "전세실거래가":33000.0,
            "전세가율":81.48,
            "장기전세가율평균":69.78,
            "전세가율거품지수":-11.7,
            "검색코드":24691,
            "세대수":358.0,
            "준공년월":"2008-08-27",
            "준공년차":15.0,
            "가까운역이름":"NA",
            "가까운역거리":"NA",
            "역세권여부":"NA",
            "30분이내주요거점역":"NA",
            "1시간이내주요거점역":"NA",
            "3km이내백화점수":0,
            "5km이내아울렛몰수":0,
            "1km이내대형먀트수":0,
            "500m이내은행수":1,
            "500m이내병원수":23,
            "5km이내대형병원수":2,
            "500m이내공원수":4,
            "3km이내혐오시설수":2,
            "초등학교학업성취도":92.37,
            "중학교학업성취도":85.2,
            "용적률":201,
            "건폐율":13,
            "Y":35.331165,
            "X":129.016799,
            "rank":63.0,
            "area_info":"37평(123.37), 43평(144.91), 49평(164.81), 49평(164.81), 59평(196.77)",
            "last_sales":"2021-12-28,40500.0,37평(123.37)"
        },
        {
            "index":523,
            "아파트명":"대동서안한마음타운",
            "투자타입":"일반",
            "전용면적(m2)":"132.48",
            "전용면적(평)":"40평",
            "법정동주소":"경상남도 양산시 신기동 511-3",
            "도로명주소":"경상남도 양산시 신기서길 14",
            "세대수":50,
            "입주년차":0,
            "용적률점수":"--",
            "건폐율점수":"--",
            "세대당주차수":0,
            "난방방식":30,
            "공급면적":"--",
            "전용률":"--",
            "욕실수":100,
            "현관타입":100,
            "주거총점":40.5,
            "지역구공급총점":0.0,
            "역세권":"NA",
            "30분내 이동가능 거점":"NA",
            "1시간내 이동가능 거점":"NA",
            "교통총점":"NA",
            "백화점":0,
            "아울렛몰":0,
            "대형마트":80,
            "은행":100,
            "병원":30,
            "종합병원":100,
            "공원":100,
            "혐오시설":0,
            "인프라총점":48.0,
            "초등학군":88.0,
            "중학군":40.24,
            "학군총점":49.792,
            "인구수":39.49,
            "인구증감":4.74,
            "인구총점":29.065,
            "일자리":17.9,
            "소득수준":61.39,
            "일자리총점":30.947,
            "가치 총점":45.823,
            "매매실거래년":20220106.0,
            "매매실거래가":29000.0,
            "전세실거래년":20211227.0,
            "전세실거래가":17500.0,
            "전세가율":60.34,
            "장기전세가율평균":69.78,
            "전세가율거품지수":9.44,
            "검색코드":7034,
            "세대수":540.0,
            "준공년월":"1993-10-01",
            "준공년차":30.0,
            "가까운역이름":"NA",
            "가까운역거리":"NA",
            "역세권여부":"NA",
            "30분이내주요거점역":"NA",
            "1시간이내주요거점역":"NA",
            "3km이내백화점수":0,
            "5km이내아울렛몰수":0,
            "1km이내대형먀트수":1,
            "500m이내은행수":6,
            "500m이내병원수":7,
            "5km이내대형병원수":2,
            "500m이내공원수":7,
            "3km이내혐오시설수":0,
            "초등학교학업성취도":88.0,
            "중학교학업성취도":66.8,
            "용적률":248,
            "건폐율":21,
            "Y":35.352133,
            "X":129.038714,
            "rank":64.0,
            "area_info":"40평(132.48), 48평(159.4)",
            "last_sales":"2022-01-06,29000.0,40평(132.48)"
        },
        {
            "index":34,
            "아파트명":"경동스마트홈",
            "투자타입":"일반",
            "전용면적(m2)":"83.41",
            "전용면적(평)":"25평",
            "법정동주소":"경상남도 양산시 덕계동 1577",
            "도로명주소":"경상남도 양산시 신덕계로 34",
            "세대수":50,
            "입주년차":80,
            "용적률점수":"--",
            "건폐율점수":"--",
            "세대당주차수":30,
            "난방방식":30,
            "공급면적":"--",
            "전용률":"--",
            "욕실수":100,
            "현관타입":100,
            "주거총점":61.0,
            "지역구공급총점":0.0,
            "역세권":"NA",
            "30분내 이동가능 거점":"NA",
            "1시간내 이동가능 거점":"NA",
            "교통총점":"NA",
            "백화점":0,
            "아울렛몰":0,
            "대형마트":80,
            "은행":0,
            "병원":10,
            "종합병원":80,
            "공원":0,
            "혐오시설":0,
            "인프라총점":29.0,
            "초등학군":90.0,
            "중학군":41.14,
            "학군총점":50.912,
            "인구수":39.49,
            "인구증감":4.74,
            "인구총점":29.065,
            "일자리":17.9,
            "소득수준":61.39,
            "일자리총점":30.947,
            "가치 총점":45.678,
            "매매실거래년":20211106.0,
            "매매실거래가":17000.0,
            "전세실거래년":20210814.0,
            "전세실거래가":11000.0,
            "전세가율":88.6,
            "장기전세가율평균":69.78,
            "전세가율거품지수":-18.82,
            "검색코드":106228,
            "세대수":487.0,
            "준공년월":"2014-01-16",
            "준공년차":9.0,
            "가까운역이름":"NA",
            "가까운역거리":"NA",
            "역세권여부":"NA",
            "30분이내주요거점역":"NA",
            "1시간이내주요거점역":"NA",
            "3km이내백화점수":0,
            "5km이내아울렛몰수":0,
            "1km이내대형먀트수":1,
            "500m이내은행수":0,
            "500m이내병원수":4,
            "5km이내대형병원수":1,
            "500m이내공원수":0,
            "3km이내혐오시설수":0,
            "초등학교학업성취도":90.0,
            "중학교학업성취도":67.5,
            "용적률":195,
            "건폐율":17,
            "Y":35.378153,
            "X":129.158541,
            "rank":65.0,
            "area_info":"25평(83.41), 25평(83.7), 33평(110.92)",
            "last_sales":"2021-11-06,17000.0,25평(83.7)"
        },
        {
            "index":303,
            "아파트명":"양산신도시삼정그린코아더시티(도시형)",
            "투자타입":"일반",
            "전용면적(m2)":"29.43",
            "전용면적(평)":"8평",
            "법정동주소":"경상남도 양산시 물금읍 가촌리 1290-3",
            "도로명주소":"경상남도 양산시 메기로 199",
            "세대수":0,
            "입주년차":80,
            "용적률점수":"--",
            "건폐율점수":"--",
            "세대당주차수":0,
            "난방방식":100,
            "공급면적":"--",
            "전용률":"--",
            "욕실수":50,
            "현관타입":100,
            "주거총점":41.0,
            "지역구공급총점":0.0,
            "역세권":"NA",
            "30분내 이동가능 거점":"NA",
            "1시간내 이동가능 거점":"NA",
            "교통총점":"NA",
            "백화점":0,
            "아울렛몰":0,
            "대형마트":100,
            "은행":70,
            "병원":60,
            "종합병원":80,
            "공원":100,
            "혐오시설":0,
            "인프라총점":47.0,
            "초등학군":83.98,
            "중학군":40.86,
            "학군총점":49.484,
            "인구수":39.49,
            "인구증감":4.74,
            "인구총점":29.065,
            "일자리":17.9,
            "소득수준":61.39,
            "일자리총점":30.947,
            "가치 총점":45.521,
            "매매실거래년":20211117.0,
            "매매실거래가":8000.0,
            "전세실거래년":20211226.0,
            "전세실거래가":7000.0,
            "전세가율":87.5,
            "장기전세가율평균":69.78,
            "전세가율거품지수":-17.72,
            "검색코드":111177,
            "세대수":286.0,
            "준공년월":"2018-03-27",
            "준공년차":5.0,
            "가까운역이름":"NA",
            "가까운역거리":"NA",
            "역세권여부":"NA",
            "30분이내주요거점역":"NA",
            "1시간이내주요거점역":"NA",
            "3km이내백화점수":0,
            "5km이내아울렛몰수":0,
            "1km이내대형먀트수":3,
            "500m이내은행수":3,
            "500m이내병원수":12,
            "5km이내대형병원수":1,
            "500m이내공원수":5,
            "3km이내혐오시설수":0,
            "초등학교학업성취도":83.98,
            "중학교학업성취도":67.5,
            "용적률":827,
            "건폐율":77,
            "Y":35.311255,
            "X":129.010283,
            "rank":66.0,
            "area_info":"8평(29.43), 14평(47.74), 14평(47.31), 14평(49.08)",
            "last_sales":"2021-11-17,8000.0,8평(29.43)"
        },
        {
            "index":521,
            "아파트명":"천성리버타운",
            "투자타입":"일반",
            "전용면적(m2)":"73.75",
            "전용면적(평)":"22평",
            "법정동주소":"경상남도 양산시 소주동 147-1",
            "도로명주소":"경상남도 양산시 소주회야로 75",
            "세대수":100,
            "입주년차":0,
            "용적률점수":"--",
            "건폐율점수":"--",
            "세대당주차수":0,
            "난방방식":30,
            "공급면적":"--",
            "전용률":"--",
            "욕실수":50,
            "현관타입":100,
            "주거총점":53.0,
            "지역구공급총점":0.0,
            "역세권":"NA",
            "30분내 이동가능 거점":"NA",
            "1시간내 이동가능 거점":"NA",
            "교통총점":"NA",
            "백화점":0,
            "아울렛몰":0,
            "대형마트":100,
            "은행":0,
            "병원":30,
            "종합병원":80,
            "공원":0,
            "혐오시설":0,
            "인프라총점":34.0,
            "초등학군":86.67,
            "중학군":43.74,
            "학군총점":52.326,
            "인구수":39.49,
            "인구증감":4.74,
            "인구총점":29.065,
            "일자리":17.9,
            "소득수준":61.39,
            "일자리총점":30.947,
            "가치 총점":45.2315,
            "매매실거래년":20220111.0,
            "매매실거래가":5900.0,
            "전세실거래년":20220114.0,
            "전세실거래가":5500.0,
            "전세가율":93.22,
            "장기전세가율평균":69.78,
            "전세가율거품지수":-23.44,
            "검색코드":19687,
            "세대수":3000.0,
            "준공년월":"1998-09-17",
            "준공년차":25.0,
            "가까운역이름":"NA",
            "가까운역거리":"NA",
            "역세권여부":"NA",
            "30분이내주요거점역":"NA",
            "1시간이내주요거점역":"NA",
            "3km이내백화점수":0,
            "5km이내아울렛몰수":0,
            "1km이내대형먀트수":3,
            "500m이내은행수":0,
            "500m이내병원수":5,
            "5km이내대형병원수":1,
            "500m이내공원수":0,
            "3km이내혐오시설수":0,
            "초등학교학업성취도":86.67,
            "중학교학업성취도":71.9,
            "용적률":284,
            "건폐율":21,
            "Y":35.408842,
            "X":129.159127,
            "rank":67.0,
            "area_info":"22평(73.75), 25평(85.86)",
            "last_sales":"2022-01-11,5900.0,22평(73.75)"
        },
        {
            "index":311,
            "아파트명":"양산신도시한양수자인더퍼스트",
            "투자타입":"일반",
            "전용면적(m2)":"98.13",
            "전용면적(평)":"29평",
            "법정동주소":"경상남도 양산시 물금읍 가촌리 1276-1",
            "도로명주소":"경상남도 양산시 물금로 76",
            "세대수":50,
            "입주년차":80,
            "용적률점수":"--",
            "건폐율점수":"--",
            "세대당주차수":30,
            "난방방식":100,
            "공급면적":"--",
            "전용률":"--",
            "욕실수":100,
            "현관타입":100,
            "주거총점":68.0,
            "지역구공급총점":0.0,
            "역세권":"NA",
            "30분내 이동가능 거점":"NA",
            "1시간내 이동가능 거점":"NA",
            "교통총점":"NA",
            "백화점":0,
            "아울렛몰":0,
            "대형마트":0,
            "은행":0,
            "병원":30,
            "종합병원":80,
            "공원":100,
            "혐오시설":0,
            "인프라총점":22.0,
            "초등학군":88.78,
            "중학군":40.86,
            "학군총점":50.444,
            "인구수":39.49,
            "인구증감":4.74,
            "인구총점":29.065,
            "일자리":17.9,
            "소득수준":61.39,
            "일자리총점":30.947,
            "가치 총점":45.211,
            "매매실거래년":20220115.0,
            "매매실거래가":42900.0,
            "전세실거래년":20211102.0,
            "전세실거래가":27000.0,
            "전세가율":77.14,
            "장기전세가율평균":69.78,
            "전세가율거품지수":-7.36,
            "검색코드":112511,
            "세대수":644.0,
            "준공년월":"2018-02-13",
            "준공년차":5.0,
            "가까운역이름":"NA",
            "가까운역거리":"NA",
            "역세권여부":"NA",
            "30분이내주요거점역":"NA",
            "1시간이내주요거점역":"NA",
            "3km이내백화점수":0,
            "5km이내아울렛몰수":0,
            "1km이내대형먀트수":0,
            "500m이내은행수":0,
            "500m이내병원수":7,
            "5km이내대형병원수":1,
            "500m이내공원수":2,
            "3km이내혐오시설수":0,
            "초등학교학업성취도":88.78,
            "중학교학업성취도":67.5,
            "용적률":203,
            "건폐율":17,
            "Y":35.311924,
            "X":128.993093,
            "rank":68.0,
            "area_info":"29평(98.13), 29평(98.31), 33평(111.13), 33평(111.46), 33평(111.4), 33평(111.3)",
            "last_sales":"2022-01-15,42900.0,33평(111.46)"
        },
        {
            "index":343,
            "아파트명":"양산이지더원5차",
            "투자타입":"일반",
            "전용면적(m2)":"98.62",
            "전용면적(평)":"29평",
            "법정동주소":"경상남도 양산시 물금읍 물금리 800-2",
            "도로명주소":"경상남도 양산시 물금로 57",
            "세대수":50,
            "입주년차":80,
            "용적률점수":"--",
            "건폐율점수":"--",
            "세대당주차수":30,
            "난방방식":100,
            "공급면적":"--",
            "전용률":"--",
            "욕실수":100,
            "현관타입":100,
            "주거총점":68.0,
            "지역구공급총점":0.0,
            "역세권":"NA",
            "30분내 이동가능 거점":"NA",
            "1시간내 이동가능 거점":"NA",
            "교통총점":"NA",
            "백화점":0,
            "아울렛몰":0,
            "대형마트":0,
            "은행":0,
            "병원":30,
            "종합병원":80,
            "공원":100,
            "혐오시설":0,
            "인프라총점":22.0,
            "초등학군":88.78,
            "중학군":40.86,
            "학군총점":50.444,
            "인구수":39.49,
            "인구증감":4.74,
            "인구총점":29.065,
            "일자리":17.9,
            "소득수준":61.39,
            "일자리총점":30.947,
            "가치 총점":45.211,
            "매매실거래년":20220105.0,
            "매매실거래가":37850.0,
            "전세실거래년":20211019.0,
            "전세실거래가":20000.0,
            "전세가율":52.84,
            "장기전세가율평균":69.78,
            "전세가율거품지수":16.94,
            "검색코드":110464,
            "세대수":625.0,
            "준공년월":"2017-07-27",
            "준공년차":6.0,
            "가까운역이름":"NA",
            "가까운역거리":"NA",
            "역세권여부":"NA",
            "30분이내주요거점역":"NA",
            "1시간이내주요거점역":"NA",
            "3km이내백화점수":0,
            "5km이내아울렛몰수":0,
            "1km이내대형먀트수":0,
            "500m이내은행수":0,
            "500m이내병원수":5,
            "5km이내대형병원수":1,
            "500m이내공원수":2,
            "3km이내혐오시설수":0,
            "초등학교학업성취도":88.78,
            "중학교학업성취도":67.5,
            "용적률":192,
            "건폐율":16,
            "Y":35.311588,
            "X":128.989337,
            "rank":68.0,
            "area_info":"29평(98.62), 31평(102.62), 34평(114.78)",
            "last_sales":"2022-01-05,37850.0,29평(98.62)"
        },
        {
            "index":259,
            "아파트명":"양산물금동일스위트",
            "투자타입":"일반",
            "전용면적(m2)":"83.09",
            "전용면적(평)":"25평",
            "법정동주소":"경상남도 양산시 물금읍 가촌리 720",
            "도로명주소":"경상남도 양산시 가촌서로 93",
            "세대수":90,
            "입주년차":60,
            "용적률점수":"--",
            "건폐율점수":"--",
            "세대당주차수":30,
            "난방방식":30,
            "공급면적":"--",
            "전용률":"--",
            "욕실수":100,
            "현관타입":100,
            "주거총점":71.0,
            "지역구공급총점":0.0,
            "역세권":"NA",
            "30분내 이동가능 거점":"NA",
            "1시간내 이동가능 거점":"NA",
            "교통총점":"NA",
            "백화점":0,
            "아울렛몰":0,
            "대형마트":0,
            "은행":0,
            "병원":0,
            "종합병원":80,
            "공원":100,
            "혐오시설":0,
            "인프라총점":19.0,
            "초등학군":87.34,
            "중학군":41.12,
            "학군총점":50.364,
            "인구수":39.49,
            "인구증감":4.74,
            "인구총점":29.065,
            "일자리":17.9,
            "소득수준":61.39,
            "일자리총점":30.947,
            "가치 총점":45.041,
            "매매실거래년":20220108.0,
            "매매실거래가":26800.0,
            "전세실거래년":20211018.0,
            "전세실거래가":18000.0,
            "전세가율":80.0,
            "장기전세가율평균":69.78,
            "전세가율거품지수":-10.22,
            "검색코드":103589,
            "세대수":1292.0,
            "준공년월":"2013-12-03",
            "준공년차":10.0,
            "가까운역이름":"NA",
            "가까운역거리":"NA",
            "역세권여부":"NA",
            "30분이내주요거점역":"NA",
            "1시간이내주요거점역":"NA",
            "3km이내백화점수":0,
            "5km이내아울렛몰수":0,
            "1km이내대형먀트수":0,
            "500m이내은행수":0,
            "500m이내병원수":0,
            "5km이내대형병원수":1,
            "500m이내공원수":3,
            "3km이내혐오시설수":0,
            "초등학교학업성취도":87.34,
            "중학교학업성취도":68.2,
            "용적률":220,
            "건폐율":20,
            "Y":35.324528,
            "X":128.993246,
            "rank":69.0,
            "area_info":"25평(83.09), 30평(99.39), 33평(110.53), 33평(110.28), 33평(110.23)",
            "last_sales":"2022-01-08,26800.0,33평(110.53)"
        },
        {
            "index":69,
            "아파트명":"부영벽산",
            "투자타입":"일반",
            "전용면적(m2)":"74.26",
            "전용면적(평)":"22평",
            "법정동주소":"경상남도 양산시 덕계동 881",
            "도로명주소":"경상남도 양산시 덕계11길 12",
            "세대수":80,
            "입주년차":20,
            "용적률점수":"--",
            "건폐율점수":"--",
            "세대당주차수":0,
            "난방방식":30,
            "공급면적":"--",
            "전용률":"--",
            "욕실수":50,
            "현관타입":100,
            "주거총점":50.0,
            "지역구공급총점":0.0,
            "역세권":"NA",
            "30분내 이동가능 거점":"NA",
            "1시간내 이동가능 거점":"NA",
            "교통총점":"NA",
            "백화점":0,
            "아울렛몰":0,
            "대형마트":80,
            "은행":20,
            "병원":60,
            "종합병원":80,
            "공원":0,
            "혐오시설":0,
            "인프라총점":36.0,
            "초등학군":96.39,
            "중학군":41.14,
            "학군총점":52.19,
            "인구수":39.49,
            "인구증감":4.74,
            "인구총점":29.065,
            "일자리":17.9,
            "소득수준":61.39,
            "일자리총점":30.947,
            "가치 총점":44.9475,
            "매매실거래년":20220107.0,
            "매매실거래가":21500.0,
            "전세실거래년":20211222.0,
            "전세실거래가":11000.0,
            "전세가율":80.88,
            "장기전세가율평균":69.78,
            "전세가율거품지수":-11.1,
            "검색코드":7101,
            "세대수":863.0,
            "준공년월":"1999-02-01",
            "준공년차":24.0,
            "가까운역이름":"NA",
            "가까운역거리":"NA",
            "역세권여부":"NA",
            "30분이내주요거점역":"NA",
            "1시간이내주요거점역":"NA",
            "3km이내백화점수":0,
            "5km이내아울렛몰수":0,
            "1km이내대형먀트수":1,
            "500m이내은행수":2,
            "500m이내병원수":28,
            "5km이내대형병원수":1,
            "500m이내공원수":0,
            "3km이내혐오시설수":0,
            "초등학교학업성취도":96.39,
            "중학교학업성취도":67.5,
            "용적률":379,
            "건폐율":23,
            "Y":35.376632,
            "X":129.152063,
            "rank":70.0,
            "area_info":"22평(74.26), 22평(74.07), 26평(88.3), 30평(99.19)",
            "last_sales":"2022-01-07,21500.0,30평(99.19)"
        },
        {
            "index":268,
            "아파트명":"양산물금사랑으로부영2단지",
            "투자타입":"일반",
            "전용면적(m2)":"81.3",
            "전용면적(평)":"24평",
            "법정동주소":"경상남도 양산시 물금읍 가촌리 가촌리 1272-4",
            "도로명주소":"경상남도 양산시 청운로 131",
            "세대수":50,
            "입주년차":80,
            "용적률점수":"--",
            "건폐율점수":"--",
            "세대당주차수":30,
            "난방방식":100,
            "공급면적":"--",
            "전용률":"--",
            "욕실수":100,
            "현관타입":100,
            "주거총점":68.0,
            "지역구공급총점":0.0,
            "역세권":"NA",
            "30분내 이동가능 거점":"NA",
            "1시간내 이동가능 거점":"NA",
            "교통총점":"NA",
            "백화점":0,
            "아울렛몰":0,
            "대형마트":0,
            "은행":0,
            "병원":60,
            "종합병원":80,
            "공원":100,
            "혐오시설":0,
            "인프라총점":25.0,
            "초등학군":45.89,
            "중학군":40.86,
            "학군총점":41.866,
            "인구수":39.49,
            "인구증감":4.74,
            "인구총점":29.065,
            "일자리":17.9,
            "소득수준":61.39,
            "일자리총점":30.947,
            "가치 총점":44.2665,
            "매매실거래년":"18000101",
            "매매실거래가":null,
            "전세실거래년":20220117.0,
            "전세실거래가":12192.0,
            "전세가율":null,
            "장기전세가율평균":69.78,
            "전세가율거품지수":null,
            "검색코드":145165,
            "세대수":657.0,
            "준공년월":"2015-12-30",
            "준공년차":8.0,
            "가까운역이름":"NA",
            "가까운역거리":"NA",
            "역세권여부":"NA",
            "30분이내주요거점역":"NA",
            "1시간이내주요거점역":"NA",
            "3km이내백화점수":0,
            "5km이내아울렛몰수":0,
            "1km이내대형먀트수":0,
            "500m이내은행수":0,
            "500m이내병원수":22,
            "5km이내대형병원수":1,
            "500m이내공원수":2,
            "3km이내혐오시설수":0,
            "초등학교학업성취도":45.89,
            "중학교학업성취도":67.5,
            "용적률":204,
            "건폐율":14,
            "Y":35.314304,
            "X":128.998142,
            "rank":71.0,
            "area_info":"24평(81.3), 34평(112.45), 34평(113.17), 34평(113.09)",
            "last_sales":"1800-01-01,nan,24평(81.3)"
        },
        {
            "index":703,
            "아파트명":"양산천성산한일유앤아이",
            "투자타입":"일반",
            "전용면적(m2)":"86.3",
            "전용면적(평)":"26평",
            "법정동주소":"경상남도 양산시 평산동 600",
            "도로명주소":"경상남도 양산시 평산로 116",
            "세대수":100,
            "입주년차":40,
            "용적률점수":"--",
            "건폐율점수":"--",
            "세대당주차수":30,
            "난방방식":30,
            "공급면적":"--",
            "전용률":"--",
            "욕실수":100,
            "현관타입":100,
            "주거총점":70.5,
            "지역구공급총점":0.0,
            "역세권":"NA",
            "30분내 이동가능 거점":"NA",
            "1시간내 이동가능 거점":"NA",
            "교통총점":"NA",
            "백화점":0,
            "아울렛몰":0,
            "대형마트":0,
            "은행":0,
            "병원":0,
            "종합병원":80,
            "공원":0,
            "혐오시설":0,
            "인프라총점":16.0,
            "초등학군":93.95,
            "중학군":41.14,
            "학군총점":51.702,
            "인구수":39.49,
            "인구증감":4.74,
            "인구총점":29.065,
            "일자리":17.9,
            "소득수준":61.39,
            "일자리총점":30.947,
            "가치 총점":44.0005,
            "매매실거래년":20220107.0,
            "매매실거래가":19500.0,
            "전세실거래년":20211019.0,
            "전세실거래가":13500.0,
            "전세가율":83.33,
            "장기전세가율평균":69.78,
            "전세가율거품지수":-13.55,
            "검색코드":24741,
            "세대수":1663.0,
            "준공년월":"2008-06-30",
            "준공년차":15.0,
            "가까운역이름":"NA",
            "가까운역거리":"NA",
            "역세권여부":"NA",
            "30분이내주요거점역":"NA",
            "1시간이내주요거점역":"NA",
            "3km이내백화점수":0,
            "5km이내아울렛몰수":0,
            "1km이내대형먀트수":0,
            "500m이내은행수":0,
            "500m이내병원수":1,
            "5km이내대형병원수":1,
            "500m이내공원수":0,
            "3km이내혐오시설수":0,
            "초등학교학업성취도":93.95,
            "중학교학업성취도":67.5,
            "용적률":203,
            "건폐율":13,
            "Y":35.383645,
            "X":129.141575,
            "rank":72.0,
            "area_info":"26평(86.3), 34평(112.54)",
            "last_sales":"2022-01-07,19500.0,34평(112.54)"
        },
        {
            "index":525,
            "아파트명":"양산신기주공",
            "투자타입":"일반",
            "전용면적(m2)":"50.4",
            "전용면적(평)":"15평",
            "법정동주소":"경상남도 양산시 신기동 508-3",
            "도로명주소":"경상남도 양산시 신기서길 23",
            "세대수":100,
            "입주년차":0,
            "용적률점수":"--",
            "건폐율점수":"--",
            "세대당주차수":0,
            "난방방식":80,
            "공급면적":"--",
            "전용률":"--",
            "욕실수":50,
            "현관타입":10,
            "주거총점":49.0,
            "지역구공급총점":0.0,
            "역세권":"NA",
            "30분내 이동가능 거점":"NA",
            "1시간내 이동가능 거점":"NA",
            "교통총점":"NA",
            "백화점":0,
            "아울렛몰":0,
            "대형마트":0,
            "은행":100,
            "병원":30,
            "종합병원":100,
            "공원":100,
            "혐오시설":0,
            "인프라총점":36.0,
            "초등학군":88.0,
            "중학군":40.24,
            "학군총점":49.792,
            "인구수":39.49,
            "인구증감":4.74,
            "인구총점":29.065,
            "일자리":17.9,
            "소득수준":61.39,
            "일자리총점":30.947,
            "가치 총점":43.998,
            "매매실거래년":20220116.0,
            "매매실거래가":10400.0,
            "전세실거래년":20220110.0,
            "전세실거래가":6500.0,
            "전세가율":62.5,
            "장기전세가율평균":69.78,
            "전세가율거품지수":7.28,
            "검색코드":7031,
            "세대수":2280.0,
            "준공년월":"1993-06-09",
            "준공년차":30.0,
            "가까운역이름":"NA",
            "가까운역거리":"NA",
            "역세권여부":"NA",
            "30분이내주요거점역":"NA",
            "1시간이내주요거점역":"NA",
            "3km이내백화점수":0,
            "5km이내아울렛몰수":0,
            "1km이내대형먀트수":0,
            "500m이내은행수":5,
            "500m이내병원수":5,
            "5km이내대형병원수":2,
            "500m이내공원수":7,
            "3km이내혐오시설수":0,
            "초등학교학업성취도":88.0,
            "중학교학업성취도":66.8,
            "용적률":208,
            "건폐율":16,
            "Y":35.353601,
            "X":129.03991,
            "rank":73.0,
            "area_info":"15평(50.4), 17평(58.61), 18평(60.33), 22평(72.95)",
            "last_sales":"2022-01-16,10400.0,15평(50.4)"
        },
        {
            "index":131,
            "아파트명":"사송더샵데시앙(B4블럭)",
            "투자타입":"일반",
            "전용면적(m2)":"98.47",
            "전용면적(평)":"29평",
            "법정동주소":"경상남도 양산시 동면 내송리 양산사송공공주택지구비-4블록",
            "도로명주소":"경상남도 양산시 내송큰들로 73",
            "세대수":50,
            "입주년차":100,
            "용적률점수":"--",
            "건폐율점수":"--",
            "세대당주차수":30,
            "난방방식":100,
            "공급면적":"--",
            "전용률":"--",
            "욕실수":100,
            "현관타입":100,
            "주거총점":72.0,
            "지역구공급총점":0.0,
            "역세권":"NA",
            "30분내 이동가능 거점":"NA",
            "1시간내 이동가능 거점":"NA",
            "교통총점":"NA",
            "백화점":0,
            "아울렛몰":0,
            "대형마트":0,
            "은행":0,
            "병원":0,
            "종합병원":80,
            "공원":0,
            "혐오시설":0,
            "인프라총점":16.0,
            "초등학군":86.86,
            "중학군":40.24,
            "학군총점":49.564,
            "인구수":39.49,
            "인구증감":4.74,
            "인구총점":29.065,
            "일자리":17.9,
            "소득수준":61.39,
            "일자리총점":30.947,
            "가치 총점":43.991,
            "매매실거래년":20211214.0,
            "매매실거래가":40360.0,
            "전세실거래년":null,
            "전세실거래가":null,
            "전세가율":null,
            "장기전세가율평균":69.78,
            "전세가율거품지수":null,
            "검색코드":125854,
            "세대수":523.0,
            "준공년월":"2021-11-01",
            "준공년차":2.0,
            "가까운역이름":"NA",
            "가까운역거리":"NA",
            "역세권여부":"NA",
            "30분이내주요거점역":"NA",
            "1시간이내주요거점역":"NA",
            "3km이내백화점수":0,
            "5km이내아울렛몰수":0,
            "1km이내대형먀트수":0,
            "500m이내은행수":0,
            "500m이내병원수":0,
            "5km이내대형병원수":1,
            "500m이내공원수":0,
            "3km이내혐오시설수":0,
            "초등학교학업성취도":86.86,
            "중학교학업성취도":66.8,
            "용적률":0,
            "건폐율":0,
            "Y":35.321535,
            "X":129.069737,
            "rank":74.0,
            "area_info":"29평(98.47), 33평(110.77), 33평(111.75)",
            "last_sales":"2021-12-14,40360.0,33평(111.75)"
        },
        {
            "index":128,
            "아파트명":"사송더샵데시앙(B3블럭)",
            "투자타입":"일반",
            "전용면적(m2)":"98.6",
            "전용면적(평)":"29평",
            "법정동주소":"경상남도 양산시 동면 내송리 양산사송택지개발지구 B-3BL",
            "도로명주소":"경상남도 양산시 내송큰들로 107",
            "세대수":50,
            "입주년차":100,
            "용적률점수":"--",
            "건폐율점수":"--",
            "세대당주차수":30,
            "난방방식":100,
            "공급면적":"--",
            "전용률":"--",
            "욕실수":100,
            "현관타입":100,
            "주거총점":72.0,
            "지역구공급총점":0.0,
            "역세권":"NA",
            "30분내 이동가능 거점":"NA",
            "1시간내 이동가능 거점":"NA",
            "교통총점":"NA",
            "백화점":0,
            "아울렛몰":0,
            "대형마트":0,
            "은행":0,
            "병원":0,
            "종합병원":80,
            "공원":0,
            "혐오시설":0,
            "인프라총점":16.0,
            "초등학군":86.86,
            "중학군":40.24,
            "학군총점":49.564,
            "인구수":39.49,
            "인구증감":4.74,
            "인구총점":29.065,
            "일자리":17.9,
            "소득수준":61.39,
            "일자리총점":30.947,
            "가치 총점":43.991,
            "매매실거래년":20211126.0,
            "매매실거래가":35700.0,
            "전세실거래년":null,
            "전세실거래가":null,
            "전세가율":null,
            "장기전세가율평균":69.78,
            "전세가율거품지수":null,
            "검색코드":125853,
            "세대수":455.0,
            "준공년월":"2021-11-01",
            "준공년차":2.0,
            "가까운역이름":"NA",
            "가까운역거리":"NA",
            "역세권여부":"NA",
            "30분이내주요거점역":"NA",
            "1시간이내주요거점역":"NA",
            "3km이내백화점수":0,
            "5km이내아울렛몰수":0,
            "1km이내대형먀트수":0,
            "500m이내은행수":0,
            "500m이내병원수":0,
            "5km이내대형병원수":1,
            "500m이내공원수":0,
            "3km이내혐오시설수":0,
            "초등학교학업성취도":86.86,
            "중학교학업성취도":66.8,
            "용적률":0,
            "건폐율":0,
            "Y":35.322723,
            "X":129.068342,
            "rank":74.0,
            "area_info":"29평(98.6), 33평(110.92), 33평(111.9)",
            "last_sales":"2021-11-26,35700.0,29평(98.6)"
        },
        {
            "index":81,
            "아파트명":"양산두산위브2차 1단지",
            "투자타입":"일반",
            "전용면적(m2)":"82.44",
            "전용면적(평)":"24평",
            "법정동주소":"경상남도 양산시 덕계동 1590",
            "도로명주소":"경상남도 양산시 신덕계8길 37",
            "세대수":50,
            "입주년차":100,
            "용적률점수":"--",
            "건폐율점수":"--",
            "세대당주차수":30,
            "난방방식":30,
            "공급면적":"--",
            "전용률":"--",
            "욕실수":100,
            "현관타입":100,
            "주거총점":65.0,
            "지역구공급총점":0.0,
            "역세권":"NA",
            "30분내 이동가능 거점":"NA",
            "1시간내 이동가능 거점":"NA",
            "교통총점":"NA",
            "백화점":0,
            "아울렛몰":0,
            "대형마트":0,
            "은행":0,
            "병원":0,
            "종합병원":80,
            "공원":0,
            "혐오시설":0,
            "인프라총점":16.0,
            "초등학군":90.0,
            "중학군":48.68,
            "학군총점":56.944,
            "인구수":39.49,
            "인구증감":4.74,
            "인구총점":29.065,
            "일자리":17.9,
            "소득수준":61.39,
            "일자리총점":30.947,
            "가치 총점":43.386,
            "매매실거래년":20210510.0,
            "매매실거래가":25995.0,
            "전세실거래년":null,
            "전세실거래가":null,
            "전세가율":null,
            "장기전세가율평균":69.78,
            "전세가율거품지수":null,
            "검색코드":122047,
            "세대수":680.0,
            "준공년월":"2021-03-01",
            "준공년차":2.0,
            "가까운역이름":"NA",
            "가까운역거리":"NA",
            "역세권여부":"NA",
            "30분이내주요거점역":"NA",
            "1시간이내주요거점역":"NA",
            "3km이내백화점수":0,
            "5km이내아울렛몰수":0,
            "1km이내대형먀트수":0,
            "500m이내은행수":0,
            "500m이내병원수":0,
            "5km이내대형병원수":1,
            "500m이내공원수":0,
            "3km이내혐오시설수":0,
            "초등학교학업성취도":90.0,
            "중학교학업성취도":80.8,
            "용적률":0,
            "건폐율":0,
            "Y":35.375254,
            "X":129.162067,
            "rank":75.0,
            "area_info":"24평(82.44), 25평(83.44), 31평(103.65), 34평(114.85)",
            "last_sales":"2021-05-10,25995.0,24평(82.44)"
        },
        {
            "index":531,
            "아파트명":"양산유탑유블레스하늘리에",
            "투자타입":"일반",
            "전용면적(m2)":"82.87",
            "전용면적(평)":"25평",
            "법정동주소":"경상남도 양산시 신기동 653",
            "도로명주소":"경상남도 양산시 명곡로 141",
            "세대수":50,
            "입주년차":100,
            "용적률점수":"--",
            "건폐율점수":"--",
            "세대당주차수":30,
            "난방방식":30,
            "공급면적":"--",
            "전용률":"--",
            "욕실수":100,
            "현관타입":100,
            "주거총점":65.0,
            "지역구공급총점":0.0,
            "역세권":"NA",
            "30분내 이동가능 거점":"NA",
            "1시간내 이동가능 거점":"NA",
            "교통총점":"NA",
            "백화점":0,
            "아울렛몰":0,
            "대형마트":0,
            "은행":0,
            "병원":0,
            "종합병원":100,
            "공원":0,
            "혐오시설":0,
            "인프라총점":20.0,
            "초등학군":86.86,
            "중학군":40.24,
            "학군총점":49.564,
            "인구수":39.49,
            "인구증감":4.74,
            "인구총점":29.065,
            "일자리":17.9,
            "소득수준":61.39,
            "일자리총점":30.947,
            "가치 총점":43.141,
            "매매실거래년":20191008.0,
            "매매실거래가":20988.0,
            "전세실거래년":null,
            "전세실거래가":null,
            "전세가율":null,
            "장기전세가율평균":69.78,
            "전세가율거품지수":null,
            "검색코드":115697,
            "세대수":635.0,
            "준공년월":"2019-08-20",
            "준공년차":4.0,
            "가까운역이름":"NA",
            "가까운역거리":"NA",
            "역세권여부":"NA",
            "30분이내주요거점역":"NA",
            "1시간이내주요거점역":"NA",
            "3km이내백화점수":0,
            "5km이내아울렛몰수":0,
            "1km이내대형먀트수":0,
            "500m이내은행수":0,
            "500m이내병원수":0,
            "5km이내대형병원수":2,
            "500m이내공원수":0,
            "3km이내혐오시설수":0,
            "초등학교학업성취도":86.86,
            "중학교학업성취도":66.8,
            "용적률":213,
            "건폐율":17,
            "Y":35.348465,
            "X":129.050447,
            "rank":76.0,
            "area_info":"25평(82.87), 25평(83.34), 25평(83.15), 25평(83.75), 28평(94.5)",
            "last_sales":"2019-10-08,20988.0,28평(94.5)"
        },
        {
            "index":369,
            "아파트명":"이지더원에듀파크1차",
            "투자타입":"일반",
            "전용면적(m2)":"83.63",
            "전용면적(평)":"25평",
            "법정동주소":"경상남도 양산시 물금읍 가촌리 1272-10",
            "도로명주소":"경상남도 양산시 새실로 53",
            "세대수":50,
            "입주년차":80,
            "용적률점수":"--",
            "건폐율점수":"--",
            "세대당주차수":30,
            "난방방식":100,
            "공급면적":"--",
            "전용률":"--",
            "욕실수":100,
            "현관타입":100,
            "주거총점":68.0,
            "지역구공급총점":0.0,
            "역세권":"NA",
            "30분내 이동가능 거점":"NA",
            "1시간내 이동가능 거점":"NA",
            "교통총점":"NA",
            "백화점":0,
            "아울렛몰":0,
            "대형마트":0,
            "은행":0,
            "병원":30,
            "종합병원":80,
            "공원":100,
            "혐오시설":0,
            "인프라총점":22.0,
            "초등학군":45.89,
            "중학군":40.86,
            "학군총점":41.866,
            "인구수":39.49,
            "인구증감":4.74,
            "인구총점":29.065,
            "일자리":17.9,
            "소득수준":61.39,
            "일자리총점":30.947,
            "가치 총점":43.0665,
            "매매실거래년":20211214.0,
            "매매실거래가":30500.0,
            "전세실거래년":20211119.0,
            "전세실거래가":22000.0,
            "전세가율":72.13,
            "장기전세가율평균":69.78,
            "전세가율거품지수":-2.35,
            "검색코드":108711,
            "세대수":415.0,
            "준공년월":"2016-11-22",
            "준공년차":7.0,
            "가까운역이름":"NA",
            "가까운역거리":"NA",
            "역세권여부":"NA",
            "30분이내주요거점역":"NA",
            "1시간이내주요거점역":"NA",
            "3km이내백화점수":0,
            "5km이내아울렛몰수":0,
            "1km이내대형먀트수":0,
            "500m이내은행수":0,
            "500m이내병원수":7,
            "5km이내대형병원수":1,
            "500m이내공원수":2,
            "3km이내혐오시설수":0,
            "초등학교학업성취도":45.89,
            "중학교학업성취도":67.5,
            "용적률":175,
            "건폐율":15,
            "Y":35.312964,
            "X":128.996503,
            "rank":77.0,
            "area_info":"25평(83.63), 25평(84.32)",
            "last_sales":"2021-12-14,30500.0,25평(83.63)"
        },
        {
            "index":37,
            "아파트명":"대승1차",
            "투자타입":"일반",
            "전용면적(m2)":"70.85",
            "전용면적(평)":"21평",
            "법정동주소":"경상남도 양산시 덕계동 362",
            "도로명주소":"경상남도 양산시 웅상대로 866",
            "세대수":80,
            "입주년차":0,
            "용적률점수":"--",
            "건폐율점수":"--",
            "세대당주차수":0,
            "난방방식":30,
            "공급면적":"--",
            "전용률":"--",
            "욕실수":50,
            "현관타입":100,
            "주거총점":46.0,
            "지역구공급총점":0.0,
            "역세권":"NA",
            "30분내 이동가능 거점":"NA",
            "1시간내 이동가능 거점":"NA",
            "교통총점":"NA",
            "백화점":0,
            "아울렛몰":0,
            "대형마트":80,
            "은행":0,
            "병원":60,
            "종합병원":80,
            "공원":0,
            "혐오시설":0,
            "인프라총점":34.0,
            "초등학군":96.39,
            "중학군":41.14,
            "학군총점":52.19,
            "인구수":39.49,
            "인구증감":4.74,
            "인구총점":29.065,
            "일자리":17.9,
            "소득수준":61.39,
            "일자리총점":30.947,
            "가치 총점":42.7475,
            "매매실거래년":20211126.0,
            "매매실거래가":14500.0,
            "전세실거래년":20150315.0,
            "전세실거래가":5000.0,
            "전세가율":62.5,
            "장기전세가율평균":69.78,
            "전세가율거품지수":7.28,
            "검색코드":7076,
            "세대수":790.0,
            "준공년월":"1993-12-02",
            "준공년차":30.0,
            "가까운역이름":"NA",
            "가까운역거리":"NA",
            "역세권여부":"NA",
            "30분이내주요거점역":"NA",
            "1시간이내주요거점역":"NA",
            "3km이내백화점수":0,
            "5km이내아울렛몰수":0,
            "1km이내대형먀트수":1,
            "500m이내은행수":1,
            "500m이내병원수":14,
            "5km이내대형병원수":1,
            "500m이내공원수":0,
            "3km이내혐오시설수":0,
            "초등학교학업성취도":96.39,
            "중학교학업성취도":67.5,
            "용적률":399,
            "건폐율":23,
            "Y":35.37635,
            "X":129.157133,
            "rank":78.0,
            "area_info":"21평(70.85), 21평(72.08), 26평(88.49), 30평(100.65), 30평(100.55), 38평(126.91)",
            "last_sales":"2021-11-26,14500.0,26평(88.49)"
        },
        {
            "index":457,
            "아파트명":"유승한내들",
            "투자타입":"일반",
            "전용면적(m2)":"112.7",
            "전용면적(평)":"34평",
            "법정동주소":"경상남도 양산시 삼호동 857",
            "도로명주소":"경상남도 양산시 삼호로 98",
            "세대수":50,
            "입주년차":40,
            "용적률점수":"--",
            "건폐율점수":"--",
            "세대당주차수":30,
            "난방방식":30,
            "공급면적":"--",
            "전용률":"--",
            "욕실수":100,
            "현관타입":100,
            "주거총점":53.0,
            "지역구공급총점":0.0,
            "역세권":"NA",
            "30분내 이동가능 거점":"NA",
            "1시간내 이동가능 거점":"NA",
            "교통총점":"NA",
            "백화점":0,
            "아울렛몰":0,
            "대형마트":80,
            "은행":0,
            "병원":10,
            "종합병원":80,
            "공원":0,
            "혐오시설":0,
            "인프라총점":29.0,
            "초등학군":87.44,
            "중학군":40.58,
            "학군총점":49.952,
            "인구수":39.49,
            "인구증감":4.74,
            "인구총점":29.065,
            "일자리":17.9,
            "소득수준":61.39,
            "일자리총점":30.947,
            "가치 총점":42.638,
            "매매실거래년":20211214.0,
            "매매실거래가":20450.0,
            "전세실거래년":20201126.0,
            "전세실거래가":14000.0,
            "전세가율":68.46,
            "장기전세가율평균":69.78,
            "전세가율거품지수":1.32,
            "검색코드":26442,
            "세대수":542.0,
            "준공년월":"2008-04-22",
            "준공년차":15.0,
            "가까운역이름":"NA",
            "가까운역거리":"NA",
            "역세권여부":"NA",
            "30분이내주요거점역":"NA",
            "1시간이내주요거점역":"NA",
            "3km이내백화점수":0,
            "5km이내아울렛몰수":0,
            "1km이내대형먀트수":1,
            "500m이내은행수":0,
            "500m이내병원수":2,
            "5km이내대형병원수":1,
            "500m이내공원수":0,
            "3km이내혐오시설수":0,
            "초등학교학업성취도":87.44,
            "중학교학업성취도":67.5,
            "용적률":199,
            "건폐율":20,
            "Y":35.407923,
            "X":129.174924,
            "rank":79.0,
            "area_info":"34평(112.7)",
            "last_sales":"2021-12-14,20450.0,34평(112.7)"
        },
        {
            "index":568,
            "아파트명":"양산서희스타힐스",
            "투자타입":"일반",
            "전용면적(m2)":"90.4",
            "전용면적(평)":"27평",
            "법정동주소":"경상남도 양산시 주진동 700",
            "도로명주소":"경상남도 양산시 모래들길 57-27",
            "세대수":50,
            "입주년차":100,
            "용적률점수":"--",
            "건폐율점수":"--",
            "세대당주차수":30,
            "난방방식":30,
            "공급면적":"--",
            "전용률":"--",
            "욕실수":100,
            "현관타입":100,
            "주거총점":65.0,
            "지역구공급총점":0.0,
            "역세권":"NA",
            "30분내 이동가능 거점":"NA",
            "1시간내 이동가능 거점":"NA",
            "교통총점":"NA",
            "백화점":0,
            "아울렛몰":0,
            "대형마트":0,
            "은행":0,
            "병원":0,
            "종합병원":80,
            "공원":0,
            "혐오시설":0,
            "인프라총점":16.0,
            "초등학군":89.61,
            "중학군":43.74,
            "학군총점":52.914,
            "인구수":39.49,
            "인구증감":4.74,
            "인구총점":29.065,
            "일자리":17.9,
            "소득수준":61.39,
            "일자리총점":30.947,
            "가치 총점":42.3785,
            "매매실거래년":20211202.0,
            "매매실거래가":38500.0,
            "전세실거래년":20220104.0,
            "전세실거래가":20000.0,
            "전세가율":74.35,
            "장기전세가율평균":69.78,
            "전세가율거품지수":-4.57,
            "검색코드":114332,
            "세대수":687.0,
            "준공년월":"2019-09-30",
            "준공년차":4.0,
            "가까운역이름":"NA",
            "가까운역거리":"NA",
            "역세권여부":"NA",
            "30분이내주요거점역":"NA",
            "1시간이내주요거점역":"NA",
            "3km이내백화점수":0,
            "5km이내아울렛몰수":0,
            "1km이내대형먀트수":0,
            "500m이내은행수":0,
            "500m이내병원수":0,
            "5km이내대형병원수":1,
            "500m이내공원수":0,
            "3km이내혐오시설수":0,
            "초등학교학업성취도":89.61,
            "중학교학업성취도":71.9,
            "용적률":235,
            "건폐율":25,
            "Y":35.396693,
            "X":129.156439,
            "rank":80.0,
            "area_info":"27평(90.4), 30평(100.94), 30평(101.04), 34평(114.43)",
            "last_sales":"2021-12-02,38500.0,34평(114.43)"
        },
        {
            "index":138,
            "아파트명":"석산한신휴플러스",
            "투자타입":"일반",
            "전용면적(m2)":"83.65",
            "전용면적(평)":"25평",
            "법정동주소":"경상남도 양산시 동면 석산리 518",
            "도로명주소":"경상남도 양산시 석산1길 10",
            "세대수":50,
            "입주년차":40,
            "용적률점수":"--",
            "건폐율점수":"--",
            "세대당주차수":30,
            "난방방식":30,
            "공급면적":"--",
            "전용률":"--",
            "욕실수":100,
            "현관타입":100,
            "주거총점":53.0,
            "지역구공급총점":0.0,
            "역세권":"NA",
            "30분내 이동가능 거점":"NA",
            "1시간내 이동가능 거점":"NA",
            "교통총점":"NA",
            "백화점":0,
            "아울렛몰":0,
            "대형마트":0,
            "은행":0,
            "병원":0,
            "종합병원":100,
            "공원":100,
            "혐오시설":0,
            "인프라총점":23.0,
            "초등학군":85.15,
            "중학군":47.56,
            "학군총점":55.078,
            "인구수":39.49,
            "인구증감":4.74,
            "인구총점":29.065,
            "일자리":17.9,
            "소득수준":61.39,
            "일자리총점":30.947,
            "가치 총점":41.5195,
            "매매실거래년":20211217.0,
            "매매실거래가":23400.0,
            "전세실거래년":20200514.0,
            "전세실거래가":11000.0,
            "전세가율":57.29,
            "장기전세가율평균":69.78,
            "전세가율거품지수":12.49,
            "검색코드":19232,
            "세대수":544.0,
            "준공년월":"2006-09-20",
            "준공년차":17.0,
            "가까운역이름":"NA",
            "가까운역거리":"NA",
            "역세권여부":"NA",
            "30분이내주요거점역":"NA",
            "1시간이내주요거점역":"NA",
            "3km이내백화점수":0,
            "5km이내아울렛몰수":0,
            "1km이내대형먀트수":0,
            "500m이내은행수":0,
            "500m이내병원수":0,
            "5km이내대형병원수":2,
            "500m이내공원수":4,
            "3km이내혐오시설수":0,
            "초등학교학업성취도":85.15,
            "중학교학업성취도":78.2,
            "용적률":218,
            "건폐율":15,
            "Y":35.311994,
            "X":129.030492,
            "rank":81.0,
            "area_info":"25평(83.65), 34평(112.42)",
            "last_sales":"2021-12-17,23400.0,34평(112.42)"
        },
        {
            "index":705,
            "아파트명":"양산코아루",
            "투자타입":"일반",
            "전용면적(m2)":"94.7",
            "전용면적(평)":"28평",
            "법정동주소":"경상남도 양산시 평산동 1199",
            "도로명주소":"경상남도 양산시 평산북로 54",
            "세대수":80,
            "입주년차":40,
            "용적률점수":"--",
            "건폐율점수":"--",
            "세대당주차수":30,
            "난방방식":30,
            "공급면적":"--",
            "전용률":"--",
            "욕실수":100,
            "현관타입":100,
            "주거총점":63.5,
            "지역구공급총점":0.0,
            "역세권":"NA",
            "30분내 이동가능 거점":"NA",
            "1시간내 이동가능 거점":"NA",
            "교통총점":"NA",
            "백화점":0,
            "아울렛몰":0,
            "대형마트":0,
            "은행":0,
            "병원":0,
            "종합병원":80,
            "공원":0,
            "혐오시설":0,
            "인프라총점":16.0,
            "초등학군":89.7,
            "중학군":41.14,
            "학군총점":50.852,
            "인구수":39.49,
            "인구증감":4.74,
            "인구총점":29.065,
            "일자리":17.9,
            "소득수준":61.39,
            "일자리총점":30.947,
            "가치 총점":41.338,
            "매매실거래년":20211118.0,
            "매매실거래가":36000.0,
            "전세실거래년":20211123.0,
            "전세실거래가":12000.0,
            "전세가율":53.1,
            "장기전세가율평균":69.78,
            "전세가율거품지수":16.68,
            "검색코드":25019,
            "세대수":805.0,
            "준공년월":"2008-04-22",
            "준공년차":15.0,
            "가까운역이름":"NA",
            "가까운역거리":"NA",
            "역세권여부":"NA",
            "30분이내주요거점역":"NA",
            "1시간이내주요거점역":"NA",
            "3km이내백화점수":0,
            "5km이내아울렛몰수":0,
            "1km이내대형먀트수":0,
            "500m이내은행수":0,
            "500m이내병원수":0,
            "5km이내대형병원수":1,
            "500m이내공원수":0,
            "3km이내혐오시설수":0,
            "초등학교학업성취도":89.7,
            "중학교학업성취도":67.5,
            "용적률":199,
            "건폐율":17,
            "Y":35.389107,
            "X":129.149269,
            "rank":82.0,
            "area_info":"28평(94.7), 34평(113.06), 48평(158.93), 56평(185.9)",
            "last_sales":"2021-11-18,36000.0,48평(158.93)"
        },
        {
            "index":329,
            "아파트명":"양산유림노르웨이아침",
            "투자타입":"일반",
            "전용면적(m2)":"46.65",
            "전용면적(평)":"14평",
            "법정동주소":"경상남도 양산시 물금읍 가촌리 1290-2",
            "도로명주소":"경상남도 양산시 메기로 203",
            "세대수":0,
            "입주년차":80,
            "용적률점수":"--",
            "건폐율점수":"--",
            "세대당주차수":0,
            "난방방식":30,
            "공급면적":"--",
            "전용률":"--",
            "욕실수":50,
            "현관타입":100,
            "주거총점":34.0,
            "지역구공급총점":0.0,
            "역세권":"NA",
            "30분내 이동가능 거점":"NA",
            "1시간내 이동가능 거점":"NA",
            "교통총점":"NA",
            "백화점":0,
            "아울렛몰":0,
            "대형마트":100,
            "은행":20,
            "병원":60,
            "종합병원":80,
            "공원":100,
            "혐오시설":0,
            "인프라총점":42.0,
            "초등학군":83.98,
            "중학군":40.86,
            "학군총점":49.484,
            "인구수":39.49,
            "인구증감":4.74,
            "인구총점":29.065,
            "일자리":17.9,
            "소득수준":61.39,
            "일자리총점":30.947,
            "가치 총점":41.071,
            "매매실거래년":20220111.0,
            "매매실거래가":43000.0,
            "전세실거래년":20211220.0,
            "전세실거래가":12000.0,
            "전세가율":100.0,
            "장기전세가율평균":69.78,
            "전세가율거품지수":-30.22,
            "검색코드":113041,
            "세대수":108.0,
            "준공년월":"2018-12-21",
            "준공년차":5.0,
            "가까운역이름":"NA",
            "가까운역거리":"NA",
            "역세권여부":"NA",
            "30분이내주요거점역":"NA",
            "1시간이내주요거점역":"NA",
            "3km이내백화점수":0,
            "5km이내아울렛몰수":0,
            "1km이내대형먀트수":3,
            "500m이내은행수":2,
            "500m이내병원수":12,
            "5km이내대형병원수":1,
            "500m이내공원수":5,
            "3km이내혐오시설수":0,
            "초등학교학업성취도":83.98,
            "중학교학업성취도":67.5,
            "용적률":1234,
            "건폐율":73,
            "Y":35.311622,
            "X":129.010618,
            "rank":83.0,
            "area_info":"14평(46.65), 14평(48.42), 14평(48.61), 15평(50.29), 15평(50.15), 15평(50.17), 15평(52.21), 18평(60.38), 18평(60.58), 18평(60.59), 36평(120.73), 39평(129.34), 39평(129.95), 45평(151.05)",
            "last_sales":"2022-01-11,43000.0,45평(151.05)"
        },
        {
            "index":562,
            "아파트명":"양산롯데캐슬",
            "투자타입":"일반",
            "전용면적(m2)":"80.6",
            "전용면적(평)":"24평",
            "법정동주소":"경상남도 양산시 주진동 697",
            "도로명주소":"경상남도 양산시 진등길 26",
            "세대수":50,
            "입주년차":80,
            "용적률점수":"--",
            "건폐율점수":"--",
            "세대당주차수":30,
            "난방방식":30,
            "공급면적":"--",
            "전용률":"--",
            "욕실수":100,
            "현관타입":100,
            "주거총점":61.0,
            "지역구공급총점":0.0,
            "역세권":"NA",
            "30분내 이동가능 거점":"NA",
            "1시간내 이동가능 거점":"NA",
            "교통총점":"NA",
            "백화점":0,
            "아울렛몰":0,
            "대형마트":0,
            "은행":0,
            "병원":0,
            "종합병원":80,
            "공원":0,
            "혐오시설":0,
            "인프라총점":16.0,
            "초등학군":89.61,
            "중학군":43.74,
            "학군총점":52.914,
            "인구수":39.49,
            "인구증감":4.74,
            "인구총점":29.065,
            "일자리":17.9,
            "소득수준":61.39,
            "일자리총점":30.947,
            "가치 총점":40.9785,
            "매매실거래년":20211112.0,
            "매매실거래가":33000.0,
            "전세실거래년":20210810.0,
            "전세실거래가":16000.0,
            "전세가율":68.09,
            "장기전세가율평균":69.78,
            "전세가율거품지수":1.69,
            "검색코드":108712,
            "세대수":623.0,
            "준공년월":"2016-08-29",
            "준공년차":7.0,
            "가까운역이름":"NA",
            "가까운역거리":"NA",
            "역세권여부":"NA",
            "30분이내주요거점역":"NA",
            "1시간이내주요거점역":"NA",
            "3km이내백화점수":0,
            "5km이내아울렛몰수":0,
            "1km이내대형먀트수":0,
            "500m이내은행수":0,
            "500m이내병원수":0,
            "5km이내대형병원수":1,
            "500m이내공원수":0,
            "3km이내혐오시설수":0,
            "초등학교학업성취도":89.61,
            "중학교학업성취도":71.9,
            "용적률":222,
            "건폐율":18,
            "Y":35.395633,
            "X":129.156749,
            "rank":84.0,
            "area_info":"24평(80.6), 29평(98.91), 29평(98.5), 29평(98.67), 34평(113.17), 34평(113.86)",
            "last_sales":"2021-11-12,33000.0,34평(113.86)"
        },
        {
            "index":430,
            "아파트명":"대동이미지타운",
            "투자타입":"일반",
            "전용면적(m2)":"71.63",
            "전용면적(평)":"21평",
            "법정동주소":"경상남도 양산시 삼호동 169",
            "도로명주소":"경상남도 양산시 대운로 354",
            "세대수":100,
            "입주년차":40,
            "용적률점수":"--",
            "건폐율점수":"--",
            "세대당주차수":0,
            "난방방식":30,
            "공급면적":"--",
            "전용률":"--",
            "욕실수":50,
            "현관타입":100,
            "주거총점":61.0,
            "지역구공급총점":0.0,
            "역세권":"NA",
            "30분내 이동가능 거점":"NA",
            "1시간내 이동가능 거점":"NA",
            "교통총점":"NA",
            "백화점":0,
            "아울렛몰":0,
            "대형마트":0,
            "은행":0,
            "병원":0,
            "종합병원":80,
            "공원":0,
            "혐오시설":0,
            "인프라총점":16.0,
            "초등학군":90.28,
            "중학군":40.58,
            "학군총점":50.52,
            "인구수":39.49,
            "인구증감":4.74,
            "인구총점":29.065,
            "일자리":17.9,
            "소득수준":61.39,
            "일자리총점":30.947,
            "가치 총점":40.38,
            "매매실거래년":20220113.0,
            "매매실거래가":8500.0,
            "전세실거래년":20211229.0,
            "전세실거래가":7000.0,
            "전세가율":82.35,
            "장기전세가율평균":69.78,
            "전세가율거품지수":-12.57,
            "검색코드":18352,
            "세대수":1904.0,
            "준공년월":"2004-03-29",
            "준공년차":19.0,
            "가까운역이름":"NA",
            "가까운역거리":"NA",
            "역세권여부":"NA",
            "30분이내주요거점역":"NA",
            "1시간이내주요거점역":"NA",
            "3km이내백화점수":0,
            "5km이내아울렛몰수":0,
            "1km이내대형먀트수":0,
            "500m이내은행수":0,
            "500m이내병원수":0,
            "5km이내대형병원수":1,
            "500m이내공원수":0,
            "3km이내혐오시설수":0,
            "초등학교학업성취도":90.28,
            "중학교학업성취도":67.5,
            "용적률":0,
            "건폐율":0,
            "Y":35.416089,
            "X":129.179546,
            "rank":85.0,
            "area_info":"21평(71.63), 21평(71.63), 21평(71.63)",
            "last_sales":"2022-01-13,8500.0,21평(71.63)"
        },
        {
            "index":504,
            "아파트명":"서창강변아이존빌스타",
            "투자타입":"일반",
            "전용면적(m2)":"83.78",
            "전용면적(평)":"25평",
            "법정동주소":"경상남도 양산시 소주동 150",
            "도로명주소":"경상남도 양산시 소주회야로 93",
            "세대수":0,
            "입주년차":80,
            "용적률점수":"--",
            "건폐율점수":"--",
            "세대당주차수":0,
            "난방방식":30,
            "공급면적":"--",
            "전용률":"--",
            "욕실수":100,
            "현관타입":100,
            "주거총점":39.0,
            "지역구공급총점":0.0,
            "역세권":"NA",
            "30분내 이동가능 거점":"NA",
            "1시간내 이동가능 거점":"NA",
            "교통총점":"NA",
            "백화점":0,
            "아울렛몰":0,
            "대형마트":100,
            "은행":0,
            "병원":30,
            "종합병원":80,
            "공원":0,
            "혐오시설":0,
            "인프라총점":34.0,
            "초등학군":86.67,
            "중학군":43.74,
            "학군총점":52.326,
            "인구수":39.49,
            "인구증감":4.74,
            "인구총점":29.065,
            "일자리":17.9,
            "소득수준":61.39,
            "일자리총점":30.947,
            "가치 총점":40.3315,
            "매매실거래년":20211116.0,
            "매매실거래가":18000.0,
            "전세실거래년":20211215.0,
            "전세실거래가":13000.0,
            "전세가율":70.65,
            "장기전세가율평균":69.78,
            "전세가율거품지수":-0.87,
            "검색코드":108805,
            "세대수":244.0,
            "준공년월":"2016-06-29",
            "준공년차":7.0,
            "가까운역이름":"NA",
            "가까운역거리":"NA",
            "역세권여부":"NA",
            "30분이내주요거점역":"NA",
            "1시간이내주요거점역":"NA",
            "3km이내백화점수":0,
            "5km이내아울렛몰수":0,
            "1km이내대형먀트수":3,
            "500m이내은행수":0,
            "500m이내병원수":5,
            "5km이내대형병원수":1,
            "500m이내공원수":0,
            "3km이내혐오시설수":0,
            "초등학교학업성취도":86.67,
            "중학교학업성취도":71.9,
            "용적률":220,
            "건폐율":16,
            "Y":35.410901,
            "X":129.161144,
            "rank":86.0,
            "area_info":"25평(83.78), 28평(94.36)",
            "last_sales":"2021-11-16,18000.0,28평(94.36)"
        },
        {
            "index":716,
            "아파트명":"양산평산코아루2차",
            "투자타입":"일반",
            "전용면적(m2)":"91.46",
            "전용면적(평)":"27평",
            "법정동주소":"경상남도 양산시 평산동 589-3번지 일원",
            "도로명주소":"경상남도 양산시",
            "세대수":50,
            "입주년차":100,
            "용적률점수":"--",
            "건폐율점수":"--",
            "세대당주차수":0,
            "난방방식":30,
            "공급면적":"--",
            "전용률":"--",
            "욕실수":100,
            "현관타입":100,
            "주거총점":60.5,
            "지역구공급총점":0.0,
            "역세권":"NA",
            "30분내 이동가능 거점":"NA",
            "1시간내 이동가능 거점":"NA",
            "교통총점":"NA",
            "백화점":0,
            "아울렛몰":0,
            "대형마트":0,
            "은행":0,
            "병원":0,
            "종합병원":80,
            "공원":0,
            "혐오시설":0,
            "인프라총점":16.0,
            "초등학군":89.13,
            "중학군":41.14,
            "학군총점":50.738,
            "인구수":39.49,
            "인구증감":4.74,
            "인구총점":29.065,
            "일자리":17.9,
            "소득수준":61.39,
            "일자리총점":30.947,
            "가치 총점":40.2595,
            "매매실거래년":"18000101",
            "매매실거래가":null,
            "전세실거래년":null,
            "전세실거래가":null,
            "전세가율":null,
            "장기전세가율평균":69.78,
            "전세가율거품지수":null,
            "검색코드":124994,
            "세대수":405.0,
            "준공년월":"2021-05-01",
            "준공년차":2.0,
            "가까운역이름":"NA",
            "가까운역거리":"NA",
            "역세권여부":"NA",
            "30분이내주요거점역":"NA",
            "1시간이내주요거점역":"NA",
            "3km이내백화점수":0,
            "5km이내아울렛몰수":0,
            "1km이내대형먀트수":0,
            "500m이내은행수":1,
            "500m이내병원수":1,
            "5km이내대형병원수":1,
            "500m이내공원수":0,
            "3km이내혐오시설수":0,
            "초등학교학업성취도":89.13,
            "중학교학업성취도":67.5,
            "용적률":0,
            "건폐율":0,
            "Y":35.385358,
            "X":129.144053,
            "rank":87.0,
            "area_info":"27평(91.46), 32평(109.09), 32평(109.01)",
            "last_sales":"1800-01-01,nan,27평(91.46)"
        },
        {
            "index":280,
            "아파트명":"양산범어대동타운",
            "투자타입":"일반",
            "전용면적(m2)":"55.35",
            "전용면적(평)":"16평",
            "법정동주소":"경상남도 양산시 물금읍 범어리 502-1",
            "도로명주소":"경상남도 양산시 오봉로 165",
            "세대수":90,
            "입주년차":0,
            "용적률점수":"--",
            "건폐율점수":"--",
            "세대당주차수":0,
            "난방방식":30,
            "공급면적":"--",
            "전용률":"--",
            "욕실수":50,
            "현관타입":100,
            "주거총점":49.5,
            "지역구공급총점":0.0,
            "역세권":"NA",
            "30분내 이동가능 거점":"NA",
            "1시간내 이동가능 거점":"NA",
            "교통총점":"NA",
            "백화점":0,
            "아울렛몰":0,
            "대형마트":0,
            "은행":0,
            "병원":10,
            "종합병원":100,
            "공원":100,
            "혐오시설":0,
            "인프라총점":24.0,
            "초등학군":87.03,
            "중학군":41.12,
            "학군총점":50.302,
            "인구수":39.49,
            "인구증감":4.74,
            "인구총점":29.065,
            "일자리":17.9,
            "소득수준":61.39,
            "일자리총점":30.947,
            "가치 총점":39.5005,
            "매매실거래년":20220114.0,
            "매매실거래가":6300.0,
            "전세실거래년":20210619.0,
            "전세실거래가":5500.0,
            "전세가율":87.3,
            "장기전세가율평균":69.78,
            "전세가율거품지수":-17.52,
            "검색코드":6988,
            "세대수":1122.0,
            "준공년월":"1995-09-26",
            "준공년차":28.0,
            "가까운역이름":"NA",
            "가까운역거리":"NA",
            "역세권여부":"NA",
            "30분이내주요거점역":"NA",
            "1시간이내주요거점역":"NA",
            "3km이내백화점수":0,
            "5km이내아울렛몰수":0,
            "1km이내대형먀트수":0,
            "500m이내은행수":0,
            "500m이내병원수":3,
            "5km이내대형병원수":2,
            "500m이내공원수":2,
            "3km이내혐오시설수":0,
            "초등학교학업성취도":87.03,
            "중학교학업성취도":68.2,
            "용적률":202,
            "건폐율":19,
            "Y":35.335987,
            "X":129.006047,
            "rank":88.0,
            "area_info":"16평(55.35), 21평(70.23), 22평(74.43), 22평(74.47)",
            "last_sales":"2022-01-14,6300.0,16평(55.35)"
        },
        {
            "index":420,
            "아파트명":"새롬성원네오파트",
            "투자타입":"일반",
            "전용면적(m2)":"90.66",
            "전용면적(평)":"27평",
            "법정동주소":"경상남도 양산시 북정동 884-2",
            "도로명주소":"경상남도 양산시 북정서길 16",
            "세대수":50,
            "입주년차":40,
            "용적률점수":"--",
            "건폐율점수":"--",
            "세대당주차수":30,
            "난방방식":30,
            "공급면적":"--",
            "전용률":"--",
            "욕실수":100,
            "현관타입":100,
            "주거총점":53.0,
            "지역구공급총점":0.0,
            "역세권":"NA",
            "30분내 이동가능 거점":"NA",
            "1시간내 이동가능 거점":"NA",
            "교통총점":"NA",
            "백화점":0,
            "아울렛몰":0,
            "대형마트":0,
            "은행":0,
            "병원":10,
            "종합병원":100,
            "공원":100,
            "혐오시설":0,
            "인프라총점":24.0,
            "초등학군":88.1,
            "중학군":31.92,
            "학군총점":43.156,
            "인구수":39.49,
            "인구증감":4.74,
            "인구총점":29.065,
            "일자리":17.9,
            "소득수준":61.39,
            "일자리총점":30.947,
            "가치 총점":38.939,
            "매매실거래년":20211118.0,
            "매매실거래가":21500.0,
            "전세실거래년":20151025.0,
            "전세실거래가":13000.0,
            "전세가율":60.47,
            "장기전세가율평균":69.78,
            "전세가율거품지수":9.31,
            "검색코드":12698,
            "세대수":648.0,
            "준공년월":"2005-05-26",
            "준공년차":18.0,
            "가까운역이름":"NA",
            "가까운역거리":"NA",
            "역세권여부":"NA",
            "30분이내주요거점역":"NA",
            "1시간이내주요거점역":"NA",
            "3km이내백화점수":0,
            "5km이내아울렛몰수":0,
            "1km이내대형먀트수":0,
            "500m이내은행수":1,
            "500m이내병원수":2,
            "5km이내대형병원수":2,
            "500m이내공원수":5,
            "3km이내혐오시설수":0,
            "초등학교학업성취도":88.1,
            "중학교학업성취도":53.2,
            "용적률":264,
            "건폐율":18,
            "Y":35.36011,
            "X":129.04297,
            "rank":89.0,
            "area_info":"27평(90.66), 31평(104.35), 32평(106.56), 42평(141.12)",
            "last_sales":"2021-11-18,21500.0,27평(90.66)"
        },
        {
            "index":676,
            "아파트명":"선우2차",
            "투자타입":"재건축",
            "전용면적(m2)":"66.92",
            "전용면적(평)":"20평",
            "법정동주소":"경상남도 양산시 평산동 117-1",
            "도로명주소":"경상남도 양산시 평산11길 5",
            "세대수":50,
            "입주년차":"--",
            "용적률점수":0,
            "건폐율점수":80,
            "세대당주차수":"--",
            "난방방식":"--",
            "공급면적":50,
            "전용률":80,
            "욕실수":"--",
            "현관타입":"--",
            "주거총점":37.5,
            "지역구공급총점":0.0,
            "역세권":"NA",
            "30분내 이동가능 거점":"NA",
            "1시간내 이동가능 거점":"NA",
            "교통총점":"NA",
            "백화점":0,
            "아울렛몰":0,
            "대형마트":80,
            "은행":0,
            "병원":30,
            "종합병원":80,
            "공원":0,
            "혐오시설":0,
            "인프라총점":31.0,
            "초등학군":93.95,
            "중학군":41.14,
            "학군총점":51.702,
            "인구수":39.49,
            "인구증감":4.74,
            "인구총점":29.065,
            "일자리":17.9,
            "소득수준":61.39,
            "일자리총점":30.947,
            "가치 총점":38.4505,
            "매매실거래년":20220111.0,
            "매매실거래가":11500.0,
            "전세실거래년":20210424.0,
            "전세실거래가":2500.0,
            "전세가율":53.19,
            "장기전세가율평균":69.78,
            "전세가율거품지수":16.59,
            "검색코드":7130,
            "세대수":420.0,
            "준공년월":"1992-07-31",
            "준공년차":31.0,
            "가까운역이름":"NA",
            "가까운역거리":"NA",
            "역세권여부":"NA",
            "30분이내주요거점역":"NA",
            "1시간이내주요거점역":"NA",
            "3km이내백화점수":0,
            "5km이내아울렛몰수":0,
            "1km이내대형먀트수":1,
            "500m이내은행수":1,
            "500m이내병원수":7,
            "5km이내대형병원수":1,
            "500m이내공원수":0,
            "3km이내혐오시설수":0,
            "초등학교학업성취도":93.95,
            "중학교학업성취도":67.5,
            "용적률":237,
            "건폐율":22,
            "Y":35.38045,
            "X":129.149674,
            "rank":90.0,
            "area_info":"20평(66.92), 21평(72.57), 26평(86.88), 26평(87.68), 27평(89.73), 27평(90.51), 31평(104.73), 31평(104.64)",
            "last_sales":"2022-01-11,11500.0,31평(104.73)"
        },
        {
            "index":514,
            "아파트명":"양산서창대동",
            "투자타입":"일반",
            "전용면적(m2)":"73.71",
            "전용면적(평)":"22평",
            "법정동주소":"경상남도 양산시 소주동 960-10",
            "도로명주소":"경상남도 양산시 소주로 182",
            "세대수":90,
            "입주년차":0,
            "용적률점수":"--",
            "건폐율점수":"--",
            "세대당주차수":30,
            "난방방식":30,
            "공급면적":"--",
            "전용률":"--",
            "욕실수":50,
            "현관타입":100,
            "주거총점":54.0,
            "지역구공급총점":0.0,
            "역세권":"NA",
            "30분내 이동가능 거점":"NA",
            "1시간내 이동가능 거점":"NA",
            "교통총점":"NA",
            "백화점":0,
            "아울렛몰":0,
            "대형마트":0,
            "은행":0,
            "병원":0,
            "종합병원":80,
            "공원":0,
            "혐오시설":0,
            "인프라총점":16.0,
            "초등학군":86.67,
            "중학군":43.74,
            "학군총점":52.326,
            "인구수":39.49,
            "인구증감":4.74,
            "인구총점":29.065,
            "일자리":17.9,
            "소득수준":61.39,
            "일자리총점":30.947,
            "가치 총점":38.3815,
            "매매실거래년":20220110.0,
            "매매실거래가":4800.0,
            "전세실거래년":20210927.0,
            "전세실거래가":5700.0,
            "전세가율":118.75,
            "장기전세가율평균":69.78,
            "전세가율거품지수":-48.97,
            "검색코드":25085,
            "세대수":996.0,
            "준공년월":"1997-09-10",
            "준공년차":26.0,
            "가까운역이름":"NA",
            "가까운역거리":"NA",
            "역세권여부":"NA",
            "30분이내주요거점역":"NA",
            "1시간이내주요거점역":"NA",
            "3km이내백화점수":0,
            "5km이내아울렛몰수":0,
            "1km이내대형먀트수":0,
            "500m이내은행수":0,
            "500m이내병원수":0,
            "5km이내대형병원수":1,
            "500m이내공원수":0,
            "3km이내혐오시설수":0,
            "초등학교학업성취도":86.67,
            "중학교학업성취도":71.9,
            "용적률":260,
            "건폐율":16,
            "Y":35.411682,
            "X":129.147751,
            "rank":91.0,
            "area_info":"22평(73.71), 22평(75.4), 30평(100.25)",
            "last_sales":"2022-01-10,4800.0,22평(73.71)"
        },
        {
            "index":173,
            "아파트명":"웅상신도시화성파크드림",
            "투자타입":"일반",
            "전용면적(m2)":"110.54",
            "전용면적(평)":"33평",
            "법정동주소":"경상남도 양산시 명동 1080-7",
            "도로명주소":"경상남도 양산시 대운5길 7",
            "세대수":50,
            "입주년차":40,
            "용적률점수":"--",
            "건폐율점수":"--",
            "세대당주차수":30,
            "난방방식":30,
            "공급면적":"--",
            "전용률":"--",
            "욕실수":100,
            "현관타입":100,
            "주거총점":53.0,
            "지역구공급총점":0.0,
            "역세권":"NA",
            "30분내 이동가능 거점":"NA",
            "1시간내 이동가능 거점":"NA",
            "교통총점":"NA",
            "백화점":0,
            "아울렛몰":0,
            "대형마트":0,
            "은행":0,
            "병원":0,
            "종합병원":80,
            "공원":0,
            "혐오시설":0,
            "인프라총점":16.0,
            "초등학군":87.44,
            "중학군":43.74,
            "학군총점":52.48,
            "인구수":39.49,
            "인구증감":4.74,
            "인구총점":29.065,
            "일자리":17.9,
            "소득수준":61.39,
            "일자리총점":30.947,
            "가치 총점":38.07,
            "매매실거래년":20211130.0,
            "매매실거래가":23000.0,
            "전세실거래년":20220111.0,
            "전세실거래가":16000.0,
            "전세가율":69.57,
            "장기전세가율평균":69.78,
            "전세가율거품지수":0.21,
            "검색코드":27277,
            "세대수":530.0,
            "준공년월":"2008-11-28",
            "준공년차":15.0,
            "가까운역이름":"NA",
            "가까운역거리":"NA",
            "역세권여부":"NA",
            "30분이내주요거점역":"NA",
            "1시간이내주요거점역":"NA",
            "3km이내백화점수":0,
            "5km이내아울렛몰수":0,
            "1km이내대형먀트수":0,
            "500m이내은행수":0,
            "500m이내병원수":0,
            "5km이내대형병원수":1,
            "500m이내공원수":0,
            "3km이내혐오시설수":0,
            "초등학교학업성취도":87.44,
            "중학교학업성취도":71.9,
            "용적률":238,
            "건폐율":20,
            "Y":35.402339,
            "X":129.171749,
            "rank":92.0,
            "area_info":"33평(110.54), 34평(112.86), 34평(113.67), 43평(143.42)",
            "last_sales":"2021-11-30,23000.0,33평(110.54)"
        },
        {
            "index":644,
            "아파트명":"경보그린타워3차",
            "투자타입":"일반",
            "전용면적(m2)":"74.67",
            "전용면적(평)":"22평",
            "법정동주소":"경상남도 양산시 평산동 1108-95",
            "도로명주소":"경상남도 양산시 평산회야로 33",
            "세대수":50,
            "입주년차":0,
            "용적률점수":"--",
            "건폐율점수":"--",
            "세대당주차수":0,
            "난방방식":30,
            "공급면적":"--",
            "전용률":"--",
            "욕실수":50,
            "현관타입":100,
            "주거총점":35.5,
            "지역구공급총점":0.0,
            "역세권":"NA",
            "30분내 이동가능 거점":"NA",
            "1시간내 이동가능 거점":"NA",
            "교통총점":"NA",
            "백화점":0,
            "아울렛몰":0,
            "대형마트":80,
            "은행":0,
            "병원":0,
            "종합병원":80,
            "공원":0,
            "혐오시설":0,
            "인프라총점":28.0,
            "초등학군":93.95,
            "중학군":48.68,
            "학군총점":57.734,
            "인구수":39.49,
            "인구증감":4.74,
            "인구총점":29.065,
            "일자리":17.9,
            "소득수준":61.39,
            "일자리총점":30.947,
            "가치 총점":38.0585,
            "매매실거래년":20210719.0,
            "매매실거래가":10000.0,
            "전세실거래년":20140305.0,
            "전세실거래가":6000.0,
            "전세가율":84.51,
            "장기전세가율평균":69.78,
            "전세가율거품지수":-14.73,
            "검색코드":7051,
            "세대수":454.0,
            "준공년월":"1993-05-25",
            "준공년차":30.0,
            "가까운역이름":"NA",
            "가까운역거리":"NA",
            "역세권여부":"NA",
            "30분이내주요거점역":"NA",
            "1시간이내주요거점역":"NA",
            "3km이내백화점수":0,
            "5km이내아울렛몰수":0,
            "1km이내대형먀트수":1,
            "500m이내은행수":0,
            "500m이내병원수":0,
            "5km이내대형병원수":1,
            "500m이내공원수":0,
            "3km이내혐오시설수":0,
            "초등학교학업성취도":93.95,
            "중학교학업성취도":80.8,
            "용적률":294,
            "건폐율":20,
            "Y":35.370416,
            "X":129.142214,
            "rank":93.0,
            "area_info":"22평(74.67), 25평(84.93), 31평(103.7), 37평(123.74), 43평(142.66)",
            "last_sales":"2021-07-19,10000.0,43평(142.66)"
        },
        {
            "index":144,
            "아파트명":"양산극동",
            "투자타입":"일반",
            "전용면적(m2)":"77.24",
            "전용면적(평)":"23평",
            "법정동주소":"경상남도 양산시 동면 석산리 300",
            "도로명주소":"경상남도 양산시 계석로 10",
            "세대수":80,
            "입주년차":0,
            "용적률점수":"--",
            "건폐율점수":"--",
            "세대당주차수":0,
            "난방방식":30,
            "공급면적":"--",
            "전용률":"--",
            "욕실수":50,
            "현관타입":100,
            "주거총점":46.0,
            "지역구공급총점":0.0,
            "역세권":"NA",
            "30분내 이동가능 거점":"NA",
            "1시간내 이동가능 거점":"NA",
            "교통총점":"NA",
            "백화점":0,
            "아울렛몰":0,
            "대형마트":0,
            "은행":0,
            "병원":0,
            "종합병원":100,
            "공원":0,
            "혐오시설":0,
            "인프라총점":20.0,
            "초등학군":87.71,
            "중학군":47.56,
            "학군총점":55.59,
            "인구수":39.49,
            "인구증감":4.74,
            "인구총점":29.065,
            "일자리":17.9,
            "소득수준":61.39,
            "일자리총점":30.947,
            "가치 총점":37.9975,
            "매매실거래년":20211225.0,
            "매매실거래가":9250.0,
            "전세실거래년":20210929.0,
            "전세실거래가":8000.0,
            "전세가율":86.49,
            "장기전세가율평균":69.78,
            "전세가율거품지수":-16.71,
            "검색코드":6981,
            "세대수":886.0,
            "준공년월":"1995-09-07",
            "준공년차":28.0,
            "가까운역이름":"NA",
            "가까운역거리":"NA",
            "역세권여부":"NA",
            "30분이내주요거점역":"NA",
            "1시간이내주요거점역":"NA",
            "3km이내백화점수":0,
            "5km이내아울렛몰수":0,
            "1km이내대형먀트수":0,
            "500m이내은행수":0,
            "500m이내병원수":0,
            "5km이내대형병원수":2,
            "500m이내공원수":0,
            "3km이내혐오시설수":0,
            "초등학교학업성취도":87.71,
            "중학교학업성취도":78.2,
            "용적률":315,
            "건폐율":27,
            "Y":35.32847,
            "X":129.03573,
            "rank":94.0,
            "area_info":"23평(77.24), 31평(103.73)",
            "last_sales":"2021-12-25,9250.0,23평(77.24)"
        },
        {
            "index":163,
            "아파트명":"명동화성파크드림2차",
            "투자타입":"일반",
            "전용면적(m2)":"71.66",
            "전용면적(평)":"21평",
            "법정동주소":"경상남도 양산시 명동 1077-1",
            "도로명주소":"경상남도 양산시 신명동로 43",
            "세대수":0,
            "입주년차":60,
            "용적률점수":"--",
            "건폐율점수":"--",
            "세대당주차수":30,
            "난방방식":30,
            "공급면적":"--",
            "전용률":"--",
            "욕실수":50,
            "현관타입":100,
            "주거총점":34.5,
            "지역구공급총점":0.0,
            "역세권":"NA",
            "30분내 이동가능 거점":"NA",
            "1시간내 이동가능 거점":"NA",
            "교통총점":"NA",
            "백화점":0,
            "아울렛몰":0,
            "대형마트":100,
            "은행":0,
            "병원":10,
            "종합병원":80,
            "공원":0,
            "혐오시설":0,
            "인프라총점":32.0,
            "초등학군":87.44,
            "중학군":43.74,
            "학군총점":52.48,
            "인구수":39.49,
            "인구증감":4.74,
            "인구총점":29.065,
            "일자리":17.9,
            "소득수준":61.39,
            "일자리총점":30.947,
            "가치 총점":37.995,
            "매매실거래년":20200227.0,
            "매매실거래가":13947.0,
            "전세실거래년":20211106.0,
            "전세실거래가":12000.0,
            "전세가율":100.5,
            "장기전세가율평균":69.78,
            "전세가율거품지수":-30.72,
            "검색코드":127687,
            "세대수":220.0,
            "준공년월":"2013-08-19",
            "준공년차":10.0,
            "가까운역이름":"NA",
            "가까운역거리":"NA",
            "역세권여부":"NA",
            "30분이내주요거점역":"NA",
            "1시간이내주요거점역":"NA",
            "3km이내백화점수":0,
            "5km이내아울렛몰수":0,
            "1km이내대형먀트수":3,
            "500m이내은행수":0,
            "500m이내병원수":2,
            "5km이내대형병원수":1,
            "500m이내공원수":0,
            "3km이내혐오시설수":0,
            "초등학교학업성취도":87.44,
            "중학교학업성취도":71.9,
            "용적률":196,
            "건폐율":24,
            "Y":35.404245,
            "X":129.169718,
            "rank":95.0,
            "area_info":"21평(71.66), 23평(76.05), 25평(83.57), 25평(83.98), 26평(88.55)",
            "last_sales":"2020-02-27,13947.0,25평(83.57)"
        },
        {
            "index":700,
            "아파트명":"양산삼성명가타운",
            "투자타입":"일반",
            "전용면적(m2)":"75.98",
            "전용면적(평)":"22평",
            "법정동주소":"경상남도 양산시 평산동 41",
            "도로명주소":"경상남도 양산시 평산중앙로 81",
            "세대수":90,
            "입주년차":20,
            "용적률점수":"--",
            "건폐율점수":"--",
            "세대당주차수":0,
            "난방방식":30,
            "공급면적":"--",
            "전용률":"--",
            "욕실수":50,
            "현관타입":100,
            "주거총점":53.5,
            "지역구공급총점":0.0,
            "역세권":"NA",
            "30분내 이동가능 거점":"NA",
            "1시간내 이동가능 거점":"NA",
            "교통총점":"NA",
            "백화점":0,
            "아울렛몰":0,
            "대형마트":0,
            "은행":0,
            "병원":0,
            "종합병원":80,
            "공원":0,
            "혐오시설":0,
            "인프라총점":16.0,
            "초등학군":89.7,
            "중학군":41.14,
            "학군총점":50.852,
            "인구수":39.49,
            "인구증감":4.74,
            "인구총점":29.065,
            "일자리":17.9,
            "소득수준":61.39,
            "일자리총점":30.947,
            "가치 총점":37.838,
            "매매실거래년":20220107.0,
            "매매실거래가":12400.0,
            "전세실거래년":20211220.0,
            "전세실거래가":11000.0,
            "전세가율":88.71,
            "장기전세가율평균":69.78,
            "전세가율거품지수":-18.93,
            "검색코드":23204,
            "세대수":918.0,
            "준공년월":"2002-11-30",
            "준공년차":21.0,
            "가까운역이름":"NA",
            "가까운역거리":"NA",
            "역세권여부":"NA",
            "30분이내주요거점역":"NA",
            "1시간이내주요거점역":"NA",
            "3km이내백화점수":0,
            "5km이내아울렛몰수":0,
            "1km이내대형먀트수":0,
            "500m이내은행수":0,
            "500m이내병원수":0,
            "5km이내대형병원수":1,
            "500m이내공원수":0,
            "3km이내혐오시설수":0,
            "초등학교학업성취도":89.7,
            "중학교학업성취도":67.5,
            "용적률":263,
            "건폐율":17,
            "Y":35.386796,
            "X":129.151459,
            "rank":96.0,
            "area_info":"22평(75.98), 27평(90.47), 32평(106.47)",
            "last_sales":"2022-01-07,12400.0,22평(75.98)"
        },
        {
            "index":0,
            "아파트명":"양산교동월드메르디앙1단지",
            "투자타입":"일반",
            "전용면적(m2)":"83.69",
            "전용면적(평)":"25평",
            "법정동주소":"경상남도 양산시 교동 1022",
            "도로명주소":"경상남도 양산시 교동1길 65",
            "세대수":0,
            "입주년차":100,
            "용적률점수":"--",
            "건폐율점수":"--",
            "세대당주차수":0,
            "난방방식":30,
            "공급면적":"--",
            "전용률":"--",
            "욕실수":100,
            "현관타입":100,
            "주거총점":43.0,
            "지역구공급총점":0.0,
            "역세권":"NA",
            "30분내 이동가능 거점":"NA",
            "1시간내 이동가능 거점":"NA",
            "교통총점":"NA",
            "백화점":0,
            "아울렛몰":0,
            "대형마트":0,
            "은행":0,
            "병원":0,
            "종합병원":100,
            "공원":80,
            "혐오시설":0,
            "인프라총점":22.4,
            "초등학군":90.52,
            "중학군":46.02,
            "학군총점":54.92,
            "인구수":39.49,
            "인구증감":4.74,
            "인구총점":29.065,
            "일자리":17.9,
            "소득수준":61.39,
            "일자리총점":30.947,
            "가치 총점":37.74,
            "매매실거래년":20211120.0,
            "매매실거래가":18500.0,
            "전세실거래년":20190330.0,
            "전세실거래가":10000.0,
            "전세가율":54.05,
            "장기전세가율평균":69.78,
            "전세가율거품지수":15.73,
            "검색코드":113274,
            "세대수":164.0,
            "준공년월":"2019-01-31",
            "준공년차":4.0,
            "가까운역이름":"NA",
            "가까운역거리":"NA",
            "역세권여부":"NA",
            "30분이내주요거점역":"NA",
            "1시간이내주요거점역":"NA",
            "3km이내백화점수":0,
            "5km이내아울렛몰수":0,
            "1km이내대형먀트수":0,
            "500m이내은행수":0,
            "500m이내병원수":0,
            "5km이내대형병원수":2,
            "500m이내공원수":1,
            "3km이내혐오시설수":0,
            "초등학교학업성취도":90.52,
            "중학교학업성취도":76.3,
            "용적률":236,
            "건폐율":21,
            "Y":35.347646,
            "X":129.022245,
            "rank":97.0,
            "area_info":"25평(83.69), 25평(85.21), 30평(100.67), 31평(102.63)",
            "last_sales":"2021-11-20,18500.0,25평(83.69)"
        },
        {
            "index":4,
            "아파트명":"양산교동월드메르디앙2단지",
            "투자타입":"일반",
            "전용면적(m2)":"79.06",
            "전용면적(평)":"23평",
            "법정동주소":"경상남도 양산시 교동 1021",
            "도로명주소":"경상남도 양산시 교동1길 74",
            "세대수":0,
            "입주년차":100,
            "용적률점수":"--",
            "건폐율점수":"--",
            "세대당주차수":0,
            "난방방식":30,
            "공급면적":"--",
            "전용률":"--",
            "욕실수":100,
            "현관타입":100,
            "주거총점":43.0,
            "지역구공급총점":0.0,
            "역세권":"NA",
            "30분내 이동가능 거점":"NA",
            "1시간내 이동가능 거점":"NA",
            "교통총점":"NA",
            "백화점":0,
            "아울렛몰":0,
            "대형마트":0,
            "은행":0,
            "병원":0,
            "종합병원":100,
            "공원":80,
            "혐오시설":0,
            "인프라총점":22.4,
            "초등학군":90.52,
            "중학군":46.02,
            "학군총점":54.92,
            "인구수":39.49,
            "인구증감":4.74,
            "인구총점":29.065,
            "일자리":17.9,
            "소득수준":61.39,
            "일자리총점":30.947,
            "가치 총점":37.74,
            "매매실거래년":20211224.0,
            "매매실거래가":18000.0,
            "전세실거래년":20211224.0,
            "전세실거래가":15000.0,
            "전세가율":83.33,
            "장기전세가율평균":69.78,
            "전세가율거품지수":-13.55,
            "검색코드":113276,
            "세대수":124.0,
            "준공년월":"2019-01-31",
            "준공년차":4.0,
            "가까운역이름":"NA",
            "가까운역거리":"NA",
            "역세권여부":"NA",
            "30분이내주요거점역":"NA",
            "1시간이내주요거점역":"NA",
            "3km이내백화점수":0,
            "5km이내아울렛몰수":0,
            "1km이내대형먀트수":0,
            "500m이내은행수":0,
            "500m이내병원수":0,
            "5km이내대형병원수":2,
            "500m이내공원수":1,
            "3km이내혐오시설수":0,
            "초등학교학업성취도":90.52,
            "중학교학업성취도":76.3,
            "용적률":238,
            "건폐율":23,
            "Y":35.348254,
            "X":129.02205,
            "rank":97.0,
            "area_info":"23평(79.06)",
            "last_sales":"2021-12-24,18000.0,23평(79.06)"
        },
        {
            "index":559,
            "아파트명":"로즈힐(청누리)",
            "투자타입":"일반",
            "전용면적(m2)":"54.03",
            "전용면적(평)":"16평",
            "법정동주소":"경상남도 양산시 주진동 182-1",
            "도로명주소":"경상남도 양산시 주진1길 43",
            "세대수":80,
            "입주년차":80,
            "용적률점수":"--",
            "건폐율점수":"--",
            "세대당주차수":0,
            "난방방식":30,
            "공급면적":"--",
            "전용률":"--",
            "욕실수":50,
            "현관타입":10,
            "주거총점":53.0,
            "지역구공급총점":0.0,
            "역세권":"NA",
            "30분내 이동가능 거점":"NA",
            "1시간내 이동가능 거점":"NA",
            "교통총점":"NA",
            "백화점":0,
            "아울렛몰":0,
            "대형마트":0,
            "은행":0,
            "병원":0,
            "종합병원":80,
            "공원":0,
            "혐오시설":0,
            "인프라총점":16.0,
            "초등학군":89.7,
            "중학군":41.14,
            "학군총점":50.852,
            "인구수":39.49,
            "인구증감":4.74,
            "인구총점":29.065,
            "일자리":17.9,
            "소득수준":61.39,
            "일자리총점":30.947,
            "가치 총점":37.663,
            "매매실거래년":20211130.0,
            "매매실거래가":4800.0,
            "전세실거래년":20211017.0,
            "전세실거래가":3500.0,
            "전세가율":83.33,
            "장기전세가율평균":69.78,
            "전세가율거품지수":-13.55,
            "검색코드":113608,
            "세대수":826.0,
            "준공년월":"2016-07-04",
            "준공년차":7.0,
            "가까운역이름":"NA",
            "가까운역거리":"NA",
            "역세권여부":"NA",
            "30분이내주요거점역":"NA",
            "1시간이내주요거점역":"NA",
            "3km이내백화점수":0,
            "5km이내아울렛몰수":0,
            "1km이내대형먀트수":0,
            "500m이내은행수":0,
            "500m이내병원수":0,
            "5km이내대형병원수":1,
            "500m이내공원수":0,
            "3km이내혐오시설수":0,
            "초등학교학업성취도":89.7,
            "중학교학업성취도":67.5,
            "용적률":280,
            "건폐율":21,
            "Y":35.390088,
            "X":129.151253,
            "rank":98.0,
            "area_info":"16평(54.03), 20평(67.5), 24평(80.32)",
            "last_sales":"2021-11-30,4800.0,20평(67.5)"
        },
        {
            "index":711,
            "아파트명":"양산평산삼한사랑채2차",
            "투자타입":"일반",
            "전용면적(m2)":"70.91",
            "전용면적(평)":"21평",
            "법정동주소":"경상남도 양산시 평산동 1202",
            "도로명주소":"경상남도 양산시 평산로 101-20",
            "세대수":50,
            "입주년차":80,
            "용적률점수":"--",
            "건폐율점수":"--",
            "세대당주차수":0,
            "난방방식":30,
            "공급면적":"--",
            "전용률":"--",
            "욕실수":50,
            "현관타입":100,
            "주거총점":51.5,
            "지역구공급총점":0.0,
            "역세권":"NA",
            "30분내 이동가능 거점":"NA",
            "1시간내 이동가능 거점":"NA",
            "교통총점":"NA",
            "백화점":0,
            "아울렛몰":0,
            "대형마트":0,
            "은행":0,
            "병원":0,
            "종합병원":80,
            "공원":0,
            "혐오시설":0,
            "인프라총점":16.0,
            "초등학군":93.95,
            "중학군":41.14,
            "학군총점":51.702,
            "인구수":39.49,
            "인구증감":4.74,
            "인구총점":29.065,
            "일자리":17.9,
            "소득수준":61.39,
            "일자리총점":30.947,
            "가치 총점":37.3505,
            "매매실거래년":20211121.0,
            "매매실거래가":23900.0,
            "전세실거래년":20211220.0,
            "전세실거래가":13500.0,
            "전세가율":81.82,
            "장기전세가율평균":69.78,
            "전세가율거품지수":-12.04,
            "검색코드":109548,
            "세대수":450.0,
            "준공년월":"2017-01-24",
            "준공년차":6.0,
            "가까운역이름":"NA",
            "가까운역거리":"NA",
            "역세권여부":"NA",
            "30분이내주요거점역":"NA",
            "1시간이내주요거점역":"NA",
            "3km이내백화점수":0,
            "5km이내아울렛몰수":0,
            "1km이내대형먀트수":0,
            "500m이내은행수":1,
            "500m이내병원수":0,
            "5km이내대형병원수":1,
            "500m이내공원수":0,
            "3km이내혐오시설수":0,
            "초등학교학업성취도":93.95,
            "중학교학업성취도":67.5,
            "용적률":199,
            "건폐율":17,
            "Y":35.380514,
            "X":129.143381,
            "rank":99.0,
            "area_info":"21평(70.91), 24평(82.54), 29평(98.41), 29평(98.42), 29평(98.41)",
            "last_sales":"2021-11-21,23900.0,29평(98.42)"
        },
        {
            "index":220,
            "아파트명":"양산경동메르빌",
            "투자타입":"일반",
            "전용면적(m2)":"90.69",
            "전용면적(평)":"27평",
            "법정동주소":"경상남도 양산시 물금읍 범어리 476",
            "도로명주소":"경상남도 양산시 동중7길 24",
            "세대수":0,
            "입주년차":60,
            "용적률점수":"--",
            "건폐율점수":"--",
            "세대당주차수":30,
            "난방방식":30,
            "공급면적":"--",
            "전용률":"--",
            "욕실수":100,
            "현관타입":100,
            "주거총점":39.5,
            "지역구공급총점":0.0,
            "역세권":"NA",
            "30분내 이동가능 거점":"NA",
            "1시간내 이동가능 거점":"NA",
            "교통총점":"NA",
            "백화점":0,
            "아울렛몰":0,
            "대형마트":0,
            "은행":0,
            "병원":30,
            "종합병원":100,
            "공원":100,
            "혐오시설":0,
            "인프라총점":26.0,
            "초등학군":85.35,
            "중학군":41.12,
            "학군총점":49.966,
            "인구수":39.49,
            "인구증감":4.74,
            "인구총점":29.065,
            "일자리":17.9,
            "소득수준":61.39,
            "일자리총점":30.947,
            "가치 총점":36.7165,
            "매매실거래년":20211107.0,
            "매매실거래가":21900.0,
            "전세실거래년":20211109.0,
            "전세실거래가":18500.0,
            "전세가율":84.47,
            "장기전세가율평균":69.78,
            "전세가율거품지수":-14.69,
            "검색코드":108574,
            "세대수":148.0,
            "준공년월":"2013-10-07",
            "준공년차":10.0,
            "가까운역이름":"NA",
            "가까운역거리":"NA",
            "역세권여부":"NA",
            "30분이내주요거점역":"NA",
            "1시간이내주요거점역":"NA",
            "3km이내백화점수":0,
            "5km이내아울렛몰수":0,
            "1km이내대형먀트수":0,
            "500m이내은행수":0,
            "500m이내병원수":6,
            "5km이내대형병원수":2,
            "500m이내공원수":5,
            "3km이내혐오시설수":0,
            "초등학교학업성취도":85.35,
            "중학교학업성취도":68.2,
            "용적률":240,
            "건폐율":23,
            "Y":35.332625,
            "X":129.006049,
            "rank":100.0,
            "area_info":"27평(90.69), 30평(99.4), 30평(101.27), 31평(103.61), 32평(108.86), 33평(110.36), 33평(112.17), 34평(114.65), 34평(114.78)",
            "last_sales":"2021-11-07,21900.0,27평(90.69)"
        },
        {
            "index":506,
            "아파트명":"세신",
            "투자타입":"일반",
            "전용면적(m2)":"59.04",
            "전용면적(평)":"17평",
            "법정동주소":"경상남도 양산시 소주동 306",
            "도로명주소":"경상남도 양산시 번영로 441",
            "세대수":30,
            "입주년차":0,
            "용적률점수":"--",
            "건폐율점수":"--",
            "세대당주차수":0,
            "난방방식":30,
            "공급면적":"--",
            "전용률":"--",
            "욕실수":50,
            "현관타입":100,
            "주거총점":28.5,
            "지역구공급총점":0.0,
            "역세권":"NA",
            "30분내 이동가능 거점":"NA",
            "1시간내 이동가능 거점":"NA",
            "교통총점":"NA",
            "백화점":0,
            "아울렛몰":0,
            "대형마트":100,
            "은행":0,
            "병원":30,
            "종합병원":80,
            "공원":0,
            "혐오시설":0,
            "인프라총점":34.0,
            "초등학군":86.67,
            "중학군":43.74,
            "학군총점":52.326,
            "인구수":39.49,
            "인구증감":4.74,
            "인구총점":29.065,
            "일자리":17.9,
            "소득수준":61.39,
            "일자리총점":30.947,
            "가치 총점":36.6565,
            "매매실거래년":20210910.0,
            "매매실거래가":9000.0,
            "전세실거래년":20170914.0,
            "전세실거래가":2000.0,
            "전세가율":44.44,
            "장기전세가율평균":69.78,
            "전세가율거품지수":25.34,
            "검색코드":7143,
            "세대수":324.0,
            "준공년월":"1993-10-16",
            "준공년차":30.0,
            "가까운역이름":"NA",
            "가까운역거리":"NA",
            "역세권여부":"NA",
            "30분이내주요거점역":"NA",
            "1시간이내주요거점역":"NA",
            "3km이내백화점수":0,
            "5km이내아울렛몰수":0,
            "1km이내대형먀트수":3,
            "500m이내은행수":0,
            "500m이내병원수":5,
            "5km이내대형병원수":1,
            "500m이내공원수":0,
            "3km이내혐오시설수":0,
            "초등학교학업성취도":86.67,
            "중학교학업성취도":71.9,
            "용적률":0,
            "건폐율":0,
            "Y":35.410194,
            "X":129.157187,
            "rank":101.0,
            "area_info":"17평(59.04), 21평(71.33), 22평(73.37), 24평(81.48), 30평(99.34), 30평(101.72), 31평(104.6), 31평(104.52)",
            "last_sales":"2021-09-10,9000.0,31평(104.6)"
        },
        {
            "index":655,
            "아파트명":"봉우",
            "투자타입":"일반",
            "전용면적(m2)":"75.13",
            "전용면적(평)":"22평",
            "법정동주소":"경상남도 양산시 평산동 568",
            "도로명주소":"경상남도 양산시 신명로 87",
            "세대수":90,
            "입주년차":0,
            "용적률점수":"--",
            "건폐율점수":"--",
            "세대당주차수":0,
            "난방방식":30,
            "공급면적":"--",
            "전용률":"--",
            "욕실수":50,
            "현관타입":100,
            "주거총점":49.5,
            "지역구공급총점":0.0,
            "역세권":"NA",
            "30분내 이동가능 거점":"NA",
            "1시간내 이동가능 거점":"NA",
            "교통총점":"NA",
            "백화점":0,
            "아울렛몰":0,
            "대형마트":0,
            "은행":0,
            "병원":0,
            "종합병원":80,
            "공원":0,
            "혐오시설":0,
            "인프라총점":16.0,
            "초등학군":89.13,
            "중학군":41.14,
            "학군총점":50.738,
            "인구수":39.49,
            "인구증감":4.74,
            "인구총점":29.065,
            "일자리":17.9,
            "소득수준":61.39,
            "일자리총점":30.947,
            "가치 총점":36.4095,
            "매매실거래년":20211229.0,
            "매매실거래가":6000.0,
            "전세실거래년":20211229.0,
            "전세실거래가":5500.0,
            "전세가율":91.67,
            "장기전세가율평균":69.78,
            "전세가율거품지수":-21.89,
            "검색코드":7096,
            "세대수":998.0,
            "준공년월":"1994-01-17",
            "준공년차":29.0,
            "가까운역이름":"NA",
            "가까운역거리":"NA",
            "역세권여부":"NA",
            "30분이내주요거점역":"NA",
            "1시간이내주요거점역":"NA",
            "3km이내백화점수":0,
            "5km이내아울렛몰수":0,
            "1km이내대형먀트수":0,
            "500m이내은행수":0,
            "500m이내병원수":1,
            "5km이내대형병원수":1,
            "500m이내공원수":0,
            "3km이내혐오시설수":0,
            "초등학교학업성취도":89.13,
            "중학교학업성취도":67.5,
            "용적률":261,
            "건폐율":3,
            "Y":35.386824,
            "X":129.142798,
            "rank":102.0,
            "area_info":"22평(75.13), 25평(83.74), 27평(91.09), 31평(102.91), 41평(137.02)",
            "last_sales":"2021-12-29,6000.0,22평(75.13)"
        },
        {
            "index":728,
            "아파트명":"태원",
            "투자타입":"일반",
            "전용면적(m2)":"74.98",
            "전용면적(평)":"22평",
            "법정동주소":"경상남도 양산시 평산동 564",
            "도로명주소":"경상남도 양산시 신명로 73",
            "세대수":90,
            "입주년차":0,
            "용적률점수":"--",
            "건폐율점수":"--",
            "세대당주차수":0,
            "난방방식":30,
            "공급면적":"--",
            "전용률":"--",
            "욕실수":50,
            "현관타입":100,
            "주거총점":49.5,
            "지역구공급총점":0.0,
            "역세권":"NA",
            "30분내 이동가능 거점":"NA",
            "1시간내 이동가능 거점":"NA",
            "교통총점":"NA",
            "백화점":0,
            "아울렛몰":0,
            "대형마트":0,
            "은행":0,
            "병원":0,
            "종합병원":80,
            "공원":0,
            "혐오시설":0,
            "인프라총점":16.0,
            "초등학군":89.13,
            "중학군":41.14,
            "학군총점":50.738,
            "인구수":39.49,
            "인구증감":4.74,
            "인구총점":29.065,
            "일자리":17.9,
            "소득수준":61.39,
            "일자리총점":30.947,
            "가치 총점":36.4095,
            "매매실거래년":20211229.0,
            "매매실거래가":12300.0,
            "전세실거래년":20210611.0,
            "전세실거래가":5000.0,
            "전세가율":59.52,
            "장기전세가율평균":69.78,
            "전세가율거품지수":10.26,
            "검색코드":7152,
            "세대수":994.0,
            "준공년월":"1993-09-22",
            "준공년차":30.0,
            "가까운역이름":"NA",
            "가까운역거리":"NA",
            "역세권여부":"NA",
            "30분이내주요거점역":"NA",
            "1시간이내주요거점역":"NA",
            "3km이내백화점수":0,
            "5km이내아울렛몰수":0,
            "1km이내대형먀트수":0,
            "500m이내은행수":1,
            "500m이내병원수":1,
            "5km이내대형병원수":1,
            "500m이내공원수":0,
            "3km이내혐오시설수":0,
            "초등학교학업성취도":89.13,
            "중학교학업성취도":67.5,
            "용적률":276,
            "건폐율":0,
            "Y":35.385745,
            "X":129.144976,
            "rank":102.0,
            "area_info":"22평(74.98), 25평(83.45), 27평(90.83), 30평(99.28), 30평(101.24), 31평(102.6), 41평(136.52)",
            "last_sales":"2021-12-29,12300.0,31평(102.6)"
        },
        {
            "index":155,
            "아파트명":"일동미라주",
            "투자타입":"일반",
            "전용면적(m2)":"98.21",
            "전용면적(평)":"29평",
            "법정동주소":"경상남도 양산시 동면 석산리 864-12",
            "도로명주소":"경상남도 양산시 석금산로 171",
            "세대수":0,
            "입주년차":20,
            "용적률점수":"--",
            "건폐율점수":"--",
            "세대당주차수":30,
            "난방방식":30,
            "공급면적":"--",
            "전용률":"--",
            "욕실수":100,
            "현관타입":100,
            "주거총점":31.5,
            "지역구공급총점":0.0,
            "역세권":"NA",
            "30분내 이동가능 거점":"NA",
            "1시간내 이동가능 거점":"NA",
            "교통총점":"NA",
            "백화점":0,
            "아울렛몰":0,
            "대형마트":0,
            "은행":0,
            "병원":30,
            "종합병원":100,
            "공원":100,
            "혐오시설":0,
            "인프라총점":26.0,
            "초등학군":100.0,
            "중학군":47.56,
            "학군총점":58.048,
            "인구수":39.49,
            "인구증감":4.74,
            "인구총점":29.065,
            "일자리":17.9,
            "소득수준":61.39,
            "일자리총점":30.947,
            "가치 총점":35.937,
            "매매실거래년":20220113.0,
            "매매실거래가":15000.0,
            "전세실거래년":20120310.0,
            "전세실거래가":10000.0,
            "전세가율":66.67,
            "장기전세가율평균":69.78,
            "전세가율거품지수":3.11,
            "검색코드":101574,
            "세대수":226.0,
            "준공년월":"2003-07-03",
            "준공년차":20.0,
            "가까운역이름":"NA",
            "가까운역거리":"NA",
            "역세권여부":"NA",
            "30분이내주요거점역":"NA",
            "1시간이내주요거점역":"NA",
            "3km이내백화점수":0,
            "5km이내아울렛몰수":0,
            "1km이내대형먀트수":0,
            "500m이내은행수":0,
            "500m이내병원수":7,
            "5km이내대형병원수":2,
            "500m이내공원수":3,
            "3km이내혐오시설수":0,
            "초등학교학업성취도":100.0,
            "중학교학업성취도":78.2,
            "용적률":248,
            "건폐율":17,
            "Y":35.318005,
            "X":129.03169,
            "rank":103.0,
            "area_info":"29평(98.21), 29평(98.22), 30평(99.45)",
            "last_sales":"2022-01-13,15000.0,29평(98.21)"
        },
        {
            "index":572,
            "아파트명":"양산양우내안애파크뷰",
            "투자타입":"일반",
            "전용면적(m2)":"110.79",
            "전용면적(평)":"33평",
            "법정동주소":"경상남도 양산시 주진동 707",
            "도로명주소":"경상남도 양산시 진등길 15",
            "세대수":0,
            "입주년차":100,
            "용적률점수":"--",
            "건폐율점수":"--",
            "세대당주차수":30,
            "난방방식":30,
            "공급면적":"--",
            "전용률":"--",
            "욕실수":100,
            "현관타입":100,
            "주거총점":47.5,
            "지역구공급총점":0.0,
            "역세권":"NA",
            "30분내 이동가능 거점":"NA",
            "1시간내 이동가능 거점":"NA",
            "교통총점":"NA",
            "백화점":0,
            "아울렛몰":0,
            "대형마트":0,
            "은행":0,
            "병원":0,
            "종합병원":80,
            "공원":0,
            "혐오시설":0,
            "인프라총점":16.0,
            "초등학군":89.61,
            "중학군":41.14,
            "학군총점":50.834,
            "인구수":39.49,
            "인구증감":4.74,
            "인구총점":29.065,
            "일자리":17.9,
            "소득수준":61.39,
            "일자리총점":30.947,
            "가치 총점":35.7335,
            "매매실거래년":20220112.0,
            "매매실거래가":27000.0,
            "전세실거래년":null,
            "전세실거래가":null,
            "전세가율":null,
            "장기전세가율평균":69.78,
            "전세가율거품지수":null,
            "검색코드":125066,
            "세대수":266.0,
            "준공년월":"2020-08-01",
            "준공년차":3.0,
            "가까운역이름":"NA",
            "가까운역거리":"NA",
            "역세권여부":"NA",
            "30분이내주요거점역":"NA",
            "1시간이내주요거점역":"NA",
            "3km이내백화점수":0,
            "5km이내아울렛몰수":0,
            "1km이내대형먀트수":0,
            "500m이내은행수":0,
            "500m이내병원수":0,
            "5km이내대형병원수":1,
            "500m이내공원수":0,
            "3km이내혐오시설수":0,
            "초등학교학업성취도":89.61,
            "중학교학업성취도":67.5,
            "용적률":199,
            "건폐율":19,
            "Y":35.394332,
            "X":129.157538,
            "rank":104.0,
            "area_info":"33평(110.79), 33평(111.49)",
            "last_sales":"2022-01-12,27000.0,33평(111.49)"
        },
        {
            "index":168,
            "아파트명":"석호가람휘",
            "투자타입":"일반",
            "전용면적(m2)":"112.28",
            "전용면적(평)":"33평",
            "법정동주소":"경상남도 양산시 명동 994",
            "도로명주소":"경상남도 양산시 덕명로 320",
            "세대수":30,
            "입주년차":40,
            "용적률점수":"--",
            "건폐율점수":"--",
            "세대당주차수":30,
            "난방방식":30,
            "공급면적":"--",
            "전용률":"--",
            "욕실수":100,
            "현관타입":100,
            "주거총점":46.0,
            "지역구공급총점":0.0,
            "역세권":"NA",
            "30분내 이동가능 거점":"NA",
            "1시간내 이동가능 거점":"NA",
            "교통총점":"NA",
            "백화점":0,
            "아울렛몰":0,
            "대형마트":0,
            "은행":0,
            "병원":0,
            "종합병원":80,
            "공원":0,
            "혐오시설":0,
            "인프라총점":16.0,
            "초등학군":89.61,
            "중학군":43.74,
            "학군총점":52.914,
            "인구수":39.49,
            "인구증감":4.74,
            "인구총점":29.065,
            "일자리":17.9,
            "소득수준":61.39,
            "일자리총점":30.947,
            "가치 총점":35.7285,
            "매매실거래년":20211206.0,
            "매매실거래가":18000.0,
            "전세실거래년":20210628.0,
            "전세실거래가":14000.0,
            "전세가율":77.78,
            "장기전세가율평균":69.78,
            "전세가율거품지수":-8.0,
            "검색코드":27500,
            "세대수":324.0,
            "준공년월":"2005-10-07",
            "준공년차":18.0,
            "가까운역이름":"NA",
            "가까운역거리":"NA",
            "역세권여부":"NA",
            "30분이내주요거점역":"NA",
            "1시간이내주요거점역":"NA",
            "3km이내백화점수":0,
            "5km이내아울렛몰수":0,
            "1km이내대형먀트수":0,
            "500m이내은행수":0,
            "500m이내병원수":0,
            "5km이내대형병원수":1,
            "500m이내공원수":0,
            "3km이내혐오시설수":0,
            "초등학교학업성취도":89.61,
            "중학교학업성취도":71.9,
            "용적률":231,
            "건폐율":19,
            "Y":35.3968,
            "X":129.16445,
            "rank":105.0,
            "area_info":"33평(112.28), 34평(112.68), 34평(113.06), 34평(114.41), 35평(117.42)",
            "last_sales":"2021-12-06,18000.0,33평(112.28)"
        },
        {
            "index":689,
            "아파트명":"선우5차",
            "투자타입":"재건축",
            "전용면적(m2)":"83.91",
            "전용면적(평)":"25평",
            "법정동주소":"경상남도 양산시 평산동 1108-13",
            "도로명주소":"경상남도 양산시 평산회야로 135",
            "세대수":0,
            "입주년차":"--",
            "용적률점수":0,
            "건폐율점수":80,
            "세대당주차수":"--",
            "난방방식":"--",
            "공급면적":70,
            "전용률":80,
            "욕실수":"--",
            "현관타입":"--",
            "주거총점":23.5,
            "지역구공급총점":0.0,
            "역세권":"NA",
            "30분내 이동가능 거점":"NA",
            "1시간내 이동가능 거점":"NA",
            "교통총점":"NA",
            "백화점":0,
            "아울렛몰":0,
            "대형마트":80,
            "은행":20,
            "병원":60,
            "종합병원":80,
            "공원":0,
            "혐오시설":0,
            "인프라총점":36.0,
            "초등학군":96.39,
            "중학군":41.14,
            "학군총점":52.19,
            "인구수":39.49,
            "인구증감":4.74,
            "인구총점":29.065,
            "일자리":17.9,
            "소득수준":61.39,
            "일자리총점":30.947,
            "가치 총점":35.6725,
            "매매실거래년":20211203.0,
            "매매실거래가":6800.0,
            "전세실거래년":20190627.0,
            "전세실거래가":6500.0,
            "전세가율":95.59,
            "장기전세가율평균":69.78,
            "전세가율거품지수":-25.81,
            "검색코드":7141,
            "세대수":264.0,
            "준공년월":"1992-08-26",
            "준공년차":31.0,
            "가까운역이름":"NA",
            "가까운역거리":"NA",
            "역세권여부":"NA",
            "30분이내주요거점역":"NA",
            "1시간이내주요거점역":"NA",
            "3km이내백화점수":0,
            "5km이내아울렛몰수":0,
            "1km이내대형먀트수":1,
            "500m이내은행수":2,
            "500m이내병원수":28,
            "5km이내대형병원수":1,
            "500m이내공원수":0,
            "3km이내혐오시설수":0,
            "초등학교학업성취도":96.39,
            "중학교학업성취도":67.5,
            "용적률":298,
            "건폐율":27,
            "Y":35.377001,
            "X":129.149328,
            "rank":106.0,
            "area_info":"25평(83.91), 26평(87.14), 26평(88.6), 26평(89.18), 27평(91.74), 28평(95.76), 31평(103.34)",
            "last_sales":"2021-12-03,6800.0,25평(83.91)"
        },
        {
            "index":684,
            "아파트명":"선우4차",
            "투자타입":"재건축",
            "전용면적(m2)":"69.56",
            "전용면적(평)":"21평",
            "법정동주소":"경상남도 양산시 평산동 163",
            "도로명주소":"경상남도 양산시 평산회야로 149",
            "세대수":50,
            "입주년차":"--",
            "용적률점수":0,
            "건폐율점수":0,
            "세대당주차수":"--",
            "난방방식":"--",
            "공급면적":50,
            "전용률":60,
            "욕실수":"--",
            "현관타입":"--",
            "주거총점":20.5,
            "지역구공급총점":0.0,
            "역세권":"NA",
            "30분내 이동가능 거점":"NA",
            "1시간내 이동가능 거점":"NA",
            "교통총점":"NA",
            "백화점":0,
            "아울렛몰":0,
            "대형마트":80,
            "은행":20,
            "병원":80,
            "종합병원":80,
            "공원":0,
            "혐오시설":0,
            "인프라총점":38.0,
            "초등학군":96.39,
            "중학군":41.14,
            "학군총점":52.19,
            "인구수":39.49,
            "인구증감":4.74,
            "인구총점":29.065,
            "일자리":17.9,
            "소득수준":61.39,
            "일자리총점":30.947,
            "가치 총점":35.4225,
            "매매실거래년":20220112.0,
            "매매실거래가":5200.0,
            "전세실거래년":null,
            "전세실거래가":null,
            "전세가율":null,
            "장기전세가율평균":69.78,
            "전세가율거품지수":null,
            "검색코드":7134,
            "세대수":499.0,
            "준공년월":"1992-08-20",
            "준공년차":31.0,
            "가까운역이름":"NA",
            "가까운역거리":"NA",
            "역세권여부":"NA",
            "30분이내주요거점역":"NA",
            "1시간이내주요거점역":"NA",
            "3km이내백화점수":0,
            "5km이내아울렛몰수":0,
            "1km이내대형먀트수":1,
            "500m이내은행수":2,
            "500m이내병원수":33,
            "5km이내대형병원수":1,
            "500m이내공원수":0,
            "3km이내혐오시설수":0,
            "초등학교학업성취도":96.39,
            "중학교학업성취도":67.5,
            "용적률":0,
            "건폐율":0,
            "Y":35.377714,
            "X":129.151099,
            "rank":107.0,
            "area_info":"21평(69.56), 26평(87.41), 26평(88.15), 27평(90.18), 30평(102.01)",
            "last_sales":"2022-01-12,5200.0,21평(69.56)"
        },
        {
            "index":406,
            "아파트명":"재흥",
            "투자타입":"재건축",
            "전용면적(m2)":"53.52",
            "전용면적(평)":"16평",
            "법정동주소":"경상남도 양산시 북부동 151-9",
            "도로명주소":"경상남도 양산시 북안남3길 39",
            "세대수":0,
            "입주년차":"--",
            "용적률점수":0,
            "건폐율점수":0,
            "세대당주차수":"--",
            "난방방식":"--",
            "공급면적":50,
            "전용률":80,
            "욕실수":"--",
            "현관타입":"--",
            "주거총점":6.5,
            "지역구공급총점":0.0,
            "역세권":"NA",
            "30분내 이동가능 거점":"NA",
            "1시간내 이동가능 거점":"NA",
            "교통총점":"NA",
            "백화점":0,
            "아울렛몰":0,
            "대형마트":80,
            "은행":100,
            "병원":60,
            "종합병원":100,
            "공원":100,
            "혐오시설":0,
            "인프라총점":51.0,
            "초등학군":86.86,
            "중학군":40.24,
            "학군총점":49.564,
            "인구수":39.49,
            "인구증감":4.74,
            "인구총점":29.065,
            "일자리":17.9,
            "소득수준":61.39,
            "일자리총점":30.947,
            "가치 총점":35.066,
            "매매실거래년":20210829.0,
            "매매실거래가":16000.0,
            "전세실거래년":20191202.0,
            "전세실거래가":3000.0,
            "전세가율":21.43,
            "장기전세가율평균":69.78,
            "전세가율거품지수":48.35,
            "검색코드":16708,
            "세대수":100.0,
            "준공년월":"1987-11-12",
            "준공년차":36.0,
            "가까운역이름":"NA",
            "가까운역거리":"NA",
            "역세권여부":"NA",
            "30분이내주요거점역":"NA",
            "1시간이내주요거점역":"NA",
            "3km이내백화점수":0,
            "5km이내아울렛몰수":0,
            "1km이내대형먀트수":1,
            "500m이내은행수":6,
            "500m이내병원수":10,
            "5km이내대형병원수":2,
            "500m이내공원수":3,
            "3km이내혐오시설수":0,
            "초등학교학업성취도":86.86,
            "중학교학업성취도":66.8,
            "용적률":0,
            "건폐율":0,
            "Y":35.34774,
            "X":129.03811,
            "rank":108.0,
            "area_info":"16평(53.52), 16평(54.78), 17평(56.75), 17평(56.76), 17평(56.65), 17평(57.11), 17평(58.02), 19평(64.51), 19평(64.76), 34평(113.5)",
            "last_sales":"2021-08-29,16000.0,17평(56.76)"
        },
        {
            "index":547,
            "아파트명":"로얄파크빌",
            "투자타입":"일반",
            "전용면적(m2)":"79.23",
            "전용면적(평)":"23평",
            "법정동주소":"경상남도 양산시 어곡동 9-3",
            "도로명주소":"경상남도 양산시 두전길 18",
            "세대수":50,
            "입주년차":40,
            "용적률점수":"--",
            "건폐율점수":"--",
            "세대당주차수":30,
            "난방방식":30,
            "공급면적":"--",
            "전용률":"--",
            "욕실수":50,
            "현관타입":100,
            "주거총점":48.0,
            "지역구공급총점":0.0,
            "역세권":"NA",
            "30분내 이동가능 거점":"NA",
            "1시간내 이동가능 거점":"NA",
            "교통총점":"NA",
            "백화점":0,
            "아울렛몰":0,
            "대형마트":0,
            "은행":0,
            "병원":0,
            "종합병원":80,
            "공원":80,
            "혐오시설":0,
            "인프라총점":18.4,
            "초등학군":86.77,
            "중학군":31.92,
            "학군총점":42.89,
            "인구수":39.49,
            "인구증감":4.74,
            "인구총점":29.065,
            "일자리":17.9,
            "소득수준":61.39,
            "일자리총점":30.947,
            "가치 총점":34.8825,
            "매매실거래년":20211220.0,
            "매매실거래가":11000.0,
            "전세실거래년":20200630.0,
            "전세실거래가":6500.0,
            "전세가율":73.03,
            "장기전세가율평균":69.78,
            "전세가율거품지수":-3.25,
            "검색코드":22143,
            "세대수":445.0,
            "준공년월":"2004-08-27",
            "준공년차":19.0,
            "가까운역이름":"NA",
            "가까운역거리":"NA",
            "역세권여부":"NA",
            "30분이내주요거점역":"NA",
            "1시간이내주요거점역":"NA",
            "3km이내백화점수":0,
            "5km이내아울렛몰수":0,
            "1km이내대형먀트수":0,
            "500m이내은행수":0,
            "500m이내병원수":1,
            "5km이내대형병원수":1,
            "500m이내공원수":1,
            "3km이내혐오시설수":0,
            "초등학교학업성취도":86.77,
            "중학교학업성취도":53.2,
            "용적률":256,
            "건폐율":22,
            "Y":35.380793,
            "X":129.027492,
            "rank":109.0,
            "area_info":"23평(79.23), 28평(95.55), 28평(95.55)",
            "last_sales":"2021-12-20,11000.0,28평(95.55)"
        },
        {
            "index":709,
            "아파트명":"양산코아루에듀포레",
            "투자타입":"일반",
            "전용면적(m2)":"83.52",
            "전용면적(평)":"25평",
            "법정동주소":"경상남도 양산시 평산동 355-2번지 일원",
            "도로명주소":"경상남도 양산시",
            "세대수":0,
            "입주년차":100,
            "용적률점수":"--",
            "건폐율점수":"--",
            "세대당주차수":0,
            "난방방식":30,
            "공급면적":"--",
            "전용률":"--",
            "욕실수":100,
            "현관타입":100,
            "주거총점":43.0,
            "지역구공급총점":0.0,
            "역세권":"NA",
            "30분내 이동가능 거점":"NA",
            "1시간내 이동가능 거점":"NA",
            "교통총점":"NA",
            "백화점":0,
            "아울렛몰":0,
            "대형마트":0,
            "은행":0,
            "병원":0,
            "종합병원":80,
            "공원":0,
            "혐오시설":0,
            "인프라총점":16.0,
            "초등학군":93.95,
            "중학군":41.14,
            "학군총점":51.702,
            "인구수":39.49,
            "인구증감":4.74,
            "인구총점":29.065,
            "일자리":17.9,
            "소득수준":61.39,
            "일자리총점":30.947,
            "가치 총점":34.3755,
            "매매실거래년":"18000101",
            "매매실거래가":null,
            "전세실거래년":null,
            "전세실거래가":null,
            "전세가율":null,
            "장기전세가율평균":69.78,
            "전세가율거품지수":null,
            "검색코드":143442,
            "세대수":225.0,
            "준공년월":"2024-02-01",
            "준공년차":-1.0,
            "가까운역이름":"NA",
            "가까운역거리":"NA",
            "역세권여부":"NA",
            "30분이내주요거점역":"NA",
            "1시간이내주요거점역":"NA",
            "3km이내백화점수":0,
            "5km이내아울렛몰수":0,
            "1km이내대형먀트수":0,
            "500m이내은행수":1,
            "500m이내병원수":0,
            "5km이내대형병원수":1,
            "500m이내공원수":0,
            "3km이내혐오시설수":0,
            "초등학교학업성취도":93.95,
            "중학교학업성취도":67.5,
            "용적률":219,
            "건폐율":21,
            "Y":35.380247,
            "X":129.144674,
            "rank":110.0,
            "area_info":"25평(83.52), 25평(83.63)",
            "last_sales":"1800-01-01,nan,25평(83.52)"
        },
        {
            "index":192,
            "아파트명":"범어덕산타운",
            "투자타입":"일반",
            "전용면적(m2)":"102.21",
            "전용면적(평)":"30평",
            "법정동주소":"경상남도 양산시 물금읍 범어리 549",
            "도로명주소":"경상남도 양산시 오봉로 29",
            "세대수":50,
            "입주년차":0,
            "용적률점수":"--",
            "건폐율점수":"--",
            "세대당주차수":0,
            "난방방식":30,
            "공급면적":"--",
            "전용률":"--",
            "욕실수":100,
            "현관타입":100,
            "주거총점":40.5,
            "지역구공급총점":0.0,
            "역세권":"NA",
            "30분내 이동가능 거점":"NA",
            "1시간내 이동가능 거점":"NA",
            "교통총점":"NA",
            "백화점":0,
            "아울렛몰":0,
            "대형마트":0,
            "은행":0,
            "병원":0,
            "종합병원":80,
            "공원":100,
            "혐오시설":0,
            "인프라총점":19.0,
            "초등학군":87.34,
            "중학군":41.12,
            "학군총점":50.364,
            "인구수":39.49,
            "인구증감":4.74,
            "인구총점":29.065,
            "일자리":17.9,
            "소득수준":61.39,
            "일자리총점":30.947,
            "가치 총점":34.366,
            "매매실거래년":20220103.0,
            "매매실거래가":17000.0,
            "전세실거래년":20211122.0,
            "전세실거래가":13000.0,
            "전세가율":76.47,
            "장기전세가율평균":69.78,
            "전세가율거품지수":-6.69,
            "검색코드":6985,
            "세대수":483.0,
            "준공년월":"1993-08-02",
            "준공년차":30.0,
            "가까운역이름":"NA",
            "가까운역거리":"NA",
            "역세권여부":"NA",
            "30분이내주요거점역":"NA",
            "1시간이내주요거점역":"NA",
            "3km이내백화점수":0,
            "5km이내아울렛몰수":0,
            "1km이내대형먀트수":0,
            "500m이내은행수":0,
            "500m이내병원수":1,
            "5km이내대형병원수":1,
            "500m이내공원수":2,
            "3km이내혐오시설수":0,
            "초등학교학업성취도":87.34,
            "중학교학업성취도":68.2,
            "용적률":247,
            "건폐율":18,
            "Y":35.327349,
            "X":128.99768,
            "rank":111.0,
            "area_info":"30평(102.21), 30평(102.39), 39평(130.94), 60평(200.91)",
            "last_sales":"2022-01-03,17000.0,30평(102.21)"
        },
        {
            "index":382,
            "아파트명":"황전범어타운",
            "투자타입":"일반",
            "전용면적(m2)":"106.73",
            "전용면적(평)":"32평",
            "법정동주소":"경상남도 양산시 물금읍 범어리 549-1",
            "도로명주소":"경상남도 양산시 오봉로 15",
            "세대수":50,
            "입주년차":0,
            "용적률점수":"--",
            "건폐율점수":"--",
            "세대당주차수":0,
            "난방방식":30,
            "공급면적":"--",
            "전용률":"--",
            "욕실수":100,
            "현관타입":100,
            "주거총점":40.5,
            "지역구공급총점":0.0,
            "역세권":"NA",
            "30분내 이동가능 거점":"NA",
            "1시간내 이동가능 거점":"NA",
            "교통총점":"NA",
            "백화점":0,
            "아울렛몰":0,
            "대형마트":0,
            "은행":0,
            "병원":0,
            "종합병원":80,
            "공원":100,
            "혐오시설":0,
            "인프라총점":19.0,
            "초등학군":87.34,
            "중학군":41.12,
            "학군총점":50.364,
            "인구수":39.49,
            "인구증감":4.74,
            "인구총점":29.065,
            "일자리":17.9,
            "소득수준":61.39,
            "일자리총점":30.947,
            "가치 총점":34.366,
            "매매실거래년":20211224.0,
            "매매실거래가":20000.0,
            "전세실거래년":20211021.0,
            "전세실거래가":15000.0,
            "전세가율":79.37,
            "장기전세가율평균":69.78,
            "전세가율거품지수":-9.59,
            "검색코드":7002,
            "세대수":496.0,
            "준공년월":"1994-06-03",
            "준공년차":29.0,
            "가까운역이름":"NA",
            "가까운역거리":"NA",
            "역세권여부":"NA",
            "30분이내주요거점역":"NA",
            "1시간이내주요거점역":"NA",
            "3km이내백화점수":0,
            "5km이내아울렛몰수":0,
            "1km이내대형먀트수":0,
            "500m이내은행수":0,
            "500m이내병원수":1,
            "5km이내대형병원수":1,
            "500m이내공원수":2,
            "3km이내혐오시설수":0,
            "초등학교학업성취도":87.34,
            "중학교학업성취도":68.2,
            "용적률":276,
            "건폐율":25,
            "Y":35.326589,
            "X":128.999078,
            "rank":111.0,
            "area_info":"32평(106.73), 35평(117.28), 40평(132.38)",
            "last_sales":"2021-12-24,20000.0,35평(117.28)"
        },
        {
            "index":393,
            "아파트명":"신양주1차",
            "투자타입":"재건축",
            "전용면적(m2)":"56.2",
            "전용면적(평)":"17평",
            "법정동주소":"경상남도 양산시 북부동 154-10",
            "도로명주소":"경상남도 양산시 북안남6길 28",
            "세대수":0,
            "입주년차":"--",
            "용적률점수":0,
            "건폐율점수":0,
            "세대당주차수":"--",
            "난방방식":"--",
            "공급면적":50,
            "전용률":80,
            "욕실수":"--",
            "현관타입":"--",
            "주거총점":6.5,
            "지역구공급총점":0.0,
            "역세권":"NA",
            "30분내 이동가능 거점":"NA",
            "1시간내 이동가능 거점":"NA",
            "교통총점":"NA",
            "백화점":0,
            "아울렛몰":0,
            "대형마트":80,
            "은행":70,
            "병원":60,
            "종합병원":100,
            "공원":100,
            "혐오시설":0,
            "인프라총점":48.0,
            "초등학군":90.52,
            "중학군":40.24,
            "학군총점":50.296,
            "인구수":39.49,
            "인구증감":4.74,
            "인구총점":29.065,
            "일자리":17.9,
            "소득수준":61.39,
            "일자리총점":30.947,
            "가치 총점":34.049,
            "매매실거래년":20210915.0,
            "매매실거래가":19500.0,
            "전세실거래년":20210112.0,
            "전세실거래가":5000.0,
            "전세가율":34.48,
            "장기전세가율평균":69.78,
            "전세가율거품지수":35.3,
            "검색코드":11433,
            "세대수":160.0,
            "준공년월":"1982-11-24",
            "준공년차":41.0,
            "가까운역이름":"NA",
            "가까운역거리":"NA",
            "역세권여부":"NA",
            "30분이내주요거점역":"NA",
            "1시간이내주요거점역":"NA",
            "3km이내백화점수":0,
            "5km이내아울렛몰수":0,
            "1km이내대형먀트수":1,
            "500m이내은행수":4,
            "500m이내병원수":17,
            "5km이내대형병원수":2,
            "500m이내공원수":2,
            "3km이내혐오시설수":0,
            "초등학교학업성취도":90.52,
            "중학교학업성취도":66.8,
            "용적률":0,
            "건폐율":0,
            "Y":35.347251,
            "X":129.036169,
            "rank":112.0,
            "area_info":"17평(56.2), 19평(62.81)",
            "last_sales":"2021-09-15,19500.0,19평(62.81)"
        },
        {
            "index":450,
            "아파트명":"대진칸트리타운3차",
            "투자타입":"일반",
            "전용면적(m2)":"77.73",
            "전용면적(평)":"23평",
            "법정동주소":"경상남도 양산시 삼호동 654-1",
            "도로명주소":"경상남도 양산시 삼호로 206",
            "세대수":0,
            "입주년차":0,
            "용적률점수":"--",
            "건폐율점수":"--",
            "세대당주차수":0,
            "난방방식":30,
            "공급면적":"--",
            "전용률":"--",
            "욕실수":50,
            "현관타입":10,
            "주거총점":9.0,
            "지역구공급총점":0.0,
            "역세권":"NA",
            "30분내 이동가능 거점":"NA",
            "1시간내 이동가능 거점":"NA",
            "교통총점":"NA",
            "백화점":0,
            "아울렛몰":0,
            "대형마트":100,
            "은행":70,
            "병원":60,
            "종합병원":80,
            "공원":0,
            "혐오시설":0,
            "인프라총점":44.0,
            "초등학군":90.28,
            "중학군":43.74,
            "학군총점":53.048,
            "인구수":39.49,
            "인구증감":4.74,
            "인구총점":29.065,
            "일자리":17.9,
            "소득수준":61.39,
            "일자리총점":30.947,
            "가치 총점":34.012,
            "매매실거래년":20210906.0,
            "매매실거래가":8900.0,
            "전세실거래년":20210220.0,
            "전세실거래가":4500.0,
            "전세가율":64.29,
            "장기전세가율평균":69.78,
            "전세가율거품지수":5.49,
            "검색코드":7094,
            "세대수":160.0,
            "준공년월":"1993-05-08",
            "준공년차":30.0,
            "가까운역이름":"NA",
            "가까운역거리":"NA",
            "역세권여부":"NA",
            "30분이내주요거점역":"NA",
            "1시간이내주요거점역":"NA",
            "3km이내백화점수":0,
            "5km이내아울렛몰수":0,
            "1km이내대형먀트수":3,
            "500m이내은행수":4,
            "500m이내병원수":26,
            "5km이내대형병원수":1,
            "500m이내공원수":0,
            "3km이내혐오시설수":0,
            "초등학교학업성취도":90.28,
            "중학교학업성취도":71.9,
            "용적률":380,
            "건폐율":25,
            "Y":35.415985,
            "X":129.169899,
            "rank":113.0,
            "area_info":"23평(77.73), 26평(88.85), 29평(97.45)",
            "last_sales":"2021-09-06,8900.0,29평(97.45)"
        },
        {
            "index":639,
            "아파트명":"경보그린타워2차",
            "투자타입":"재건축",
            "전용면적(m2)":"64.5",
            "전용면적(평)":"19평",
            "법정동주소":"경상남도 양산시 평산동 1108-88",
            "도로명주소":"경상남도 양산시 평산회야로 51",
            "세대수":50,
            "입주년차":"--",
            "용적률점수":0,
            "건폐율점수":0,
            "세대당주차수":"--",
            "난방방식":"--",
            "공급면적":50,
            "전용률":60,
            "욕실수":"--",
            "현관타입":"--",
            "주거총점":20.5,
            "지역구공급총점":0.0,
            "역세권":"NA",
            "30분내 이동가능 거점":"NA",
            "1시간내 이동가능 거점":"NA",
            "교통총점":"NA",
            "백화점":0,
            "아울렛몰":0,
            "대형마트":80,
            "은행":0,
            "병원":30,
            "종합병원":80,
            "공원":0,
            "혐오시설":0,
            "인프라총점":31.0,
            "초등학군":93.95,
            "중학군":48.68,
            "학군총점":57.734,
            "인구수":39.49,
            "인구증감":4.74,
            "인구총점":29.065,
            "일자리":17.9,
            "소득수준":61.39,
            "일자리총점":30.947,
            "가치 총점":34.0085,
            "매매실거래년":20220108.0,
            "매매실거래가":12700.0,
            "전세실거래년":20210310.0,
            "전세실거래가":5000.0,
            "전세가율":79.37,
            "장기전세가율평균":69.78,
            "전세가율거품지수":-9.59,
            "검색코드":7049,
            "세대수":498.0,
            "준공년월":"1992-11-13",
            "준공년차":31.0,
            "가까운역이름":"NA",
            "가까운역거리":"NA",
            "역세권여부":"NA",
            "30분이내주요거점역":"NA",
            "1시간이내주요거점역":"NA",
            "3km이내백화점수":0,
            "5km이내아울렛몰수":0,
            "1km이내대형먀트수":1,
            "500m이내은행수":0,
            "500m이내병원수":5,
            "5km이내대형병원수":1,
            "500m이내공원수":0,
            "3km이내혐오시설수":0,
            "초등학교학업성취도":93.95,
            "중학교학업성취도":80.8,
            "용적률":0,
            "건폐율":0,
            "Y":35.371115,
            "X":129.143589,
            "rank":114.0,
            "area_info":"19평(64.5), 23평(77.25), 24평(79.42), 30평(101.97), 31평(104.51)",
            "last_sales":"2022-01-08,12700.0,31평(104.51)"
        },
        {
            "index":470,
            "아파트명":"삼영",
            "투자타입":"재건축",
            "전용면적(m2)":"48.36",
            "전용면적(평)":"14평",
            "법정동주소":"경상남도 양산시 상북면 석계리 78-32",
            "도로명주소":"경상남도 양산시 삼계1길 2",
            "세대수":0,
            "입주년차":"--",
            "용적률점수":100,
            "건폐율점수":40,
            "세대당주차수":"--",
            "난방방식":"--",
            "공급면적":50,
            "전용률":80,
            "욕실수":"--",
            "현관타입":"--",
            "주거총점":54.5,
            "지역구공급총점":0.0,
            "역세권":"NA",
            "30분내 이동가능 거점":"NA",
            "1시간내 이동가능 거점":"NA",
            "교통총점":"NA",
            "백화점":0,
            "아울렛몰":0,
            "대형마트":0,
            "은행":0,
            "병원":10,
            "종합병원":0,
            "공원":80,
            "혐오시설":0,
            "인프라총점":3.4,
            "초등학군":87.93,
            "중학군":43.02,
            "학군총점":52.002,
            "인구수":39.49,
            "인구증감":4.74,
            "인구총점":29.065,
            "일자리":17.9,
            "소득수준":61.39,
            "일자리총점":30.947,
            "가치 총점":33.4355,
            "매매실거래년":20220107.0,
            "매매실거래가":4850.0,
            "전세실거래년":20200417.0,
            "전세실거래가":2000.0,
            "전세가율":41.24,
            "장기전세가율평균":69.78,
            "전세가율거품지수":28.54,
            "검색코드":16674,
            "세대수":110.0,
            "준공년월":"1988-03-18",
            "준공년차":35.0,
            "가까운역이름":"NA",
            "가까운역거리":"NA",
            "역세권여부":"NA",
            "30분이내주요거점역":"NA",
            "1시간이내주요거점역":"NA",
            "3km이내백화점수":0,
            "5km이내아울렛몰수":0,
            "1km이내대형먀트수":0,
            "500m이내은행수":0,
            "500m이내병원수":4,
            "5km이내대형병원수":0,
            "500m이내공원수":1,
            "3km이내혐오시설수":0,
            "초등학교학업성취도":87.93,
            "중학교학업성취도":70.9,
            "용적률":146,
            "건폐율":35,
            "Y":35.41744,
            "X":129.062168,
            "rank":115.0,
            "area_info":"14평(48.36)",
            "last_sales":"2022-01-07,4850.0,14평(48.36)"
        },
        {
            "index":433,
            "아파트명":"대성",
            "투자타입":"재건축",
            "전용면적(m2)":"79.36",
            "전용면적(평)":"24평",
            "법정동주소":"경상남도 양산시 삼호동 718-1",
            "도로명주소":"경상남도 양산시 서창로 133",
            "세대수":0,
            "입주년차":"--",
            "용적률점수":0,
            "건폐율점수":0,
            "세대당주차수":"--",
            "난방방식":"--",
            "공급면적":50,
            "전용률":80,
            "욕실수":"--",
            "현관타입":"--",
            "주거총점":6.5,
            "지역구공급총점":0.0,
            "역세권":"NA",
            "30분내 이동가능 거점":"NA",
            "1시간내 이동가능 거점":"NA",
            "교통총점":"NA",
            "백화점":0,
            "아울렛몰":0,
            "대형마트":100,
            "은행":70,
            "병원":60,
            "종합병원":80,
            "공원":0,
            "혐오시설":0,
            "인프라총점":44.0,
            "초등학군":90.28,
            "중학군":43.74,
            "학군총점":53.048,
            "인구수":39.49,
            "인구증감":4.74,
            "인구총점":29.065,
            "일자리":17.9,
            "소득수준":61.39,
            "일자리총점":30.947,
            "가치 총점":33.137,
            "매매실거래년":20211124.0,
            "매매실거래가":10500.0,
            "전세실거래년":20210805.0,
            "전세실거래가":4500.0,
            "전세가율":68.18,
            "장기전세가율평균":69.78,
            "전세가율거품지수":1.6,
            "검색코드":7068,
            "세대수":186.0,
            "준공년월":"1990-08-04",
            "준공년차":33.0,
            "가까운역이름":"NA",
            "가까운역거리":"NA",
            "역세권여부":"NA",
            "30분이내주요거점역":"NA",
            "1시간이내주요거점역":"NA",
            "3km이내백화점수":0,
            "5km이내아울렛몰수":0,
            "1km이내대형먀트수":3,
            "500m이내은행수":4,
            "500m이내병원수":19,
            "5km이내대형병원수":1,
            "500m이내공원수":0,
            "3km이내혐오시설수":0,
            "초등학교학업성취도":90.28,
            "중학교학업성취도":71.9,
            "용적률":0,
            "건폐율":0,
            "Y":35.412866,
            "X":129.168048,
            "rank":116.0,
            "area_info":"24평(79.36), 26평(86.56), 28평(94.39), 32평(107.21), 33평(111.97), 35평(115.82)",
            "last_sales":"2021-11-24,10500.0,32평(107.21)"
        },
        {
            "index":397,
            "아파트명":"양산북부주공",
            "투자타입":"재건축",
            "전용면적(m2)":"45.72",
            "전용면적(평)":"13평",
            "법정동주소":"경상남도 양산시 북부동 134-3",
            "도로명주소":"경상남도 양산시 북안북7길 36",
            "세대수":0,
            "입주년차":"--",
            "용적률점수":0,
            "건폐율점수":0,
            "세대당주차수":"--",
            "난방방식":"--",
            "공급면적":50,
            "전용률":80,
            "욕실수":"--",
            "현관타입":"--",
            "주거총점":6.5,
            "지역구공급총점":0.0,
            "역세권":"NA",
            "30분내 이동가능 거점":"NA",
            "1시간내 이동가능 거점":"NA",
            "교통총점":"NA",
            "백화점":0,
            "아울렛몰":0,
            "대형마트":80,
            "은행":100,
            "병원":10,
            "종합병원":100,
            "공원":100,
            "혐오시설":0,
            "인프라총점":46.0,
            "초등학군":88.0,
            "중학군":40.24,
            "학군총점":49.792,
            "인구수":39.49,
            "인구증감":4.74,
            "인구총점":29.065,
            "일자리":17.9,
            "소득수준":61.39,
            "일자리총점":30.947,
            "가치 총점":33.123,
            "매매실거래년":20211101.0,
            "매매실거래가":5800.0,
            "전세실거래년":20200916.0,
            "전세실거래가":3500.0,
            "전세가율":45.45,
            "장기전세가율평균":69.78,
            "전세가율거품지수":24.33,
            "검색코드":15626,
            "세대수":150.0,
            "준공년월":"1984-12-15",
            "준공년차":39.0,
            "가까운역이름":"NA",
            "가까운역거리":"NA",
            "역세권여부":"NA",
            "30분이내주요거점역":"NA",
            "1시간이내주요거점역":"NA",
            "3km이내백화점수":0,
            "5km이내아울렛몰수":0,
            "1km이내대형먀트수":1,
            "500m이내은행수":5,
            "500m이내병원수":4,
            "5km이내대형병원수":2,
            "500m이내공원수":3,
            "3km이내혐오시설수":0,
            "초등학교학업성취도":88.0,
            "중학교학업성취도":66.8,
            "용적률":0,
            "건폐율":0,
            "Y":35.350351,
            "X":129.042674,
            "rank":117.0,
            "area_info":"13평(45.72), 13평(45.85), 15평(52.73), 15평(52.37)",
            "last_sales":"2021-11-01,5800.0,13평(45.85)"
        },
        {
            "index":652,
            "아파트명":"덕계동일스위트1차",
            "투자타입":"일반",
            "전용면적(m2)":"67.34",
            "전용면적(평)":"20평",
            "법정동주소":"경상남도 양산시 평산동 568-20",
            "도로명주소":"경상남도 양산시 신명로 88",
            "세대수":50,
            "입주년차":20,
            "용적률점수":"--",
            "건폐율점수":"--",
            "세대당주차수":0,
            "난방방식":30,
            "공급면적":"--",
            "전용률":"--",
            "욕실수":50,
            "현관타입":100,
            "주거총점":39.5,
            "지역구공급총점":0.0,
            "역세권":"NA",
            "30분내 이동가능 거점":"NA",
            "1시간내 이동가능 거점":"NA",
            "교통총점":"NA",
            "백화점":0,
            "아울렛몰":0,
            "대형마트":0,
            "은행":0,
            "병원":0,
            "종합병원":80,
            "공원":0,
            "혐오시설":0,
            "인프라총점":16.0,
            "초등학군":89.13,
            "중학군":41.14,
            "학군총점":50.738,
            "인구수":39.49,
            "인구증감":4.74,
            "인구총점":29.065,
            "일자리":17.9,
            "소득수준":61.39,
            "일자리총점":30.947,
            "가치 총점":32.9095,
            "매매실거래년":20220109.0,
            "매매실거래가":9400.0,
            "전세실거래년":20201215.0,
            "전세실거래가":6000.0,
            "전세가율":80.0,
            "장기전세가율평균":69.78,
            "전세가율거품지수":-10.22,
            "검색코드":11118,
            "세대수":564.0,
            "준공년월":"2001-10-22",
            "준공년차":22.0,
            "가까운역이름":"NA",
            "가까운역거리":"NA",
            "역세권여부":"NA",
            "30분이내주요거점역":"NA",
            "1시간이내주요거점역":"NA",
            "3km이내백화점수":0,
            "5km이내아울렛몰수":0,
            "1km이내대형먀트수":0,
            "500m이내은행수":0,
            "500m이내병원수":1,
            "5km이내대형병원수":1,
            "500m이내공원수":0,
            "3km이내혐오시설수":0,
            "초등학교학업성취도":89.13,
            "중학교학업성취도":67.5,
            "용적률":227,
            "건폐율":32,
            "Y":35.387451,
            "X":129.144182,
            "rank":118.0,
            "area_info":"20평(67.34), 21평(71.06), 24평(80.44)",
            "last_sales":"2022-01-09,9400.0,24평(80.44)"
        },
        {
            "index":378,
            "아파트명":"현대2차",
            "투자타입":"일반",
            "전용면적(m2)":"71.54",
            "전용면적(평)":"21평",
            "법정동주소":"경상남도 양산시 물금읍 범어리 682-1",
            "도로명주소":"경상남도 양산시 오봉로 180",
            "세대수":50,
            "입주년차":0,
            "용적률점수":"--",
            "건폐율점수":"--",
            "세대당주차수":0,
            "난방방식":30,
            "공급면적":"--",
            "전용률":"--",
            "욕실수":50,
            "현관타입":50,
            "주거총점":30.5,
            "지역구공급총점":0.0,
            "역세권":"NA",
            "30분내 이동가능 거점":"NA",
            "1시간내 이동가능 거점":"NA",
            "교통총점":"NA",
            "백화점":0,
            "아울렛몰":0,
            "대형마트":0,
            "은행":0,
            "병원":10,
            "종합병원":100,
            "공원":100,
            "혐오시설":0,
            "인프라총점":24.0,
            "초등학군":87.03,
            "중학군":41.12,
            "학군총점":50.302,
            "인구수":39.49,
            "인구증감":4.74,
            "인구총점":29.065,
            "일자리":17.9,
            "소득수준":61.39,
            "일자리총점":30.947,
            "가치 총점":32.8505,
            "매매실거래년":20220103.0,
            "매매실거래가":20100.0,
            "전세실거래년":20211101.0,
            "전세실거래가":10500.0,
            "전세가율":84.0,
            "장기전세가율평균":69.78,
            "전세가율거품지수":-14.22,
            "검색코드":6999,
            "세대수":447.0,
            "준공년월":"1996-03-20",
            "준공년차":27.0,
            "가까운역이름":"NA",
            "가까운역거리":"NA",
            "역세권여부":"NA",
            "30분이내주요거점역":"NA",
            "1시간이내주요거점역":"NA",
            "3km이내백화점수":0,
            "5km이내아울렛몰수":0,
            "1km이내대형먀트수":0,
            "500m이내은행수":0,
            "500m이내병원수":4,
            "5km이내대형병원수":2,
            "500m이내공원수":5,
            "3km이내혐오시설수":0,
            "초등학교학업성취도":87.03,
            "중학교학업성취도":68.2,
            "용적률":0,
            "건폐율":0,
            "Y":35.334055,
            "X":129.00643,
            "rank":119.0,
            "area_info":"21평(71.54), 21평(71.23), 26평(88.34), 30평(99.9)",
            "last_sales":"2022-01-03,20100.0,30평(99.9)"
        },
        {
            "index":439,
            "아파트명":"대진칸트리타운",
            "투자타입":"재건축",
            "전용면적(m2)":"76.66",
            "전용면적(평)":"23평",
            "법정동주소":"경상남도 양산시 삼호동 651-1",
            "도로명주소":"경상남도 양산시 서창서1길 15",
            "세대수":0,
            "입주년차":"--",
            "용적률점수":0,
            "건폐율점수":0,
            "세대당주차수":"--",
            "난방방식":"--",
            "공급면적":50,
            "전용률":60,
            "욕실수":"--",
            "현관타입":"--",
            "주거총점":5.5,
            "지역구공급총점":0.0,
            "역세권":"NA",
            "30분내 이동가능 거점":"NA",
            "1시간내 이동가능 거점":"NA",
            "교통총점":"NA",
            "백화점":0,
            "아울렛몰":0,
            "대형마트":100,
            "은행":70,
            "병원":60,
            "종합병원":80,
            "공원":0,
            "혐오시설":0,
            "인프라총점":44.0,
            "초등학군":90.28,
            "중학군":43.74,
            "학군총점":53.048,
            "인구수":39.49,
            "인구증감":4.74,
            "인구총점":29.065,
            "일자리":17.9,
            "소득수준":61.39,
            "일자리총점":30.947,
            "가치 총점":32.787,
            "매매실거래년":20201127.0,
            "매매실거래가":10900.0,
            "전세실거래년":null,
            "전세실거래가":null,
            "전세가율":null,
            "장기전세가율평균":69.78,
            "전세가율거품지수":null,
            "검색코드":7085,
            "세대수":111.0,
            "준공년월":"1991-06-29",
            "준공년차":32.0,
            "가까운역이름":"NA",
            "가까운역거리":"NA",
            "역세권여부":"NA",
            "30분이내주요거점역":"NA",
            "1시간이내주요거점역":"NA",
            "3km이내백화점수":0,
            "5km이내아울렛몰수":0,
            "1km이내대형먀트수":3,
            "500m이내은행수":4,
            "500m이내병원수":26,
            "5km이내대형병원수":1,
            "500m이내공원수":0,
            "3km이내혐오시설수":0,
            "초등학교학업성취도":90.28,
            "중학교학업성취도":71.9,
            "용적률":0,
            "건폐율":0,
            "Y":35.415932,
            "X":129.170691,
            "rank":120.0,
            "area_info":"23평(76.66), 26평(88.9), 28평(93.9), 29평(98.35), 30평(102.04), 31평(103.24)",
            "last_sales":"2020-11-27,10900.0,31평(103.24)"
        },
        {
            "index":445,
            "아파트명":"대진칸트리타운2차",
            "투자타입":"재건축",
            "전용면적(m2)":"77.34",
            "전용면적(평)":"23평",
            "법정동주소":"경상남도 양산시 삼호동 653-1",
            "도로명주소":"경상남도 양산시 서창서1길 7",
            "세대수":0,
            "입주년차":"--",
            "용적률점수":0,
            "건폐율점수":0,
            "세대당주차수":"--",
            "난방방식":"--",
            "공급면적":50,
            "전용률":60,
            "욕실수":"--",
            "현관타입":"--",
            "주거총점":5.5,
            "지역구공급총점":0.0,
            "역세권":"NA",
            "30분내 이동가능 거점":"NA",
            "1시간내 이동가능 거점":"NA",
            "교통총점":"NA",
            "백화점":0,
            "아울렛몰":0,
            "대형마트":100,
            "은행":70,
            "병원":60,
            "종합병원":80,
            "공원":0,
            "혐오시설":0,
            "인프라총점":44.0,
            "초등학군":90.28,
            "중학군":43.74,
            "학군총점":53.048,
            "인구수":39.49,
            "인구증감":4.74,
            "인구총점":29.065,
            "일자리":17.9,
            "소득수준":61.39,
            "일자리총점":30.947,
            "가치 총점":32.787,
            "매매실거래년":20210706.0,
            "매매실거래가":11800.0,
            "전세실거래년":20211005.0,
            "전세실거래가":5500.0,
            "전세가율":84.62,
            "장기전세가율평균":69.78,
            "전세가율거품지수":-14.84,
            "검색코드":7090,
            "세대수":143.0,
            "준공년월":"1992-05-11",
            "준공년차":31.0,
            "가까운역이름":"NA",
            "가까운역거리":"NA",
            "역세권여부":"NA",
            "30분이내주요거점역":"NA",
            "1시간이내주요거점역":"NA",
            "3km이내백화점수":0,
            "5km이내아울렛몰수":0,
            "1km이내대형먀트수":3,
            "500m이내은행수":4,
            "500m이내병원수":26,
            "5km이내대형병원수":1,
            "500m이내공원수":0,
            "3km이내혐오시설수":0,
            "초등학교학업성취도":90.28,
            "중학교학업성취도":71.9,
            "용적률":0,
            "건폐율":0,
            "Y":35.415584,
            "X":129.170366,
            "rank":120.0,
            "area_info":"23평(77.34), 26평(88.91), 30평(100.51), 33평(110.23), 45평(149.22)",
            "last_sales":"2021-07-06,11800.0,45평(149.22)"
        },
        {
            "index":660,
            "아파트명":"새진흥5차",
            "투자타입":"재건축",
            "전용면적(m2)":"59.93",
            "전용면적(평)":"18평",
            "법정동주소":"경상남도 양산시 평산동 391",
            "도로명주소":"경상남도 양산시 평산13길 19",
            "세대수":50,
            "입주년차":"--",
            "용적률점수":0,
            "건폐율점수":80,
            "세대당주차수":"--",
            "난방방식":"--",
            "공급면적":50,
            "전용률":80,
            "욕실수":"--",
            "현관타입":"--",
            "주거총점":37.5,
            "지역구공급총점":0.0,
            "역세권":"NA",
            "30분내 이동가능 거점":"NA",
            "1시간내 이동가능 거점":"NA",
            "교통총점":"NA",
            "백화점":0,
            "아울렛몰":0,
            "대형마트":0,
            "은행":0,
            "병원":0,
            "종합병원":80,
            "공원":0,
            "혐오시설":0,
            "인프라총점":16.0,
            "초등학군":93.95,
            "중학군":41.14,
            "학군총점":51.702,
            "인구수":39.49,
            "인구증감":4.74,
            "인구총점":29.065,
            "일자리":17.9,
            "소득수준":61.39,
            "일자리총점":30.947,
            "가치 총점":32.4505,
            "매매실거래년":20220106.0,
            "매매실거래가":8000.0,
            "전세실거래년":20191207.0,
            "전세실거래가":4300.0,
            "전세가율":86.0,
            "장기전세가율평균":69.78,
            "전세가율거품지수":-16.22,
            "검색코드":7112,
            "세대수":483.0,
            "준공년월":"1992-04-13",
            "준공년차":31.0,
            "가까운역이름":"NA",
            "가까운역거리":"NA",
            "역세권여부":"NA",
            "30분이내주요거점역":"NA",
            "1시간이내주요거점역":"NA",
            "3km이내백화점수":0,
            "5km이내아울렛몰수":0,
            "1km이내대형먀트수":0,
            "500m이내은행수":1,
            "500m이내병원수":1,
            "5km이내대형병원수":1,
            "500m이내공원수":0,
            "3km이내혐오시설수":0,
            "초등학교학업성취도":93.95,
            "중학교학업성취도":67.5,
            "용적률":235,
            "건폐율":26,
            "Y":35.381263,
            "X":129.145691,
            "rank":121.0,
            "area_info":"18평(59.93), 18평(60.2), 23평(76.17), 26평(87.83)",
            "last_sales":"2022-01-06,8000.0,26평(87.83)"
        },
        {
            "index":426,
            "아파트명":"양산동원타운",
            "투자타입":"일반",
            "전용면적(m2)":"76.74",
            "전용면적(평)":"23평",
            "법정동주소":"경상남도 양산시 북정동 437",
            "도로명주소":"경상남도 양산시 북정로 116",
            "세대수":50,
            "입주년차":0,
            "용적률점수":"--",
            "건폐율점수":"--",
            "세대당주차수":0,
            "난방방식":30,
            "공급면적":"--",
            "전용률":"--",
            "욕실수":50,
            "현관타입":100,
            "주거총점":35.5,
            "지역구공급총점":0.0,
            "역세권":"NA",
            "30분내 이동가능 거점":"NA",
            "1시간내 이동가능 거점":"NA",
            "교통총점":"NA",
            "백화점":0,
            "아울렛몰":0,
            "대형마트":0,
            "은행":0,
            "병원":30,
            "종합병원":80,
            "공원":100,
            "혐오시설":0,
            "인프라총점":22.0,
            "초등학군":87.96,
            "중학군":31.92,
            "학군총점":43.128,
            "인구수":39.49,
            "인구증감":4.74,
            "인구총점":29.065,
            "일자리":17.9,
            "소득수준":61.39,
            "일자리총점":30.947,
            "가치 총점":32.007,
            "매매실거래년":20220113.0,
            "매매실거래가":12300.0,
            "전세실거래년":20211020.0,
            "전세실거래가":2000.0,
            "전세가율":16.26,
            "장기전세가율평균":69.78,
            "전세가율거품지수":53.52,
            "검색코드":7016,
            "세대수":570.0,
            "준공년월":"1995-08-24",
            "준공년차":28.0,
            "가까운역이름":"NA",
            "가까운역거리":"NA",
            "역세권여부":"NA",
            "30분이내주요거점역":"NA",
            "1시간이내주요거점역":"NA",
            "3km이내백화점수":0,
            "5km이내아울렛몰수":0,
            "1km이내대형먀트수":0,
            "500m이내은행수":0,
            "500m이내병원수":6,
            "5km이내대형병원수":1,
            "500m이내공원수":4,
            "3km이내혐오시설수":0,
            "초등학교학업성취도":87.96,
            "중학교학업성취도":53.2,
            "용적률":201,
            "건폐율":22,
            "Y":35.361217,
            "X":129.050439,
            "rank":122.0,
            "area_info":"23평(76.74)",
            "last_sales":"2022-01-13,12300.0,23평(76.74)"
        },
        {
            "index":43,
            "아파트명":"대승하이아트2차",
            "투자타입":"일반",
            "전용면적(m2)":"75.16",
            "전용면적(평)":"22평",
            "법정동주소":"경상남도 양산시 덕계동 811-45",
            "도로명주소":"경상남도 양산시 덕계북길 9",
            "세대수":50,
            "입주년차":0,
            "용적률점수":"--",
            "건폐율점수":"--",
            "세대당주차수":0,
            "난방방식":30,
            "공급면적":"--",
            "전용률":"--",
            "욕실수":50,
            "현관타입":100,
            "주거총점":35.5,
            "지역구공급총점":0.0,
            "역세권":"NA",
            "30분내 이동가능 거점":"NA",
            "1시간내 이동가능 거점":"NA",
            "교통총점":"NA",
            "백화점":0,
            "아울렛몰":0,
            "대형마트":0,
            "은행":0,
            "병원":10,
            "종합병원":80,
            "공원":0,
            "혐오시설":0,
            "인프라총점":17.0,
            "초등학군":89.7,
            "중학군":41.14,
            "학군총점":50.852,
            "인구수":39.49,
            "인구증감":4.74,
            "인구총점":29.065,
            "일자리":17.9,
            "소득수준":61.39,
            "일자리총점":30.947,
            "가치 총점":31.938,
            "매매실거래년":20211225.0,
            "매매실거래가":9500.0,
            "전세실거래년":20210322.0,
            "전세실거래가":6500.0,
            "전세가율":68.42,
            "장기전세가율평균":69.78,
            "전세가율거품지수":1.36,
            "검색코드":7079,
            "세대수":476.0,
            "준공년월":"1994-11-14",
            "준공년차":29.0,
            "가까운역이름":"NA",
            "가까운역거리":"NA",
            "역세권여부":"NA",
            "30분이내주요거점역":"NA",
            "1시간이내주요거점역":"NA",
            "3km이내백화점수":0,
            "5km이내아울렛몰수":0,
            "1km이내대형먀트수":0,
            "500m이내은행수":0,
            "500m이내병원수":2,
            "5km이내대형병원수":1,
            "500m이내공원수":0,
            "3km이내혐오시설수":0,
            "초등학교학업성취도":89.7,
            "중학교학업성취도":67.5,
            "용적률":0,
            "건폐율":0,
            "Y":35.384666,
            "X":129.157428,
            "rank":123.0,
            "area_info":"22평(75.16), 22평(75.15), 28평(93.94), 31평(102.63), 45평(149.45)",
            "last_sales":"2021-12-25,9500.0,22평(75.16)"
        },
        {
            "index":649,
            "아파트명":"경보그린타워4차",
            "투자타입":"일반",
            "전용면적(m2)":"82.89",
            "전용면적(평)":"25평",
            "법정동주소":"경상남도 양산시 평산동 1108-22",
            "도로명주소":"경상남도 양산시 평산회야로 17",
            "세대수":0,
            "입주년차":0,
            "용적률점수":"--",
            "건폐율점수":"--",
            "세대당주차수":0,
            "난방방식":30,
            "공급면적":"--",
            "전용률":"--",
            "욕실수":50,
            "현관타입":100,
            "주거총점":18.0,
            "지역구공급총점":0.0,
            "역세권":"NA",
            "30분내 이동가능 거점":"NA",
            "1시간내 이동가능 거점":"NA",
            "교통총점":"NA",
            "백화점":0,
            "아울렛몰":0,
            "대형마트":80,
            "은행":0,
            "병원":0,
            "종합병원":80,
            "공원":0,
            "혐오시설":0,
            "인프라총점":28.0,
            "초등학군":93.95,
            "중학군":48.68,
            "학군총점":57.734,
            "인구수":39.49,
            "인구증감":4.74,
            "인구총점":29.065,
            "일자리":17.9,
            "소득수준":61.39,
            "일자리총점":30.947,
            "가치 총점":31.9335,
            "매매실거래년":20211218.0,
            "매매실거래가":7600.0,
            "전세실거래년":20200912.0,
            "전세실거래가":4500.0,
            "전세가율":59.21,
            "장기전세가율평균":69.78,
            "전세가율거품지수":10.57,
            "검색코드":7053,
            "세대수":120.0,
            "준공년월":"1993-08-19",
            "준공년차":30.0,
            "가까운역이름":"NA",
            "가까운역거리":"NA",
            "역세권여부":"NA",
            "30분이내주요거점역":"NA",
            "1시간이내주요거점역":"NA",
            "3km이내백화점수":0,
            "5km이내아울렛몰수":0,
            "1km이내대형먀트수":1,
            "500m이내은행수":0,
            "500m이내병원수":0,
            "5km이내대형병원수":1,
            "500m이내공원수":0,
            "3km이내혐오시설수":0,
            "초등학교학업성취도":93.95,
            "중학교학업성취도":80.8,
            "용적률":328,
            "건폐율":28,
            "Y":35.36953,
            "X":129.14076,
            "rank":124.0,
            "area_info":"25평(82.89)",
            "last_sales":"2021-12-18,7600.0,25평(82.89)"
        },
        {
            "index":140,
            "아파트명":"석산해강",
            "투자타입":"재건축",
            "전용면적(m2)":"59.06",
            "전용면적(평)":"17평",
            "법정동주소":"경상남도 양산시 동면 석산리 699-3",
            "도로명주소":"경상남도 양산시 석산6길 28",
            "세대수":50,
            "입주년차":"--",
            "용적률점수":0,
            "건폐율점수":0,
            "세대당주차수":"--",
            "난방방식":"--",
            "공급면적":50,
            "전용률":60,
            "욕실수":"--",
            "현관타입":"--",
            "주거총점":20.5,
            "지역구공급총점":0.0,
            "역세권":"NA",
            "30분내 이동가능 거점":"NA",
            "1시간내 이동가능 거점":"NA",
            "교통총점":"NA",
            "백화점":0,
            "아울렛몰":0,
            "대형마트":0,
            "은행":0,
            "병원":60,
            "종합병원":100,
            "공원":100,
            "혐오시설":0,
            "인프라총점":29.0,
            "초등학군":72.85,
            "중학군":47.56,
            "학군총점":52.618,
            "인구수":39.49,
            "인구증감":4.74,
            "인구총점":29.065,
            "일자리":17.9,
            "소득수준":61.39,
            "일자리총점":30.947,
            "가치 총점":31.9295,
            "매매실거래년":20220103.0,
            "매매실거래가":18000.0,
            "전세실거래년":20200219.0,
            "전세실거래가":5500.0,
            "전세가율":65.48,
            "장기전세가율평균":69.78,
            "전세가율거품지수":4.3,
            "검색코드":13361,
            "세대수":460.0,
            "준공년월":"1992-01-27",
            "준공년차":31.0,
            "가까운역이름":"NA",
            "가까운역거리":"NA",
            "역세권여부":"NA",
            "30분이내주요거점역":"NA",
            "1시간이내주요거점역":"NA",
            "3km이내백화점수":0,
            "5km이내아울렛몰수":0,
            "1km이내대형먀트수":0,
            "500m이내은행수":0,
            "500m이내병원수":18,
            "5km이내대형병원수":2,
            "500m이내공원수":5,
            "3km이내혐오시설수":0,
            "초등학교학업성취도":72.85,
            "중학교학업성취도":78.2,
            "용적률":0,
            "건폐율":0,
            "Y":35.31554,
            "X":129.02921,
            "rank":125.0,
            "area_info":"17평(59.06), 22평(73.43), 26평(88.76), 30평(101.7)",
            "last_sales":"2022-01-03,18000.0,30평(101.7)"
        },
        {
            "index":673,
            "아파트명":"새진흥8차",
            "투자타입":"일반",
            "전용면적(m2)":"74.95",
            "전용면적(평)":"22평",
            "법정동주소":"경상남도 양산시 평산동 46-1",
            "도로명주소":"경상남도 양산시 신명2길 16-33",
            "세대수":50,
            "입주년차":0,
            "용적률점수":"--",
            "건폐율점수":"--",
            "세대당주차수":0,
            "난방방식":30,
            "공급면적":"--",
            "전용률":"--",
            "욕실수":50,
            "현관타입":100,
            "주거총점":35.5,
            "지역구공급총점":0.0,
            "역세권":"NA",
            "30분내 이동가능 거점":"NA",
            "1시간내 이동가능 거점":"NA",
            "교통총점":"NA",
            "백화점":0,
            "아울렛몰":0,
            "대형마트":0,
            "은행":0,
            "병원":0,
            "종합병원":80,
            "공원":0,
            "혐오시설":0,
            "인프라총점":16.0,
            "초등학군":89.7,
            "중학군":41.14,
            "학군총점":50.852,
            "인구수":39.49,
            "인구증감":4.74,
            "인구총점":29.065,
            "일자리":17.9,
            "소득수준":61.39,
            "일자리총점":30.947,
            "가치 총점":31.538,
            "매매실거래년":20220108.0,
            "매매실거래가":5500.0,
            "전세실거래년":20211030.0,
            "전세실거래가":5000.0,
            "전세가율":90.91,
            "장기전세가율평균":69.78,
            "전세가율거품지수":-21.13,
            "검색코드":7122,
            "세대수":420.0,
            "준공년월":"1993-01-21",
            "준공년차":30.0,
            "가까운역이름":"NA",
            "가까운역거리":"NA",
            "역세권여부":"NA",
            "30분이내주요거점역":"NA",
            "1시간이내주요거점역":"NA",
            "3km이내백화점수":0,
            "5km이내아울렛몰수":0,
            "1km이내대형먀트수":0,
            "500m이내은행수":0,
            "500m이내병원수":1,
            "5km이내대형병원수":1,
            "500m이내공원수":0,
            "3km이내혐오시설수":0,
            "초등학교학업성취도":89.7,
            "중학교학업성취도":67.5,
            "용적률":0,
            "건폐율":0,
            "Y":35.386148,
            "X":129.150405,
            "rank":126.0,
            "area_info":"22평(74.95), 25평(84.72), 30평(101.87)",
            "last_sales":"2022-01-08,5500.0,22평(74.95)"
        },
        {
            "index":374,
            "아파트명":"현대1차",
            "투자타입":"일반",
            "전용면적(m2)":"71.54",
            "전용면적(평)":"21평",
            "법정동주소":"경상남도 양산시 물금읍 범어리 682-1",
            "도로명주소":"경상남도 양산시 오봉로 180",
            "세대수":50,
            "입주년차":0,
            "용적률점수":"--",
            "건폐율점수":"--",
            "세대당주차수":0,
            "난방방식":30,
            "공급면적":"--",
            "전용률":"--",
            "욕실수":50,
            "현관타입":10,
            "주거총점":26.5,
            "지역구공급총점":0.0,
            "역세권":"NA",
            "30분내 이동가능 거점":"NA",
            "1시간내 이동가능 거점":"NA",
            "교통총점":"NA",
            "백화점":0,
            "아울렛몰":0,
            "대형마트":0,
            "은행":0,
            "병원":10,
            "종합병원":100,
            "공원":100,
            "혐오시설":0,
            "인프라총점":24.0,
            "초등학군":87.03,
            "중학군":41.12,
            "학군총점":50.302,
            "인구수":39.49,
            "인구증감":4.74,
            "인구총점":29.065,
            "일자리":17.9,
            "소득수준":61.39,
            "일자리총점":30.947,
            "가치 총점":31.4505,
            "매매실거래년":20211219.0,
            "매매실거래가":12600.0,
            "전세실거래년":20220111.0,
            "전세실거래가":7000.0,
            "전세가율":55.56,
            "장기전세가율평균":69.78,
            "전세가율거품지수":14.22,
            "검색코드":6996,
            "세대수":509.0,
            "준공년월":"1996-03-20",
            "준공년차":27.0,
            "가까운역이름":"NA",
            "가까운역거리":"NA",
            "역세권여부":"NA",
            "30분이내주요거점역":"NA",
            "1시간이내주요거점역":"NA",
            "3km이내백화점수":0,
            "5km이내아울렛몰수":0,
            "1km이내대형먀트수":0,
            "500m이내은행수":0,
            "500m이내병원수":4,
            "5km이내대형병원수":2,
            "500m이내공원수":5,
            "3km이내혐오시설수":0,
            "초등학교학업성취도":87.03,
            "중학교학업성취도":68.2,
            "용적률":225,
            "건폐율":21,
            "Y":35.334073,
            "X":129.006419,
            "rank":127.0,
            "area_info":"21평(71.54), 21평(71.23), 26평(88.34), 30평(99.9)",
            "last_sales":"2021-12-19,12600.0,21평(71.54)"
        },
        {
            "index":88,
            "아파트명":"웅상프라자",
            "투자타입":"일반",
            "전용면적(m2)":"41.91",
            "전용면적(평)":"12평",
            "법정동주소":"경상남도 양산시 덕계동 718-45",
            "도로명주소":"경상남도 양산시 덕계로 105",
            "세대수":0,
            "입주년차":0,
            "용적률점수":"--",
            "건폐율점수":"--",
            "세대당주차수":0,
            "난방방식":30,
            "공급면적":"--",
            "전용률":"--",
            "욕실수":50,
            "현관타입":10,
            "주거총점":9.0,
            "지역구공급총점":0.0,
            "역세권":"NA",
            "30분내 이동가능 거점":"NA",
            "1시간내 이동가능 거점":"NA",
            "교통총점":"NA",
            "백화점":0,
            "아울렛몰":0,
            "대형마트":80,
            "은행":20,
            "병원":80,
            "종합병원":80,
            "공원":0,
            "혐오시설":0,
            "인프라총점":38.0,
            "초등학군":96.39,
            "중학군":41.14,
            "학군총점":52.19,
            "인구수":39.49,
            "인구증감":4.74,
            "인구총점":29.065,
            "일자리":17.9,
            "소득수준":61.39,
            "일자리총점":30.947,
            "가치 총점":31.3975,
            "매매실거래년":20210926.0,
            "매매실거래가":8700.0,
            "전세실거래년":null,
            "전세실거래가":null,
            "전세가율":null,
            "장기전세가율평균":69.78,
            "전세가율거품지수":null,
            "검색코드":15632,
            "세대수":121.0,
            "준공년월":"1997-02-04",
            "준공년차":26.0,
            "가까운역이름":"NA",
            "가까운역거리":"NA",
            "역세권여부":"NA",
            "30분이내주요거점역":"NA",
            "1시간이내주요거점역":"NA",
            "3km이내백화점수":0,
            "5km이내아울렛몰수":0,
            "1km이내대형먀트수":1,
            "500m이내은행수":2,
            "500m이내병원수":31,
            "5km이내대형병원수":1,
            "500m이내공원수":0,
            "3km이내혐오시설수":0,
            "초등학교학업성취도":96.39,
            "중학교학업성취도":67.5,
            "용적률":56,
            "건폐율":56,
            "Y":35.377025,
            "X":129.153445,
            "rank":128.0,
            "area_info":"12평(41.91), 23평(77.46), 33평(109.94), 33평(110.66)",
            "last_sales":"2021-09-26,8700.0,33평(110.66)"
        },
        {
            "index":416,
            "아파트명":"북정대동빌라트",
            "투자타입":"일반",
            "전용면적(m2)":"90.73",
            "전용면적(평)":"27평",
            "법정동주소":"경상남도 양산시 북정동 436",
            "도로명주소":"경상남도 양산시 북정로 118",
            "세대수":30,
            "입주년차":0,
            "용적률점수":"--",
            "건폐율점수":"--",
            "세대당주차수":30,
            "난방방식":30,
            "공급면적":"--",
            "전용률":"--",
            "욕실수":50,
            "현관타입":100,
            "주거총점":33.0,
            "지역구공급총점":0.0,
            "역세권":"NA",
            "30분내 이동가능 거점":"NA",
            "1시간내 이동가능 거점":"NA",
            "교통총점":"NA",
            "백화점":0,
            "아울렛몰":0,
            "대형마트":0,
            "은행":0,
            "병원":30,
            "종합병원":80,
            "공원":100,
            "혐오시설":0,
            "인프라총점":22.0,
            "초등학군":87.96,
            "중학군":31.92,
            "학군총점":43.128,
            "인구수":39.49,
            "인구증감":4.74,
            "인구총점":29.065,
            "일자리":17.9,
            "소득수준":61.39,
            "일자리총점":30.947,
            "가치 총점":31.132,
            "매매실거래년":20211220.0,
            "매매실거래가":20000.0,
            "전세실거래년":20210919.0,
            "전세실거래가":8500.0,
            "전세가율":62.96,
            "장기전세가율평균":69.78,
            "전세가율거품지수":6.82,
            "검색코드":7013,
            "세대수":368.0,
            "준공년월":"1998-09-24",
            "준공년차":25.0,
            "가까운역이름":"NA",
            "가까운역거리":"NA",
            "역세권여부":"NA",
            "30분이내주요거점역":"NA",
            "1시간이내주요거점역":"NA",
            "3km이내백화점수":0,
            "5km이내아울렛몰수":0,
            "1km이내대형먀트수":0,
            "500m이내은행수":0,
            "500m이내병원수":5,
            "5km이내대형병원수":1,
            "500m이내공원수":4,
            "3km이내혐오시설수":0,
            "초등학교학업성취도":87.96,
            "중학교학업성취도":53.2,
            "용적률":189,
            "건폐율":13,
            "Y":35.362596,
            "X":129.051425,
            "rank":129.0,
            "area_info":"27평(90.73), 33평(109.56), 36평(121.82), 43평(145.39)",
            "last_sales":"2021-12-20,20000.0,43평(145.39)"
        },
        {
            "index":550,
            "아파트명":"삼성파크빌",
            "투자타입":"일반",
            "전용면적(m2)":"75.72",
            "전용면적(평)":"22평",
            "법정동주소":"경상남도 양산시 어곡동 8-1",
            "도로명주소":"경상남도 양산시 두전길 42",
            "세대수":50,
            "입주년차":20,
            "용적률점수":"--",
            "건폐율점수":"--",
            "세대당주차수":0,
            "난방방식":30,
            "공급면적":"--",
            "전용률":"--",
            "욕실수":50,
            "현관타입":100,
            "주거총점":39.5,
            "지역구공급총점":0.0,
            "역세권":"NA",
            "30분내 이동가능 거점":"NA",
            "1시간내 이동가능 거점":"NA",
            "교통총점":"NA",
            "백화점":0,
            "아울렛몰":0,
            "대형마트":0,
            "은행":0,
            "병원":0,
            "종합병원":80,
            "공원":0,
            "혐오시설":0,
            "인프라총점":16.0,
            "초등학군":86.77,
            "중학군":31.92,
            "학군총점":42.89,
            "인구수":39.49,
            "인구증감":4.74,
            "인구총점":29.065,
            "일자리":17.9,
            "소득수준":61.39,
            "일자리총점":30.947,
            "가치 총점":30.9475,
            "매매실거래년":20210928.0,
            "매매실거래가":6300.0,
            "전세실거래년":20200812.0,
            "전세실거래가":5000.0,
            "전세가율":79.37,
            "장기전세가율평균":69.78,
            "전세가율거품지수":-9.59,
            "검색코드":16695,
            "세대수":625.0,
            "준공년월":"2001-11-08",
            "준공년차":22.0,
            "가까운역이름":"NA",
            "가까운역거리":"NA",
            "역세권여부":"NA",
            "30분이내주요거점역":"NA",
            "1시간이내주요거점역":"NA",
            "3km이내백화점수":0,
            "5km이내아울렛몰수":0,
            "1km이내대형먀트수":0,
            "500m이내은행수":0,
            "500m이내병원수":1,
            "5km이내대형병원수":1,
            "500m이내공원수":0,
            "3km이내혐오시설수":0,
            "초등학교학업성취도":86.77,
            "중학교학업성취도":53.2,
            "용적률":295,
            "건폐율":20,
            "Y":35.381843,
            "X":129.028111,
            "rank":130.0,
            "area_info":"22평(75.72)",
            "last_sales":"2021-09-28,6300.0,22평(75.72)"
        },
        {
            "index":471,
            "아파트명":"새진흥(석계리)",
            "투자타입":"재건축",
            "전용면적(m2)":"49.32",
            "전용면적(평)":"14평",
            "법정동주소":"경상남도 양산시 상북면 석계리 179-1",
            "도로명주소":"경상남도 양산시 반회서3길 28",
            "세대수":0,
            "입주년차":"--",
            "용적률점수":80,
            "건폐율점수":40,
            "세대당주차수":"--",
            "난방방식":"--",
            "공급면적":50,
            "전용률":80,
            "욕실수":"--",
            "현관타입":"--",
            "주거총점":46.5,
            "지역구공급총점":0.0,
            "역세권":"NA",
            "30분내 이동가능 거점":"NA",
            "1시간내 이동가능 거점":"NA",
            "교통총점":"NA",
            "백화점":0,
            "아울렛몰":0,
            "대형마트":0,
            "은행":0,
            "병원":10,
            "종합병원":0,
            "공원":100,
            "혐오시설":0,
            "인프라총점":4.0,
            "초등학군":87.93,
            "중학군":43.02,
            "학군총점":52.002,
            "인구수":39.49,
            "인구증감":4.74,
            "인구총점":29.065,
            "일자리":17.9,
            "소득수준":61.39,
            "일자리총점":30.947,
            "가치 총점":30.8755,
            "매매실거래년":20211228.0,
            "매매실거래가":4400.0,
            "전세실거래년":20210413.0,
            "전세실거래가":3800.0,
            "전세가율":86.36,
            "장기전세가율평균":69.78,
            "전세가율거품지수":-16.58,
            "검색코드":16673,
            "세대수":138.0,
            "준공년월":"1989-04-27",
            "준공년차":34.0,
            "가까운역이름":"NA",
            "가까운역거리":"NA",
            "역세권여부":"NA",
            "30분이내주요거점역":"NA",
            "1시간이내주요거점역":"NA",
            "3km이내백화점수":0,
            "5km이내아울렛몰수":0,
            "1km이내대형먀트수":0,
            "500m이내은행수":0,
            "500m이내병원수":4,
            "5km이내대형병원수":0,
            "500m이내공원수":2,
            "3km이내혐오시설수":0,
            "초등학교학업성취도":87.93,
            "중학교학업성취도":70.9,
            "용적률":163,
            "건폐율":37,
            "Y":35.413266,
            "X":129.057104,
            "rank":131.0,
            "area_info":"14평(49.32), 17평(56.79), 18평(60.52), 18평(61.29)",
            "last_sales":"2021-12-28,4400.0,14평(49.32)"
        },
        {
            "index":10,
            "아파트명":"창조",
            "투자타입":"재건축",
            "전용면적(m2)":"102.03",
            "전용면적(평)":"30평",
            "법정동주소":"경상남도 양산시 교동 241-6",
            "도로명주소":"경상남도 양산시 회현1길 6",
            "세대수":0,
            "입주년차":"--",
            "용적률점수":0,
            "건폐율점수":0,
            "세대당주차수":"--",
            "난방방식":"--",
            "공급면적":90,
            "전용률":80,
            "욕실수":"--",
            "현관타입":"--",
            "주거총점":8.5,
            "지역구공급총점":0.0,
            "역세권":"NA",
            "30분내 이동가능 거점":"NA",
            "1시간내 이동가능 거점":"NA",
            "교통총점":"NA",
            "백화점":0,
            "아울렛몰":0,
            "대형마트":80,
            "은행":0,
            "병원":0,
            "종합병원":100,
            "공원":80,
            "혐오시설":0,
            "인프라총점":34.4,
            "초등학군":90.52,
            "중학군":46.02,
            "학군총점":54.92,
            "인구수":39.49,
            "인구증감":4.74,
            "인구총점":29.065,
            "일자리":17.9,
            "소득수준":61.39,
            "일자리총점":30.947,
            "가치 총점":30.465,
            "매매실거래년":20211018.0,
            "매매실거래가":15800.0,
            "전세실거래년":20210622.0,
            "전세실거래가":12000.0,
            "전세가율":75.95,
            "장기전세가율평균":69.78,
            "전세가율거품지수":-6.17,
            "검색코드":12829,
            "세대수":150.0,
            "준공년월":"1991-03-11",
            "준공년차":32.0,
            "가까운역이름":"NA",
            "가까운역거리":"NA",
            "역세권여부":"NA",
            "30분이내주요거점역":"NA",
            "1시간이내주요거점역":"NA",
            "3km이내백화점수":0,
            "5km이내아울렛몰수":0,
            "1km이내대형먀트수":1,
            "500m이내은행수":0,
            "500m이내병원수":0,
            "5km이내대형병원수":2,
            "500m이내공원수":1,
            "3km이내혐오시설수":0,
            "초등학교학업성취도":90.52,
            "중학교학업성취도":76.3,
            "용적률":0,
            "건폐율":0,
            "Y":35.34345,
            "X":129.02614,
            "rank":132.0,
            "area_info":"30평(102.03), 42평(140.84)",
            "last_sales":"2021-10-18,15800.0,30평(102.03)"
        },
        {
            "index":461,
            "아파트명":"대우마리나",
            "투자타입":"일반",
            "전용면적(m2)":"78.21",
            "전용면적(평)":"23평",
            "법정동주소":"경상남도 양산시 상북면 소토리 908",
            "도로명주소":"경상남도 양산시 감결길 17",
            "세대수":50,
            "입주년차":0,
            "용적률점수":"--",
            "건폐율점수":"--",
            "세대당주차수":0,
            "난방방식":30,
            "공급면적":"--",
            "전용률":"--",
            "욕실수":50,
            "현관타입":100,
            "주거총점":35.5,
            "지역구공급총점":0.0,
            "역세권":"NA",
            "30분내 이동가능 거점":"NA",
            "1시간내 이동가능 거점":"NA",
            "교통총점":"NA",
            "백화점":0,
            "아울렛몰":0,
            "대형마트":0,
            "은행":0,
            "병원":0,
            "종합병원":80,
            "공원":0,
            "혐오시설":0,
            "인프라총점":16.0,
            "초등학군":84.0,
            "중학군":31.92,
            "학군총점":42.336,
            "인구수":39.49,
            "인구증감":4.74,
            "인구총점":29.065,
            "일자리":17.9,
            "소득수준":61.39,
            "일자리총점":30.947,
            "가치 총점":29.409,
            "매매실거래년":20220113.0,
            "매매실거래가":10400.0,
            "전세실거래년":20211130.0,
            "전세실거래가":7500.0,
            "전세가율":93.75,
            "장기전세가율평균":69.78,
            "전세가율거품지수":-23.97,
            "검색코드":7021,
            "세대수":622.0,
            "준공년월":"1994-11-29",
            "준공년차":29.0,
            "가까운역이름":"NA",
            "가까운역거리":"NA",
            "역세권여부":"NA",
            "30분이내주요거점역":"NA",
            "1시간이내주요거점역":"NA",
            "3km이내백화점수":0,
            "5km이내아울렛몰수":0,
            "1km이내대형먀트수":0,
            "500m이내은행수":0,
            "500m이내병원수":0,
            "5km이내대형병원수":1,
            "500m이내공원수":0,
            "3km이내혐오시설수":0,
            "초등학교학업성취도":84.0,
            "중학교학업성취도":53.2,
            "용적률":324,
            "건폐율":20,
            "Y":35.388328,
            "X":129.048567,
            "rank":133.0,
            "area_info":"23평(78.21), 30평(99.78), 31평(104.61), 42평(139.17), 48평(161.09)",
            "last_sales":"2022-01-13,10400.0,31평(104.61)"
        },
        {
            "index":650,
            "아파트명":"대우월드피아",
            "투자타입":"일반",
            "전용면적(m2)":"57.19",
            "전용면적(평)":"17평",
            "법정동주소":"경상남도 양산시 평산동 76-2",
            "도로명주소":"경상남도 양산시 평산중앙로 46",
            "세대수":0,
            "입주년차":80,
            "용적률점수":"--",
            "건폐율점수":"--",
            "세대당주차수":0,
            "난방방식":30,
            "공급면적":"--",
            "전용률":"--",
            "욕실수":50,
            "현관타입":10,
            "주거총점":25.0,
            "지역구공급총점":0.0,
            "역세권":"NA",
            "30분내 이동가능 거점":"NA",
            "1시간내 이동가능 거점":"NA",
            "교통총점":"NA",
            "백화점":0,
            "아울렛몰":0,
            "대형마트":0,
            "은행":0,
            "병원":30,
            "종합병원":80,
            "공원":0,
            "혐오시설":0,
            "인프라총점":19.0,
            "초등학군":89.7,
            "중학군":41.14,
            "학군총점":50.852,
            "인구수":39.49,
            "인구증감":4.74,
            "인구총점":29.065,
            "일자리":17.9,
            "소득수준":61.39,
            "일자리총점":30.947,
            "가치 총점":29.063,
            "매매실거래년":20200828.0,
            "매매실거래가":8700.0,
            "전세실거래년":20220103.0,
            "전세실거래가":5500.0,
            "전세가율":63.58,
            "장기전세가율평균":69.78,
            "전세가율거품지수":6.2,
            "검색코드":115667,
            "세대수":120.0,
            "준공년월":"2014-09-05",
            "준공년차":9.0,
            "가까운역이름":"NA",
            "가까운역거리":"NA",
            "역세권여부":"NA",
            "30분이내주요거점역":"NA",
            "1시간이내주요거점역":"NA",
            "3km이내백화점수":0,
            "5km이내아울렛몰수":0,
            "1km이내대형먀트수":0,
            "500m이내은행수":0,
            "500m이내병원수":7,
            "5km이내대형병원수":1,
            "500m이내공원수":0,
            "3km이내혐오시설수":0,
            "초등학교학업성취도":89.7,
            "중학교학업성취도":67.5,
            "용적률":849,
            "건폐율":72,
            "Y":35.383297,
            "X":129.152317,
            "rank":134.0,
            "area_info":"17평(57.19), 25평(83.02)",
            "last_sales":"2020-08-28,8700.0,25평(83.02)"
        },
        {
            "index":719,
            "아파트명":"장원하이드파크",
            "투자타입":"일반",
            "전용면적(m2)":"37.4",
            "전용면적(평)":"11평",
            "법정동주소":"경상남도 양산시 평산동 83-2",
            "도로명주소":"경상남도 양산시 평산6길 22",
            "세대수":0,
            "입주년차":80,
            "용적률점수":"--",
            "건폐율점수":"--",
            "세대당주차수":0,
            "난방방식":30,
            "공급면적":"--",
            "전용률":"--",
            "욕실수":50,
            "현관타입":10,
            "주거총점":25.0,
            "지역구공급총점":0.0,
            "역세권":"NA",
            "30분내 이동가능 거점":"NA",
            "1시간내 이동가능 거점":"NA",
            "교통총점":"NA",
            "백화점":0,
            "아울렛몰":0,
            "대형마트":0,
            "은행":0,
            "병원":30,
            "종합병원":80,
            "공원":0,
            "혐오시설":0,
            "인프라총점":19.0,
            "초등학군":89.7,
            "중학군":41.14,
            "학군총점":50.852,
            "인구수":39.49,
            "인구증감":4.74,
            "인구총점":29.065,
            "일자리":17.9,
            "소득수준":61.39,
            "일자리총점":30.947,
            "가치 총점":29.063,
            "매매실거래년":20211002.0,
            "매매실거래가":9900.0,
            "전세실거래년":null,
            "전세실거래가":null,
            "전세가율":null,
            "장기전세가율평균":69.78,
            "전세가율거품지수":null,
            "검색코드":117400,
            "세대수":136.0,
            "준공년월":"2015-10-27",
            "준공년차":8.0,
            "가까운역이름":"NA",
            "가까운역거리":"NA",
            "역세권여부":"NA",
            "30분이내주요거점역":"NA",
            "1시간이내주요거점역":"NA",
            "3km이내백화점수":0,
            "5km이내아울렛몰수":0,
            "1km이내대형먀트수":0,
            "500m이내은행수":1,
            "500m이내병원수":7,
            "5km이내대형병원수":1,
            "500m이내공원수":0,
            "3km이내혐오시설수":0,
            "초등학교학업성취도":89.7,
            "중학교학업성취도":67.5,
            "용적률":677,
            "건폐율":65,
            "Y":35.383512,
            "X":129.151461,
            "rank":134.0,
            "area_info":"11평(37.4), 14평(48.37), 17평(56.49), 22평(73.09), 22평(74.5), 23평(77.09), 29평(96.84), 32평(106.92), 32평(106.11)",
            "last_sales":"2021-10-02,9900.0,23평(77.09)"
        },
        {
            "index":205,
            "아파트명":"성원",
            "투자타입":"일반",
            "전용면적(m2)":"67.52",
            "전용면적(평)":"20평",
            "법정동주소":"경상남도 양산시 물금읍 범어리 502-4",
            "도로명주소":"경상남도 양산시 오봉로 179",
            "세대수":30,
            "입주년차":0,
            "용적률점수":"--",
            "건폐율점수":"--",
            "세대당주차수":0,
            "난방방식":30,
            "공급면적":"--",
            "전용률":"--",
            "욕실수":50,
            "현관타입":10,
            "주거총점":19.5,
            "지역구공급총점":0.0,
            "역세권":"NA",
            "30분내 이동가능 거점":"NA",
            "1시간내 이동가능 거점":"NA",
            "교통총점":"NA",
            "백화점":0,
            "아울렛몰":0,
            "대형마트":0,
            "은행":0,
            "병원":10,
            "종합병원":100,
            "공원":100,
            "혐오시설":0,
            "인프라총점":24.0,
            "초등학군":87.03,
            "중학군":41.12,
            "학군총점":50.302,
            "인구수":39.49,
            "인구증감":4.74,
            "인구총점":29.065,
            "일자리":17.9,
            "소득수준":61.39,
            "일자리총점":30.947,
            "가치 총점":29.0005,
            "매매실거래년":20211120.0,
            "매매실거래가":8500.0,
            "전세실거래년":20211210.0,
            "전세실거래가":8000.0,
            "전세가율":94.12,
            "장기전세가율평균":69.78,
            "전세가율거품지수":-24.34,
            "검색코드":10803,
            "세대수":314.0,
            "준공년월":"1996-05-13",
            "준공년차":27.0,
            "가까운역이름":"NA",
            "가까운역거리":"NA",
            "역세권여부":"NA",
            "30분이내주요거점역":"NA",
            "1시간이내주요거점역":"NA",
            "3km이내백화점수":0,
            "5km이내아울렛몰수":0,
            "1km이내대형먀트수":0,
            "500m이내은행수":0,
            "500m이내병원수":3,
            "5km이내대형병원수":2,
            "500m이내공원수":4,
            "3km이내혐오시설수":0,
            "초등학교학업성취도":87.03,
            "중학교학업성취도":68.2,
            "용적률":229,
            "건폐율":20,
            "Y":35.334982,
            "X":129.007608,
            "rank":135.0,
            "area_info":"20평(67.52)",
            "last_sales":"2021-11-20,8500.0,20평(67.52)"
        },
        {
            "index":48,
            "아파트명":"덕계경보",
            "투자타입":"재건축",
            "전용면적(m2)":"53.45",
            "전용면적(평)":"16평",
            "법정동주소":"경상남도 양산시 덕계동 1220",
            "도로명주소":"경상남도 양산시 덕계회야길 7",
            "세대수":0,
            "입주년차":"--",
            "용적률점수":0,
            "건폐율점수":0,
            "세대당주차수":"--",
            "난방방식":"--",
            "공급면적":50,
            "전용률":60,
            "욕실수":"--",
            "현관타입":"--",
            "주거총점":5.5,
            "지역구공급총점":0.0,
            "역세권":"NA",
            "30분내 이동가능 거점":"NA",
            "1시간내 이동가능 거점":"NA",
            "교통총점":"NA",
            "백화점":0,
            "아울렛몰":0,
            "대형마트":80,
            "은행":0,
            "병원":30,
            "종합병원":80,
            "공원":0,
            "혐오시설":0,
            "인프라총점":31.0,
            "초등학군":93.95,
            "중학군":48.68,
            "학군총점":57.734,
            "인구수":39.49,
            "인구증감":4.74,
            "인구총점":29.065,
            "일자리":17.9,
            "소득수준":61.39,
            "일자리총점":30.947,
            "가치 총점":28.7585,
            "매매실거래년":20211211.0,
            "매매실거래가":11500.0,
            "전세실거래년":20150109.0,
            "전세실거래가":2800.0,
            "전세가율":70.0,
            "장기전세가율평균":69.78,
            "전세가율거품지수":-0.22,
            "검색코드":7046,
            "세대수":227.0,
            "준공년월":"1992-03-26",
            "준공년차":31.0,
            "가까운역이름":"NA",
            "가까운역거리":"NA",
            "역세권여부":"NA",
            "30분이내주요거점역":"NA",
            "1시간이내주요거점역":"NA",
            "3km이내백화점수":0,
            "5km이내아울렛몰수":0,
            "1km이내대형먀트수":1,
            "500m이내은행수":0,
            "500m이내병원수":5,
            "5km이내대형병원수":1,
            "500m이내공원수":0,
            "3km이내혐오시설수":0,
            "초등학교학업성취도":93.95,
            "중학교학업성취도":80.8,
            "용적률":0,
            "건폐율":0,
            "Y":35.370027,
            "X":129.143309,
            "rank":136.0,
            "area_info":"16평(53.45), 23평(78.91), 27평(90.08), 27평(91.89), 29평(98.03), 31평(102.72), 31평(103.01)",
            "last_sales":"2021-12-11,11500.0,31평(102.72)"
        },
        {
            "index":177,
            "아파트명":"경민",
            "투자타입":"일반",
            "전용면적(m2)":"77.98",
            "전용면적(평)":"23평",
            "법정동주소":"경상남도 양산시 물금읍 범어리 682-3",
            "도로명주소":"경상남도 양산시 황산로 707",
            "세대수":0,
            "입주년차":0,
            "용적률점수":"--",
            "건폐율점수":"--",
            "세대당주차수":0,
            "난방방식":30,
            "공급면적":"--",
            "전용률":"--",
            "욕실수":50,
            "현관타입":100,
            "주거총점":18.0,
            "지역구공급총점":0.0,
            "역세권":"NA",
            "30분내 이동가능 거점":"NA",
            "1시간내 이동가능 거점":"NA",
            "교통총점":"NA",
            "백화점":0,
            "아울렛몰":0,
            "대형마트":0,
            "은행":0,
            "병원":10,
            "종합병원":100,
            "공원":100,
            "혐오시설":0,
            "인프라총점":24.0,
            "초등학군":88.38,
            "중학군":41.12,
            "학군총점":50.572,
            "인구수":39.49,
            "인구증감":4.74,
            "인구총점":29.065,
            "일자리":17.9,
            "소득수준":61.39,
            "일자리총점":30.947,
            "가치 총점":28.543,
            "매매실거래년":20211025.0,
            "매매실거래가":18800.0,
            "전세실거래년":20211129.0,
            "전세실거래가":12000.0,
            "전세가율":86.33,
            "장기전세가율평균":69.78,
            "전세가율거품지수":-16.55,
            "검색코드":6984,
            "세대수":210.0,
            "준공년월":"1994-10-31",
            "준공년차":29.0,
            "가까운역이름":"NA",
            "가까운역거리":"NA",
            "역세권여부":"NA",
            "30분이내주요거점역":"NA",
            "1시간이내주요거점역":"NA",
            "3km이내백화점수":0,
            "5km이내아울렛몰수":0,
            "1km이내대형먀트수":0,
            "500m이내은행수":0,
            "500m이내병원수":4,
            "5km이내대형병원수":2,
            "500m이내공원수":5,
            "3km이내혐오시설수":0,
            "초등학교학업성취도":88.38,
            "중학교학업성취도":68.2,
            "용적률":224,
            "건폐율":19,
            "Y":35.33301,
            "X":129.00893,
            "rank":137.0,
            "area_info":"23평(77.98), 30평(100.55)",
            "last_sales":"2021-10-25,18800.0,30평(100.55)"
        },
        {
            "index":741,
            "아파트명":"협진태양",
            "투자타입":"일반",
            "전용면적(m2)":"71.55",
            "전용면적(평)":"21평",
            "법정동주소":"경상남도 양산시 하북면 순지리 166-13",
            "도로명주소":"경상남도 양산시 통도사로 5",
            "세대수":0,
            "입주년차":20,
            "용적률점수":"--",
            "건폐율점수":"--",
            "세대당주차수":0,
            "난방방식":30,
            "공급면적":"--",
            "전용률":"--",
            "욕실수":50,
            "현관타입":100,
            "주거총점":22.0,
            "지역구공급총점":0.0,
            "역세권":"NA",
            "30분내 이동가능 거점":"NA",
            "1시간내 이동가능 거점":"NA",
            "교통총점":"NA",
            "백화점":0,
            "아울렛몰":0,
            "대형마트":100,
            "은행":0,
            "병원":10,
            "종합병원":0,
            "공원":100,
            "혐오시설":0,
            "인프라총점":19.0,
            "초등학군":96.45,
            "중학군":41.36,
            "학군총점":52.378,
            "인구수":39.49,
            "인구증감":4.74,
            "인구총점":29.065,
            "일자리":17.9,
            "소득수준":61.39,
            "일자리총점":30.947,
            "가치 총점":28.3945,
            "매매실거래년":20210927.0,
            "매매실거래가":10400.0,
            "전세실거래년":20210412.0,
            "전세실거래가":8500.0,
            "전세가율":81.73,
            "장기전세가율평균":69.78,
            "전세가율거품지수":-11.95,
            "검색코드":26498,
            "세대수":197.0,
            "준공년월":"2000-03-21",
            "준공년차":23.0,
            "가까운역이름":"NA",
            "가까운역거리":"NA",
            "역세권여부":"NA",
            "30분이내주요거점역":"NA",
            "1시간이내주요거점역":"NA",
            "3km이내백화점수":0,
            "5km이내아울렛몰수":0,
            "1km이내대형먀트수":2,
            "500m이내은행수":0,
            "500m이내병원수":3,
            "5km이내대형병원수":0,
            "500m이내공원수":2,
            "3km이내혐오시설수":0,
            "초등학교학업성취도":96.45,
            "중학교학업성취도":68.2,
            "용적률":295,
            "건폐율":27,
            "Y":35.491791,
            "X":129.089552,
            "rank":138.0,
            "area_info":"21평(71.55), 25평(84.25), 25평(84.83)",
            "last_sales":"2021-09-27,10400.0,21평(71.55)"
        },
        {
            "index":490,
            "아파트명":"일양하이츠타운",
            "투자타입":"재건축",
            "전용면적(m2)":"80.53",
            "전용면적(평)":"24평",
            "법정동주소":"경상남도 양산시 상북면 대석리 665",
            "도로명주소":"경상남도 양산시 공암길 26",
            "세대수":0,
            "입주년차":"--",
            "용적률점수":0,
            "건폐율점수":80,
            "세대당주차수":"--",
            "난방방식":"--",
            "공급면적":50,
            "전용률":60,
            "욕실수":"--",
            "현관타입":"--",
            "주거총점":21.5,
            "지역구공급총점":0.0,
            "역세권":"NA",
            "30분내 이동가능 거점":"NA",
            "1시간내 이동가능 거점":"NA",
            "교통총점":"NA",
            "백화점":0,
            "아울렛몰":0,
            "대형마트":0,
            "은행":0,
            "병원":0,
            "종합병원":80,
            "공원":80,
            "혐오시설":0,
            "인프라총점":18.4,
            "초등학군":84.0,
            "중학군":43.02,
            "학군총점":51.216,
            "인구수":39.49,
            "인구증감":4.74,
            "인구총점":29.065,
            "일자리":17.9,
            "소득수준":61.39,
            "일자리총점":30.947,
            "가치 총점":27.689,
            "매매실거래년":20211020.0,
            "매매실거래가":7500.0,
            "전세실거래년":20210714.0,
            "전세실거래가":4500.0,
            "전세가율":60.0,
            "장기전세가율평균":69.78,
            "전세가율거품지수":9.78,
            "검색코드":7024,
            "세대수":296.0,
            "준공년월":"1992-08-03",
            "준공년차":31.0,
            "가까운역이름":"NA",
            "가까운역거리":"NA",
            "역세권여부":"NA",
            "30분이내주요거점역":"NA",
            "1시간이내주요거점역":"NA",
            "3km이내백화점수":0,
            "5km이내아울렛몰수":0,
            "1km이내대형먀트수":0,
            "500m이내은행수":0,
            "500m이내병원수":1,
            "5km이내대형병원수":1,
            "500m이내공원수":1,
            "3km이내혐오시설수":0,
            "초등학교학업성취도":84.0,
            "중학교학업성취도":70.9,
            "용적률":230,
            "건폐율":24,
            "Y":35.394667,
            "X":129.053437,
            "rank":139.0,
            "area_info":"24평(80.53), 25평(85.56), 28평(93.49), 30평(101.79)",
            "last_sales":"2021-10-20,7500.0,24평(80.53)"
        },
        {
            "index":668,
            "아파트명":"새진흥7차",
            "투자타입":"재건축",
            "전용면적(m2)":"69.1",
            "전용면적(평)":"20평",
            "법정동주소":"경상남도 양산시 평산동 51-5",
            "도로명주소":"경상남도 양산시 평산중앙4길 20",
            "세대수":50,
            "입주년차":"--",
            "용적률점수":0,
            "건폐율점수":0,
            "세대당주차수":"--",
            "난방방식":"--",
            "공급면적":50,
            "전용률":60,
            "욕실수":"--",
            "현관타입":"--",
            "주거총점":20.5,
            "지역구공급총점":0.0,
            "역세권":"NA",
            "30분내 이동가능 거점":"NA",
            "1시간내 이동가능 거점":"NA",
            "교통총점":"NA",
            "백화점":0,
            "아울렛몰":0,
            "대형마트":0,
            "은행":0,
            "병원":30,
            "종합병원":80,
            "공원":0,
            "혐오시설":0,
            "인프라총점":19.0,
            "초등학군":89.7,
            "중학군":41.14,
            "학군총점":50.852,
            "인구수":39.49,
            "인구증감":4.74,
            "인구총점":29.065,
            "일자리":17.9,
            "소득수준":61.39,
            "일자리총점":30.947,
            "가치 총점":27.488,
            "매매실거래년":20211214.0,
            "매매실거래가":7700.0,
            "전세실거래년":20211013.0,
            "전세실거래가":6500.0,
            "전세가율":103.17,
            "장기전세가율평균":69.78,
            "전세가율거품지수":-33.39,
            "검색코드":7119,
            "세대수":484.0,
            "준공년월":"1992-08-20",
            "준공년차":31.0,
            "가까운역이름":"NA",
            "가까운역거리":"NA",
            "역세권여부":"NA",
            "30분이내주요거점역":"NA",
            "1시간이내주요거점역":"NA",
            "3km이내백화점수":0,
            "5km이내아울렛몰수":0,
            "1km이내대형먀트수":0,
            "500m이내은행수":0,
            "500m이내병원수":7,
            "5km이내대형병원수":1,
            "500m이내공원수":0,
            "3km이내혐오시설수":0,
            "초등학교학업성취도":89.7,
            "중학교학업성취도":67.5,
            "용적률":0,
            "건폐율":0,
            "Y":35.385041,
            "X":129.151192,
            "rank":140.0,
            "area_info":"20평(69.1), 25평(84.71), 27평(91.03), 30평(101.06), 36평(120.14)",
            "last_sales":"2021-12-14,7700.0,27평(91.03)"
        },
        {
            "index":536,
            "아파트명":"해강",
            "투자타입":"재건축",
            "전용면적(m2)":"60.46",
            "전용면적(평)":"18평",
            "법정동주소":"경상남도 양산시 신기동 242-1",
            "도로명주소":"경상남도 양산시 고향의봄1길 22",
            "세대수":30,
            "입주년차":"--",
            "용적률점수":0,
            "건폐율점수":0,
            "세대당주차수":"--",
            "난방방식":"--",
            "공급면적":50,
            "전용률":80,
            "욕실수":"--",
            "현관타입":"--",
            "주거총점":15.5,
            "지역구공급총점":0.0,
            "역세권":"NA",
            "30분내 이동가능 거점":"NA",
            "1시간내 이동가능 거점":"NA",
            "교통총점":"NA",
            "백화점":0,
            "아울렛몰":0,
            "대형마트":0,
            "은행":0,
            "병원":0,
            "종합병원":100,
            "공원":100,
            "혐오시설":0,
            "인프라총점":23.0,
            "초등학군":88.0,
            "중학군":40.24,
            "학군총점":49.792,
            "인구수":39.49,
            "인구증감":4.74,
            "인구총점":29.065,
            "일자리":17.9,
            "소득수준":61.39,
            "일자리총점":30.947,
            "가치 총점":27.073,
            "매매실거래년":20211126.0,
            "매매실거래가":13800.0,
            "전세실거래년":20201014.0,
            "전세실거래가":3800.0,
            "전세가율":54.29,
            "장기전세가율평균":69.78,
            "전세가율거품지수":15.49,
            "검색코드":7035,
            "세대수":304.0,
            "준공년월":"1989-12-28",
            "준공년차":34.0,
            "가까운역이름":"NA",
            "가까운역거리":"NA",
            "역세권여부":"NA",
            "30분이내주요거점역":"NA",
            "1시간이내주요거점역":"NA",
            "3km이내백화점수":0,
            "5km이내아울렛몰수":0,
            "1km이내대형먀트수":0,
            "500m이내은행수":0,
            "500m이내병원수":0,
            "5km이내대형병원수":2,
            "500m이내공원수":2,
            "3km이내혐오시설수":0,
            "초등학교학업성취도":88.0,
            "중학교학업성취도":66.8,
            "용적률":0,
            "건폐율":0,
            "Y":35.35237,
            "X":129.047827,
            "rank":141.0,
            "area_info":"18평(60.46), 19평(63.97), 24평(80.84), 24평(81.76), 27평(89.36), 27평(90.1), 27평(90.09), 28평(93.05), 30평(99.99), 30평(100.38), 35평(118.31)",
            "last_sales":"2021-11-26,13800.0,35평(118.31)"
        },
        {
            "index":427,
            "아파트명":"양산북정대동1차",
            "투자타입":"일반",
            "전용면적(m2)":"65.59",
            "전용면적(평)":"19평",
            "법정동주소":"경상남도 양산시 북정동 434",
            "도로명주소":"경상남도 양산시 북정중앙로 62",
            "세대수":30,
            "입주년차":0,
            "용적률점수":"--",
            "건폐율점수":"--",
            "세대당주차수":0,
            "난방방식":30,
            "공급면적":"--",
            "전용률":"--",
            "욕실수":50,
            "현관타입":10,
            "주거총점":19.5,
            "지역구공급총점":0.0,
            "역세권":"NA",
            "30분내 이동가능 거점":"NA",
            "1시간내 이동가능 거점":"NA",
            "교통총점":"NA",
            "백화점":0,
            "아울렛몰":0,
            "대형마트":0,
            "은행":0,
            "병원":30,
            "종합병원":80,
            "공원":100,
            "혐오시설":0,
            "인프라총점":22.0,
            "초등학군":87.96,
            "중학군":31.92,
            "학군총점":43.128,
            "인구수":39.49,
            "인구증감":4.74,
            "인구총점":29.065,
            "일자리":17.9,
            "소득수준":61.39,
            "일자리총점":30.947,
            "가치 총점":26.407,
            "매매실거래년":20220108.0,
            "매매실거래가":7550.0,
            "전세실거래년":20210928.0,
            "전세실거래가":6500.0,
            "전세가율":86.09,
            "장기전세가율평균":69.78,
            "전세가율거품지수":-16.31,
            "검색코드":7008,
            "세대수":396.0,
            "준공년월":"1993-07-26",
            "준공년차":30.0,
            "가까운역이름":"NA",
            "가까운역거리":"NA",
            "역세권여부":"NA",
            "30분이내주요거점역":"NA",
            "1시간이내주요거점역":"NA",
            "3km이내백화점수":0,
            "5km이내아울렛몰수":0,
            "1km이내대형먀트수":0,
            "500m이내은행수":0,
            "500m이내병원수":5,
            "5km이내대형병원수":1,
            "500m이내공원수":3,
            "3km이내혐오시설수":0,
            "초등학교학업성취도":87.96,
            "중학교학업성취도":53.2,
            "용적률":195,
            "건폐율":21,
            "Y":35.363928,
            "X":129.049627,
            "rank":142.0,
            "area_info":"19평(65.59)",
            "last_sales":"2022-01-08,7550.0,19평(65.59)"
        },
        {
            "index":196,
            "아파트명":"삼전무지개",
            "투자타입":"재건축",
            "전용면적(m2)":"65.42",
            "전용면적(평)":"19평",
            "법정동주소":"경상남도 양산시 물금읍 물금리 496",
            "도로명주소":"경상남도 양산시 원동로 59",
            "세대수":0,
            "입주년차":"--",
            "용적률점수":0,
            "건폐율점수":60,
            "세대당주차수":"--",
            "난방방식":"--",
            "공급면적":50,
            "전용률":80,
            "욕실수":"--",
            "현관타입":"--",
            "주거총점":18.5,
            "지역구공급총점":0.0,
            "역세권":"NA",
            "30분내 이동가능 거점":"NA",
            "1시간내 이동가능 거점":"NA",
            "교통총점":"NA",
            "백화점":0,
            "아울렛몰":0,
            "대형마트":0,
            "은행":0,
            "병원":0,
            "종합병원":80,
            "공원":0,
            "혐오시설":0,
            "인프라총점":16.0,
            "초등학군":97.79,
            "중학군":40.86,
            "학군총점":52.246,
            "인구수":39.49,
            "인구증감":4.74,
            "인구총점":29.065,
            "일자리":17.9,
            "소득수준":61.39,
            "일자리총점":30.947,
            "가치 총점":25.9365,
            "매매실거래년":20210428.0,
            "매매실거래가":11500.0,
            "전세실거래년":20140603.0,
            "전세실거래가":4500.0,
            "전세가율":60.0,
            "장기전세가율평균":69.78,
            "전세가율거품지수":9.78,
            "검색코드":10588,
            "세대수":168.0,
            "준공년월":"1992-10-24",
            "준공년차":31.0,
            "가까운역이름":"NA",
            "가까운역거리":"NA",
            "역세권여부":"NA",
            "30분이내주요거점역":"NA",
            "1시간이내주요거점역":"NA",
            "3km이내백화점수":0,
            "5km이내아울렛몰수":0,
            "1km이내대형먀트수":0,
            "500m이내은행수":0,
            "500m이내병원수":1,
            "5km이내대형병원수":1,
            "500m이내공원수":0,
            "3km이내혐오시설수":0,
            "초등학교학업성취도":97.79,
            "중학교학업성취도":67.5,
            "용적률":254,
            "건폐율":31,
            "Y":35.313302,
            "X":128.986049,
            "rank":143.0,
            "area_info":"19평(65.42), 21평(72.57), 23평(79.11), 24평(82.16), 25평(85.66), 27평(90.13), 27평(91.88), 29평(98.49), 30평(102.33)",
            "last_sales":"2021-04-28,11500.0,29평(98.49)"
        },
        {
            "index":428,
            "아파트명":"양산북정대동2차",
            "투자타입":"일반",
            "전용면적(m2)":"93.57",
            "전용면적(평)":"28평",
            "법정동주소":"경상남도 양산시 북정동 563",
            "도로명주소":"경상남도 양산시 북정로 86",
            "세대수":0,
            "입주년차":0,
            "용적률점수":"--",
            "건폐율점수":"--",
            "세대당주차수":0,
            "난방방식":30,
            "공급면적":"--",
            "전용률":"--",
            "욕실수":50,
            "현관타입":100,
            "주거총점":18.0,
            "지역구공급총점":0.0,
            "역세권":"NA",
            "30분내 이동가능 거점":"NA",
            "1시간내 이동가능 거점":"NA",
            "교통총점":"NA",
            "백화점":0,
            "아울렛몰":0,
            "대형마트":0,
            "은행":0,
            "병원":30,
            "종합병원":80,
            "공원":100,
            "혐오시설":0,
            "인프라총점":22.0,
            "초등학군":87.96,
            "중학군":31.92,
            "학군총점":43.128,
            "인구수":39.49,
            "인구증감":4.74,
            "인구총점":29.065,
            "일자리":17.9,
            "소득수준":61.39,
            "일자리총점":30.947,
            "가치 총점":25.882,
            "매매실거래년":20211230.0,
            "매매실거래가":12900.0,
            "전세실거래년":20190807.0,
            "전세실거래가":10000.0,
            "전세가율":77.52,
            "장기전세가율평균":69.78,
            "전세가율거품지수":-7.74,
            "검색코드":7010,
            "세대수":299.0,
            "준공년월":"1997-08-13",
            "준공년차":26.0,
            "가까운역이름":"NA",
            "가까운역거리":"NA",
            "역세권여부":"NA",
            "30분이내주요거점역":"NA",
            "1시간이내주요거점역":"NA",
            "3km이내백화점수":0,
            "5km이내아울렛몰수":0,
            "1km이내대형먀트수":0,
            "500m이내은행수":0,
            "500m이내병원수":6,
            "5km이내대형병원수":1,
            "500m이내공원수":3,
            "3km이내혐오시설수":0,
            "초등학교학업성취도":87.96,
            "중학교학업성취도":53.2,
            "용적률":208,
            "건폐율":20,
            "Y":35.35994,
            "X":129.04964,
            "rank":144.0,
            "area_info":"28평(93.57), 32평(107.26)",
            "last_sales":"2021-12-30,12900.0,28평(93.57)"
        },
        {
            "index":497,
            "아파트명":"새진흥4차",
            "투자타입":"재건축",
            "전용면적(m2)":"61.54",
            "전용면적(평)":"18평",
            "법정동주소":"경상남도 양산시 소주동 535",
            "도로명주소":"경상남도 양산시 모래들1길 14",
            "세대수":30,
            "입주년차":"--",
            "용적률점수":0,
            "건폐율점수":0,
            "세대당주차수":"--",
            "난방방식":"--",
            "공급면적":50,
            "전용률":100,
            "욕실수":"--",
            "현관타입":"--",
            "주거총점":16.5,
            "지역구공급총점":0.0,
            "역세권":"NA",
            "30분내 이동가능 거점":"NA",
            "1시간내 이동가능 거점":"NA",
            "교통총점":"NA",
            "백화점":0,
            "아울렛몰":0,
            "대형마트":0,
            "은행":0,
            "병원":0,
            "종합병원":80,
            "공원":0,
            "혐오시설":0,
            "인프라총점":16.0,
            "초등학군":89.61,
            "중학군":43.74,
            "학군총점":52.914,
            "인구수":39.49,
            "인구증감":4.74,
            "인구총점":29.065,
            "일자리":17.9,
            "소득수준":61.39,
            "일자리총점":30.947,
            "가치 총점":25.4035,
            "매매실거래년":20210910.0,
            "매매실거래가":4800.0,
            "전세실거래년":20211011.0,
            "전세실거래가":3200.0,
            "전세가율":66.67,
            "장기전세가율평균":69.78,
            "전세가율거품지수":3.11,
            "검색코드":7105,
            "세대수":345.0,
            "준공년월":"1991-02-07",
            "준공년차":32.0,
            "가까운역이름":"NA",
            "가까운역거리":"NA",
            "역세권여부":"NA",
            "30분이내주요거점역":"NA",
            "1시간이내주요거점역":"NA",
            "3km이내백화점수":0,
            "5km이내아울렛몰수":0,
            "1km이내대형먀트수":0,
            "500m이내은행수":0,
            "500m이내병원수":0,
            "5km이내대형병원수":1,
            "500m이내공원수":0,
            "3km이내혐오시설수":0,
            "초등학교학업성취도":89.61,
            "중학교학업성취도":71.9,
            "용적률":0,
            "건폐율":0,
            "Y":35.399746,
            "X":129.157379,
            "rank":145.0,
            "area_info":"18평(61.54), 20평(66.58), 20평(67.47), 21평(69.94), 22평(75.19), 24평(80.03), 25평(83.39)",
            "last_sales":"2021-09-10,4800.0,18평(61.54)"
        },
        {
            "index":126,
            "아파트명":"대정그린파크",
            "투자타입":"재건축",
            "전용면적(m2)":"67.92",
            "전용면적(평)":"20평",
            "법정동주소":"경상남도 양산시 동면 석산리 337-2",
            "도로명주소":"경상남도 양산시 계석3길 19",
            "세대수":0,
            "입주년차":"--",
            "용적률점수":0,
            "건폐율점수":0,
            "세대당주차수":"--",
            "난방방식":"--",
            "공급면적":50,
            "전용률":100,
            "욕실수":"--",
            "현관타입":"--",
            "주거총점":7.5,
            "지역구공급총점":0.0,
            "역세권":"NA",
            "30분내 이동가능 거점":"NA",
            "1시간내 이동가능 거점":"NA",
            "교통총점":"NA",
            "백화점":0,
            "아울렛몰":0,
            "대형마트":0,
            "은행":20,
            "병원":0,
            "종합병원":100,
            "공원":0,
            "혐오시설":0,
            "인프라총점":22.0,
            "초등학군":87.71,
            "중학군":47.56,
            "학군총점":55.59,
            "인구수":39.49,
            "인구증감":4.74,
            "인구총점":29.065,
            "일자리":17.9,
            "소득수준":61.39,
            "일자리총점":30.947,
            "가치 총점":25.3225,
            "매매실거래년":20220111.0,
            "매매실거래가":7500.0,
            "전세실거래년":20201203.0,
            "전세실거래가":4000.0,
            "전세가율":83.33,
            "장기전세가율평균":69.78,
            "전세가율거품지수":-13.55,
            "검색코드":13603,
            "세대수":144.0,
            "준공년월":"1990-08-31",
            "준공년차":33.0,
            "가까운역이름":"NA",
            "가까운역거리":"NA",
            "역세권여부":"NA",
            "30분이내주요거점역":"NA",
            "1시간이내주요거점역":"NA",
            "3km이내백화점수":0,
            "5km이내아울렛몰수":0,
            "1km이내대형먀트수":0,
            "500m이내은행수":2,
            "500m이내병원수":0,
            "5km이내대형병원수":2,
            "500m이내공원수":0,
            "3km이내혐오시설수":0,
            "초등학교학업성취도":87.71,
            "중학교학업성취도":78.2,
            "용적률":0,
            "건폐율":0,
            "Y":35.32823,
            "X":129.03983,
            "rank":146.0,
            "area_info":"20평(67.92), 25평(83.22)",
            "last_sales":"2022-01-11,7500.0,25평(83.22)"
        },
        {
            "index":551,
            "아파트명":"어곡성신",
            "투자타입":"재건축",
            "전용면적(m2)":"56.37",
            "전용면적(평)":"17평",
            "법정동주소":"경상남도 양산시 어곡동 645-18",
            "도로명주소":"경상남도 양산시 두전길 42-3",
            "세대수":50,
            "입주년차":"--",
            "용적률점수":0,
            "건폐율점수":0,
            "세대당주차수":"--",
            "난방방식":"--",
            "공급면적":50,
            "전용률":60,
            "욕실수":"--",
            "현관타입":"--",
            "주거총점":20.5,
            "지역구공급총점":0.0,
            "역세권":"NA",
            "30분내 이동가능 거점":"NA",
            "1시간내 이동가능 거점":"NA",
            "교통총점":"NA",
            "백화점":0,
            "아울렛몰":0,
            "대형마트":0,
            "은행":0,
            "병원":0,
            "종합병원":80,
            "공원":0,
            "혐오시설":0,
            "인프라총점":16.0,
            "초등학군":86.77,
            "중학군":31.92,
            "학군총점":42.89,
            "인구수":39.49,
            "인구증감":4.74,
            "인구총점":29.065,
            "일자리":17.9,
            "소득수준":61.39,
            "일자리총점":30.947,
            "가치 총점":24.2975,
            "매매실거래년":20210413.0,
            "매매실거래가":2850.0,
            "전세실거래년":null,
            "전세실거래가":null,
            "전세가율":null,
            "장기전세가율평균":69.78,
            "전세가율거품지수":null,
            "검색코드":15630,
            "세대수":474.0,
            "준공년월":"1992-10-06",
            "준공년차":31.0,
            "가까운역이름":"NA",
            "가까운역거리":"NA",
            "역세권여부":"NA",
            "30분이내주요거점역":"NA",
            "1시간이내주요거점역":"NA",
            "3km이내백화점수":0,
            "5km이내아울렛몰수":0,
            "1km이내대형먀트수":0,
            "500m이내은행수":0,
            "500m이내병원수":1,
            "5km이내대형병원수":1,
            "500m이내공원수":0,
            "3km이내혐오시설수":0,
            "초등학교학업성취도":86.77,
            "중학교학업성취도":53.2,
            "용적률":0,
            "건폐율":0,
            "Y":35.384056,
            "X":129.028568,
            "rank":147.0,
            "area_info":"17평(56.37), 18평(59.84), 19평(64.45), 19평(64.3)",
            "last_sales":"2021-04-13,2850.0,19평(64.3)"
        },
        {
            "index":424,
            "아파트명":"양산녹원",
            "투자타입":"일반",
            "전용면적(m2)":"76.12",
            "전용면적(평)":"23평",
            "법정동주소":"경상남도 양산시 북정동 635-4",
            "도로명주소":"경상남도 양산시 고향의봄로 80",
            "세대수":0,
            "입주년차":0,
            "용적률점수":"--",
            "건폐율점수":"--",
            "세대당주차수":0,
            "난방방식":30,
            "공급면적":"--",
            "전용률":"--",
            "욕실수":50,
            "현관타입":10,
            "주거총점":9.0,
            "지역구공급총점":0.0,
            "역세권":"NA",
            "30분내 이동가능 거점":"NA",
            "1시간내 이동가능 거점":"NA",
            "교통총점":"NA",
            "백화점":0,
            "아울렛몰":0,
            "대형마트":0,
            "은행":0,
            "병원":10,
            "종합병원":100,
            "공원":100,
            "혐오시설":0,
            "인프라총점":24.0,
            "초등학군":88.1,
            "중학군":31.92,
            "학군총점":43.156,
            "인구수":39.49,
            "인구증감":4.74,
            "인구총점":29.065,
            "일자리":17.9,
            "소득수준":61.39,
            "일자리총점":30.947,
            "가치 총점":23.539,
            "매매실거래년":20211027.0,
            "매매실거래가":8700.0,
            "전세실거래년":20211226.0,
            "전세실거래가":5500.0,
            "전세가율":84.62,
            "장기전세가율평균":69.78,
            "전세가율거품지수":-14.84,
            "검색코드":15627,
            "세대수":130.0,
            "준공년월":"1996-02-14",
            "준공년차":27.0,
            "가까운역이름":"NA",
            "가까운역거리":"NA",
            "역세권여부":"NA",
            "30분이내주요거점역":"NA",
            "1시간이내주요거점역":"NA",
            "3km이내백화점수":0,
            "5km이내아울렛몰수":0,
            "1km이내대형먀트수":0,
            "500m이내은행수":0,
            "500m이내병원수":2,
            "5km이내대형병원수":2,
            "500m이내공원수":6,
            "3km이내혐오시설수":0,
            "초등학교학업성취도":88.1,
            "중학교학업성취도":53.2,
            "용적률":392,
            "건폐율":32,
            "Y":35.35706,
            "X":129.04619,
            "rank":148.0,
            "area_info":"23평(76.12), 27평(91.76)",
            "last_sales":"2021-10-27,8700.0,27평(91.76)"
        },
        {
            "index":735,
            "아파트명":"대영파크맨션",
            "투자타입":"재건축",
            "전용면적(m2)":"58.16",
            "전용면적(평)":"17평",
            "법정동주소":"경상남도 양산시 하북면 지산리 17-16",
            "도로명주소":"경상남도 양산시 지산로 27-9",
            "세대수":0,
            "입주년차":"--",
            "용적률점수":0,
            "건폐율점수":0,
            "세대당주차수":"--",
            "난방방식":"--",
            "공급면적":50,
            "전용률":100,
            "욕실수":"--",
            "현관타입":"--",
            "주거총점":7.5,
            "지역구공급총점":0.0,
            "역세권":"NA",
            "30분내 이동가능 거점":"NA",
            "1시간내 이동가능 거점":"NA",
            "교통총점":"NA",
            "백화점":0,
            "아울렛몰":0,
            "대형마트":100,
            "은행":0,
            "병원":0,
            "종합병원":0,
            "공원":100,
            "혐오시설":0,
            "인프라총점":18.0,
            "초등학군":96.45,
            "중학군":41.36,
            "학군총점":52.378,
            "인구수":39.49,
            "인구증감":4.74,
            "인구총점":29.065,
            "일자리":17.9,
            "소득수준":61.39,
            "일자리총점":30.947,
            "가치 총점":22.9195,
            "매매실거래년":20210505.0,
            "매매실거래가":11000.0,
            "전세실거래년":null,
            "전세실거래가":null,
            "전세가율":null,
            "장기전세가율평균":69.78,
            "전세가율거품지수":null,
            "검색코드":11994,
            "세대수":105.0,
            "준공년월":"1991-11-01",
            "준공년차":32.0,
            "가까운역이름":"NA",
            "가까운역거리":"NA",
            "역세권여부":"NA",
            "30분이내주요거점역":"NA",
            "1시간이내주요거점역":"NA",
            "3km이내백화점수":0,
            "5km이내아울렛몰수":0,
            "1km이내대형먀트수":2,
            "500m이내은행수":0,
            "500m이내병원수":0,
            "5km이내대형병원수":0,
            "500m이내공원수":2,
            "3km이내혐오시설수":0,
            "초등학교학업성취도":96.45,
            "중학교학업성취도":68.2,
            "용적률":0,
            "건폐율":0,
            "Y":35.49512,
            "X":129.08009,
            "rank":149.0,
            "area_info":"17평(58.16), 18평(62.37), 19평(64.67), 25평(84.92)",
            "last_sales":"2021-05-05,11000.0,25평(84.92)"
        },
        {
            "index":104,
            "아파트명":"금산훼미리",
            "투자타입":"재건축",
            "전용면적(m2)":"71.92",
            "전용면적(평)":"21평",
            "법정동주소":"경상남도 양산시 동면 금산리 763",
            "도로명주소":"경상남도 양산시 금산3길 7",
            "세대수":0,
            "입주년차":"--",
            "용적률점수":0,
            "건폐율점수":0,
            "세대당주차수":"--",
            "난방방식":"--",
            "공급면적":50,
            "전용률":80,
            "욕실수":"--",
            "현관타입":"--",
            "주거총점":6.5,
            "지역구공급총점":0.0,
            "역세권":"NA",
            "30분내 이동가능 거점":"NA",
            "1시간내 이동가능 거점":"NA",
            "교통총점":"NA",
            "백화점":0,
            "아울렛몰":0,
            "대형마트":0,
            "은행":0,
            "병원":0,
            "종합병원":80,
            "공원":100,
            "혐오시설":0,
            "인프라총점":19.0,
            "초등학군":85.15,
            "중학군":40.86,
            "학군총점":49.718,
            "인구수":39.49,
            "인구증감":4.74,
            "인구총점":29.065,
            "일자리":17.9,
            "소득수준":61.39,
            "일자리총점":30.947,
            "가치 총점":22.3045,
            "매매실거래년":20211122.0,
            "매매실거래가":7150.0,
            "전세실거래년":20200811.0,
            "전세실거래가":6000.0,
            "전세가율":83.92,
            "장기전세가율평균":69.78,
            "전세가율거품지수":-14.14,
            "검색코드":25623,
            "세대수":139.0,
            "준공년월":"1992-10-16",
            "준공년차":31.0,
            "가까운역이름":"NA",
            "가까운역거리":"NA",
            "역세권여부":"NA",
            "30분이내주요거점역":"NA",
            "1시간이내주요거점역":"NA",
            "3km이내백화점수":0,
            "5km이내아울렛몰수":0,
            "1km이내대형먀트수":0,
            "500m이내은행수":0,
            "500m이내병원수":0,
            "5km이내대형병원수":1,
            "500m이내공원수":3,
            "3km이내혐오시설수":0,
            "초등학교학업성취도":85.15,
            "중학교학업성취도":67.5,
            "용적률":427,
            "건폐율":40,
            "Y":35.304877,
            "X":129.025784,
            "rank":150.0,
            "area_info":"21평(71.92), 22평(74.74), 24평(81.94), 27평(91.33)",
            "last_sales":"2021-11-22,7150.0,21평(71.92)"
        },
        {
            "index":517,
            "아파트명":"원진",
            "투자타입":"재건축",
            "전용면적(m2)":"62.52",
            "전용면적(평)":"18평",
            "법정동주소":"경상남도 양산시 소주동 443",
            "도로명주소":"경상남도 양산시 소주회야로 45-153",
            "세대수":0,
            "입주년차":"--",
            "용적률점수":0,
            "건폐율점수":0,
            "세대당주차수":"--",
            "난방방식":"--",
            "공급면적":50,
            "전용률":60,
            "욕실수":"--",
            "현관타입":"--",
            "주거총점":5.5,
            "지역구공급총점":0.0,
            "역세권":"NA",
            "30분내 이동가능 거점":"NA",
            "1시간내 이동가능 거점":"NA",
            "교통총점":"NA",
            "백화점":0,
            "아울렛몰":0,
            "대형마트":0,
            "은행":0,
            "병원":10,
            "종합병원":80,
            "공원":0,
            "혐오시설":0,
            "인프라총점":17.0,
            "초등학군":86.67,
            "중학군":43.74,
            "학군총점":52.326,
            "인구수":39.49,
            "인구증감":4.74,
            "인구총점":29.065,
            "일자리":17.9,
            "소득수준":61.39,
            "일자리총점":30.947,
            "가치 총점":21.8065,
            "매매실거래년":20211113.0,
            "매매실거래가":6400.0,
            "전세실거래년":20211019.0,
            "전세실거래가":4500.0,
            "전세가율":121.62,
            "장기전세가율평균":69.78,
            "전세가율거품지수":-51.84,
            "검색코드":7150,
            "세대수":267.0,
            "준공년월":"1992-06-05",
            "준공년차":31.0,
            "가까운역이름":"NA",
            "가까운역거리":"NA",
            "역세권여부":"NA",
            "30분이내주요거점역":"NA",
            "1시간이내주요거점역":"NA",
            "3km이내백화점수":0,
            "5km이내아울렛몰수":0,
            "1km이내대형먀트수":0,
            "500m이내은행수":0,
            "500m이내병원수":4,
            "5km이내대형병원수":1,
            "500m이내공원수":0,
            "3km이내혐오시설수":0,
            "초등학교학업성취도":86.67,
            "중학교학업성취도":71.9,
            "용적률":0,
            "건폐율":0,
            "Y":35.4053,
            "X":129.156269,
            "rank":151.0,
            "area_info":"18평(62.52), 23평(79.16), 28평(95.11), 31평(102.69)",
            "last_sales":"2021-11-13,6400.0,28평(95.11)"
        },
        {
            "index":664,
            "아파트명":"새진흥6차",
            "투자타입":"재건축",
            "전용면적(m2)":"69.94",
            "전용면적(평)":"21평",
            "법정동주소":"경상남도 양산시 평산동 398",
            "도로명주소":"경상남도 양산시 평산로 95",
            "세대수":0,
            "입주년차":"--",
            "용적률점수":0,
            "건폐율점수":0,
            "세대당주차수":"--",
            "난방방식":"--",
            "공급면적":50,
            "전용률":80,
            "욕실수":"--",
            "현관타입":"--",
            "주거총점":6.5,
            "지역구공급총점":0.0,
            "역세권":"NA",
            "30분내 이동가능 거점":"NA",
            "1시간내 이동가능 거점":"NA",
            "교통총점":"NA",
            "백화점":0,
            "아울렛몰":0,
            "대형마트":0,
            "은행":0,
            "병원":0,
            "종합병원":80,
            "공원":0,
            "혐오시설":0,
            "인프라총점":16.0,
            "초등학군":93.95,
            "중학군":41.14,
            "학군총점":51.702,
            "인구수":39.49,
            "인구증감":4.74,
            "인구총점":29.065,
            "일자리":17.9,
            "소득수준":61.39,
            "일자리총점":30.947,
            "가치 총점":21.6005,
            "매매실거래년":20220112.0,
            "매매실거래가":5850.0,
            "전세실거래년":20200406.0,
            "전세실거래가":5000.0,
            "전세가율":85.47,
            "장기전세가율평균":69.78,
            "전세가율거품지수":-15.69,
            "검색코드":7116,
            "세대수":161.0,
            "준공년월":"1992-09-09",
            "준공년차":31.0,
            "가까운역이름":"NA",
            "가까운역거리":"NA",
            "역세권여부":"NA",
            "30분이내주요거점역":"NA",
            "1시간이내주요거점역":"NA",
            "3km이내백화점수":0,
            "5km이내아울렛몰수":0,
            "1km이내대형먀트수":0,
            "500m이내은행수":1,
            "500m이내병원수":0,
            "5km이내대형병원수":1,
            "500m이내공원수":0,
            "3km이내혐오시설수":0,
            "초등학교학업성취도":93.95,
            "중학교학업성취도":67.5,
            "용적률":0,
            "건폐율":0,
            "Y":35.381403,
            "X":129.14424,
            "rank":152.0,
            "area_info":"21평(69.94), 22평(72.89), 22평(73.2), 24평(82.5)",
            "last_sales":"2022-01-12,5850.0,21평(69.94)"
        },
        {
            "index":459,
            "아파트명":"광림그린파크",
            "투자타입":"재건축",
            "전용면적(m2)":"72.61",
            "전용면적(평)":"21평",
            "법정동주소":"경상남도 양산시 상북면 석계리 236-6",
            "도로명주소":"경상남도 양산시 삼계1길 9-3",
            "세대수":0,
            "입주년차":"--",
            "용적률점수":0,
            "건폐율점수":60,
            "세대당주차수":"--",
            "난방방식":"--",
            "공급면적":50,
            "전용률":80,
            "욕실수":"--",
            "현관타입":"--",
            "주거총점":18.5,
            "지역구공급총점":0.0,
            "역세권":"NA",
            "30분내 이동가능 거점":"NA",
            "1시간내 이동가능 거점":"NA",
            "교통총점":"NA",
            "백화점":0,
            "아울렛몰":0,
            "대형마트":0,
            "은행":0,
            "병원":10,
            "종합병원":0,
            "공원":100,
            "혐오시설":0,
            "인프라총점":4.0,
            "초등학군":87.93,
            "중학군":43.02,
            "학군총점":52.002,
            "인구수":39.49,
            "인구증감":4.74,
            "인구총점":29.065,
            "일자리":17.9,
            "소득수준":61.39,
            "일자리총점":30.947,
            "가치 총점":21.0755,
            "매매실거래년":20211013.0,
            "매매실거래가":8700.0,
            "전세실거래년":20200229.0,
            "전세실거래가":4000.0,
            "전세가율":90.91,
            "장기전세가율평균":69.78,
            "전세가율거품지수":-21.13,
            "검색코드":7019,
            "세대수":120.0,
            "준공년월":"1992-12-22",
            "준공년차":31.0,
            "가까운역이름":"NA",
            "가까운역거리":"NA",
            "역세권여부":"NA",
            "30분이내주요거점역":"NA",
            "1시간이내주요거점역":"NA",
            "3km이내백화점수":0,
            "5km이내아울렛몰수":0,
            "1km이내대형먀트수":0,
            "500m이내은행수":0,
            "500m이내병원수":4,
            "5km이내대형병원수":0,
            "500m이내공원수":2,
            "3km이내혐오시설수":0,
            "초등학교학업성취도":87.93,
            "중학교학업성취도":70.9,
            "용적률":369,
            "건폐율":30,
            "Y":35.41684,
            "X":129.06002,
            "rank":153.0,
            "area_info":"21평(72.61), 30평(99.55)",
            "last_sales":"2021-10-13,8700.0,30평(99.55)"
        },
        {
            "index":739,
            "아파트명":"진흥목화",
            "투자타입":"일반",
            "전용면적(m2)":"75.25",
            "전용면적(평)":"22평",
            "법정동주소":"경상남도 양산시 하북면 용연리 437",
            "도로명주소":"경상남도 양산시 용연로 59",
            "세대수":0,
            "입주년차":0,
            "용적률점수":"--",
            "건폐율점수":"--",
            "세대당주차수":0,
            "난방방식":30,
            "공급면적":"--",
            "전용률":"--",
            "욕실수":100,
            "현관타입":100,
            "주거총점":23.0,
            "지역구공급총점":0.0,
            "역세권":"NA",
            "30분내 이동가능 거점":"NA",
            "1시간내 이동가능 거점":"NA",
            "교통총점":"NA",
            "백화점":0,
            "아울렛몰":0,
            "대형마트":0,
            "은행":0,
            "병원":0,
            "종합병원":0,
            "공원":0,
            "혐오시설":0,
            "인프라총점":0.0,
            "초등학군":87.92,
            "중학군":43.02,
            "학군총점":52.0,
            "인구수":39.49,
            "인구증감":4.74,
            "인구총점":29.065,
            "일자리":17.9,
            "소득수준":61.39,
            "일자리총점":30.947,
            "가치 총점":21.05,
            "매매실거래년":20220106.0,
            "매매실거래가":7000.0,
            "전세실거래년":20200925.0,
            "전세실거래가":5500.0,
            "전세가율":78.57,
            "장기전세가율평균":69.78,
            "전세가율거품지수":-8.79,
            "검색코드":18483,
            "세대수":165.0,
            "준공년월":"1993-08-06",
            "준공년차":30.0,
            "가까운역이름":"NA",
            "가까운역거리":"NA",
            "역세권여부":"NA",
            "30분이내주요거점역":"NA",
            "1시간이내주요거점역":"NA",
            "3km이내백화점수":0,
            "5km이내아울렛몰수":0,
            "1km이내대형먀트수":0,
            "500m이내은행수":0,
            "500m이내병원수":0,
            "5km이내대형병원수":0,
            "500m이내공원수":0,
            "3km이내혐오시설수":0,
            "초등학교학업성취도":87.92,
            "중학교학업성취도":70.9,
            "용적률":310,
            "건폐율":26,
            "Y":35.444531,
            "X":129.073792,
            "rank":154.0,
            "area_info":"22평(75.25), 32평(105.89)",
            "last_sales":"2022-01-06,7000.0,22평(75.25)"
        },
        {
            "index":494,
            "아파트명":"한성강변타운",
            "투자타입":"재건축",
            "전용면적(m2)":"73.1",
            "전용면적(평)":"22평",
            "법정동주소":"경상남도 양산시 상북면 석계리 15-4",
            "도로명주소":"경상남도 양산시 상북중앙로 437-3",
            "세대수":0,
            "입주년차":"--",
            "용적률점수":0,
            "건폐율점수":80,
            "세대당주차수":"--",
            "난방방식":"--",
            "공급면적":50,
            "전용률":80,
            "욕실수":"--",
            "현관타입":"--",
            "주거총점":22.5,
            "지역구공급총점":0.0,
            "역세권":"NA",
            "30분내 이동가능 거점":"NA",
            "1시간내 이동가능 거점":"NA",
            "교통총점":"NA",
            "백화점":0,
            "아울렛몰":0,
            "대형마트":0,
            "은행":0,
            "병원":0,
            "종합병원":0,
            "공원":0,
            "혐오시설":0,
            "인프라총점":0.0,
            "초등학군":87.93,
            "중학군":43.02,
            "학군총점":52.002,
            "인구수":39.49,
            "인구증감":4.74,
            "인구총점":29.065,
            "일자리":17.9,
            "소득수준":61.39,
            "일자리총점":30.947,
            "가치 총점":20.8755,
            "매매실거래년":20220111.0,
            "매매실거래가":7950.0,
            "전세실거래년":20160910.0,
            "전세실거래가":3000.0,
            "전세가율":37.74,
            "장기전세가율평균":69.78,
            "전세가율거품지수":32.04,
            "검색코드":13178,
            "세대수":199.0,
            "준공년월":"1992-11-13",
            "준공년차":31.0,
            "가까운역이름":"NA",
            "가까운역거리":"NA",
            "역세권여부":"NA",
            "30분이내주요거점역":"NA",
            "1시간이내주요거점역":"NA",
            "3km이내백화점수":0,
            "5km이내아울렛몰수":0,
            "1km이내대형먀트수":0,
            "500m이내은행수":0,
            "500m이내병원수":0,
            "5km이내대형병원수":0,
            "500m이내공원수":0,
            "3km이내혐오시설수":0,
            "초등학교학업성취도":87.93,
            "중학교학업성취도":70.9,
            "용적률":353,
            "건폐율":29,
            "Y":35.42127,
            "X":129.06412,
            "rank":155.0,
            "area_info":"22평(73.1), 31평(103.56), 62평(207.1)",
            "last_sales":"2022-01-11,7950.0,22평(73.1)"
        },
        {
            "index":466,
            "아파트명":"동우강변타워1차",
            "투자타입":"재건축",
            "전용면적(m2)":"55.91",
            "전용면적(평)":"16평",
            "법정동주소":"경상남도 양산시 상북면 석계리 236-1",
            "도로명주소":"경상남도 양산시 삼계1길 9",
            "세대수":0,
            "입주년차":"--",
            "용적률점수":0,
            "건폐율점수":60,
            "세대당주차수":"--",
            "난방방식":"--",
            "공급면적":50,
            "전용률":60,
            "욕실수":"--",
            "현관타입":"--",
            "주거총점":17.5,
            "지역구공급총점":0.0,
            "역세권":"NA",
            "30분내 이동가능 거점":"NA",
            "1시간내 이동가능 거점":"NA",
            "교통총점":"NA",
            "백화점":0,
            "아울렛몰":0,
            "대형마트":0,
            "은행":0,
            "병원":10,
            "종합병원":0,
            "공원":80,
            "혐오시설":0,
            "인프라총점":3.4,
            "초등학군":87.93,
            "중학군":43.02,
            "학군총점":52.002,
            "인구수":39.49,
            "인구증감":4.74,
            "인구총점":29.065,
            "일자리":17.9,
            "소득수준":61.39,
            "일자리총점":30.947,
            "가치 총점":20.4855,
            "매매실거래년":20220103.0,
            "매매실거래가":5950.0,
            "전세실거래년":20210908.0,
            "전세실거래가":3500.0,
            "전세가율":64.81,
            "장기전세가율평균":69.78,
            "전세가율거품지수":4.97,
            "검색코드":16672,
            "세대수":160.0,
            "준공년월":"1992-10-27",
            "준공년차":31.0,
            "가까운역이름":"NA",
            "가까운역거리":"NA",
            "역세권여부":"NA",
            "30분이내주요거점역":"NA",
            "1시간이내주요거점역":"NA",
            "3km이내백화점수":0,
            "5km이내아울렛몰수":0,
            "1km이내대형먀트수":0,
            "500m이내은행수":0,
            "500m이내병원수":4,
            "5km이내대형병원수":0,
            "500m이내공원수":1,
            "3km이내혐오시설수":0,
            "초등학교학업성취도":87.93,
            "중학교학업성취도":70.9,
            "용적률":382,
            "건폐율":30,
            "Y":35.417281,
            "X":129.060724,
            "rank":156.0,
            "area_info":"16평(55.91), 24평(80.36)",
            "last_sales":"2022-01-03,5950.0,24평(80.36)"
        },
        {
            "index":484,
            "아파트명":"석계한영",
            "투자타입":"재건축",
            "전용면적(m2)":"67.98",
            "전용면적(평)":"20평",
            "법정동주소":"경상남도 양산시 상북면 석계리 505",
            "도로명주소":"경상남도 양산시 반회서1길 6",
            "세대수":0,
            "입주년차":"--",
            "용적률점수":0,
            "건폐율점수":60,
            "세대당주차수":"--",
            "난방방식":"--",
            "공급면적":50,
            "전용률":80,
            "욕실수":"--",
            "현관타입":"--",
            "주거총점":18.5,
            "지역구공급총점":0.0,
            "역세권":"NA",
            "30분내 이동가능 거점":"NA",
            "1시간내 이동가능 거점":"NA",
            "교통총점":"NA",
            "백화점":0,
            "아울렛몰":0,
            "대형마트":0,
            "은행":0,
            "병원":0,
            "종합병원":0,
            "공원":80,
            "혐오시설":0,
            "인프라총점":2.4,
            "초등학군":87.93,
            "중학군":43.02,
            "학군총점":52.002,
            "인구수":39.49,
            "인구증감":4.74,
            "인구총점":29.065,
            "일자리":17.9,
            "소득수준":61.39,
            "일자리총점":30.947,
            "가치 총점":20.4355,
            "매매실거래년":20211215.0,
            "매매실거래가":6000.0,
            "전세실거래년":20150302.0,
            "전세실거래가":2000.0,
            "전세가율":33.33,
            "장기전세가율평균":69.78,
            "전세가율거품지수":36.45,
            "검색코드":7029,
            "세대수":159.0,
            "준공년월":"1992-04-30",
            "준공년차":31.0,
            "가까운역이름":"NA",
            "가까운역거리":"NA",
            "역세권여부":"NA",
            "30분이내주요거점역":"NA",
            "1시간이내주요거점역":"NA",
            "3km이내백화점수":0,
            "5km이내아울렛몰수":0,
            "1km이내대형먀트수":0,
            "500m이내은행수":1,
            "500m이내병원수":1,
            "5km이내대형병원수":0,
            "500m이내공원수":1,
            "3km이내혐오시설수":0,
            "초등학교학업성취도":87.93,
            "중학교학업성취도":70.9,
            "용적률":284,
            "건폐율":30,
            "Y":35.410271,
            "X":129.058386,
            "rank":157.0,
            "area_info":"20평(67.98), 22평(73.51), 27평(92.28), 29평(95.93), 30평(101.39), 34평(113.08)",
            "last_sales":"2021-12-15,6000.0,20평(67.98)"
        },
        {
            "index":479,
            "아파트명":"석계진일1차",
            "투자타입":"재건축",
            "전용면적(m2)":"82.11",
            "전용면적(평)":"24평",
            "법정동주소":"경상남도 양산시 상북면 석계리 244-1",
            "도로명주소":"경상남도 양산시 반회서5길 21",
            "세대수":30,
            "입주년차":"--",
            "용적률점수":0,
            "건폐율점수":0,
            "세대당주차수":"--",
            "난방방식":"--",
            "공급면적":70,
            "전용률":80,
            "욕실수":"--",
            "현관타입":"--",
            "주거총점":16.5,
            "지역구공급총점":0.0,
            "역세권":"NA",
            "30분내 이동가능 거점":"NA",
            "1시간내 이동가능 거점":"NA",
            "교통총점":"NA",
            "백화점":0,
            "아울렛몰":0,
            "대형마트":0,
            "은행":0,
            "병원":10,
            "종합병원":0,
            "공원":100,
            "혐오시설":0,
            "인프라총점":4.0,
            "초등학군":87.93,
            "중학군":43.02,
            "학군총점":52.002,
            "인구수":39.49,
            "인구증감":4.74,
            "인구총점":29.065,
            "일자리":17.9,
            "소득수준":61.39,
            "일자리총점":30.947,
            "가치 총점":20.3755,
            "매매실거래년":20211206.0,
            "매매실거래가":9600.0,
            "전세실거래년":20190803.0,
            "전세실거래가":5000.0,
            "전세가율":64.1,
            "장기전세가율평균":69.78,
            "전세가율거품지수":5.68,
            "검색코드":7025,
            "세대수":330.0,
            "준공년월":"1992-04-14",
            "준공년차":31.0,
            "가까운역이름":"NA",
            "가까운역거리":"NA",
            "역세권여부":"NA",
            "30분이내주요거점역":"NA",
            "1시간이내주요거점역":"NA",
            "3km이내백화점수":0,
            "5km이내아울렛몰수":0,
            "1km이내대형먀트수":0,
            "500m이내은행수":0,
            "500m이내병원수":4,
            "5km이내대형병원수":0,
            "500m이내공원수":2,
            "3km이내혐오시설수":0,
            "초등학교학업성취도":87.93,
            "중학교학업성취도":70.9,
            "용적률":0,
            "건폐율":0,
            "Y":35.414083,
            "X":129.057445,
            "rank":158.0,
            "area_info":"24평(82.11), 28평(93.84)",
            "last_sales":"2021-12-06,9600.0,28평(93.84)"
        },
        {
            "index":468,
            "아파트명":"동우강변타워2차",
            "투자타입":"일반",
            "전용면적(m2)":"76.99",
            "전용면적(평)":"23평",
            "법정동주소":"경상남도 양산시 상북면 석계리 7",
            "도로명주소":"경상남도 양산시 상북중앙로 447",
            "세대수":0,
            "입주년차":0,
            "용적률점수":"--",
            "건폐율점수":"--",
            "세대당주차수":0,
            "난방방식":30,
            "공급면적":"--",
            "전용률":"--",
            "욕실수":50,
            "현관타입":100,
            "주거총점":18.0,
            "지역구공급총점":0.0,
            "역세권":"NA",
            "30분내 이동가능 거점":"NA",
            "1시간내 이동가능 거점":"NA",
            "교통총점":"NA",
            "백화점":0,
            "아울렛몰":0,
            "대형마트":0,
            "은행":0,
            "병원":0,
            "종합병원":0,
            "공원":0,
            "혐오시설":0,
            "인프라총점":0.0,
            "초등학군":87.93,
            "중학군":43.02,
            "학군총점":52.002,
            "인구수":39.49,
            "인구증감":4.74,
            "인구총점":29.065,
            "일자리":17.9,
            "소득수준":61.39,
            "일자리총점":30.947,
            "가치 총점":19.3005,
            "매매실거래년":20200806.0,
            "매매실거래가":9200.0,
            "전세실거래년":20190410.0,
            "전세실거래가":4000.0,
            "전세가율":66.67,
            "장기전세가율평균":69.78,
            "전세가율거품지수":3.11,
            "검색코드":7023,
            "세대수":114.0,
            "준공년월":"1993-09-18",
            "준공년차":30.0,
            "가까운역이름":"NA",
            "가까운역거리":"NA",
            "역세권여부":"NA",
            "30분이내주요거점역":"NA",
            "1시간이내주요거점역":"NA",
            "3km이내백화점수":0,
            "5km이내아울렛몰수":0,
            "1km이내대형먀트수":0,
            "500m이내은행수":0,
            "500m이내병원수":0,
            "5km이내대형병원수":0,
            "500m이내공원수":0,
            "3km이내혐오시설수":0,
            "초등학교학업성취도":87.93,
            "중학교학업성취도":70.9,
            "용적률":387,
            "건폐율":31,
            "Y":35.422599,
            "X":129.064857,
            "rank":159.0,
            "area_info":"23평(76.99), 31평(103.0)",
            "last_sales":"2020-08-06,9200.0,31평(103.0)"
        },
        {
            "index":475,
            "아파트명":"새진흥(소토리)",
            "투자타입":"재건축",
            "전용면적(m2)":"63.61",
            "전용면적(평)":"19평",
            "법정동주소":"경상남도 양산시 상북면 소토리 555",
            "도로명주소":"경상남도 양산시 양산대로 1245-18",
            "세대수":0,
            "입주년차":"--",
            "용적률점수":0,
            "건폐율점수":0,
            "세대당주차수":"--",
            "난방방식":"--",
            "공급면적":50,
            "전용률":80,
            "욕실수":"--",
            "현관타입":"--",
            "주거총점":6.5,
            "지역구공급총점":0.0,
            "역세권":"NA",
            "30분내 이동가능 거점":"NA",
            "1시간내 이동가능 거점":"NA",
            "교통총점":"NA",
            "백화점":0,
            "아울렛몰":0,
            "대형마트":0,
            "은행":0,
            "병원":0,
            "종합병원":80,
            "공원":0,
            "혐오시설":0,
            "인프라총점":16.0,
            "초등학군":84.0,
            "중학군":31.92,
            "학군총점":42.336,
            "인구수":39.49,
            "인구증감":4.74,
            "인구총점":29.065,
            "일자리":17.9,
            "소득수준":61.39,
            "일자리총점":30.947,
            "가치 총점":19.259,
            "매매실거래년":20210929.0,
            "매매실거래가":9800.0,
            "전세실거래년":null,
            "전세실거래가":null,
            "전세가율":null,
            "장기전세가율평균":69.78,
            "전세가율거품지수":null,
            "검색코드":15629,
            "세대수":130.0,
            "준공년월":"1991-07-27",
            "준공년차":32.0,
            "가까운역이름":"NA",
            "가까운역거리":"NA",
            "역세권여부":"NA",
            "30분이내주요거점역":"NA",
            "1시간이내주요거점역":"NA",
            "3km이내백화점수":0,
            "5km이내아울렛몰수":0,
            "1km이내대형먀트수":0,
            "500m이내은행수":0,
            "500m이내병원수":0,
            "5km이내대형병원수":1,
            "500m이내공원수":0,
            "3km이내혐오시설수":0,
            "초등학교학업성취도":84.0,
            "중학교학업성취도":53.2,
            "용적률":0,
            "건폐율":0,
            "Y":35.381441,
            "X":129.048621,
            "rank":160.0,
            "area_info":"19평(63.61), 24평(82.2), 27평(89.95), 30평(99.68)",
            "last_sales":"2021-09-29,9800.0,30평(99.68)"
        },
        {
            "index":481,
            "아파트명":"석계진일2차",
            "투자타입":"재건축",
            "전용면적(m2)":"82.66",
            "전용면적(평)":"25평",
            "법정동주소":"경상남도 양산시 상북면 석계리 237-1",
            "도로명주소":"경상남도 양산시 반회서7길 20",
            "세대수":0,
            "입주년차":"--",
            "용적률점수":0,
            "건폐율점수":0,
            "세대당주차수":"--",
            "난방방식":"--",
            "공급면적":70,
            "전용률":80,
            "욕실수":"--",
            "현관타입":"--",
            "주거총점":7.5,
            "지역구공급총점":0.0,
            "역세권":"NA",
            "30분내 이동가능 거점":"NA",
            "1시간내 이동가능 거점":"NA",
            "교통총점":"NA",
            "백화점":0,
            "아울렛몰":0,
            "대형마트":0,
            "은행":0,
            "병원":10,
            "종합병원":0,
            "공원":100,
            "혐오시설":0,
            "인프라총점":4.0,
            "초등학군":87.93,
            "중학군":43.02,
            "학군총점":52.002,
            "인구수":39.49,
            "인구증감":4.74,
            "인구총점":29.065,
            "일자리":17.9,
            "소득수준":61.39,
            "일자리총점":30.947,
            "가치 총점":17.2255,
            "매매실거래년":20211112.0,
            "매매실거래가":8500.0,
            "전세실거래년":20160108.0,
            "전세실거래가":6000.0,
            "전세가율":70.59,
            "장기전세가율평균":69.78,
            "전세가율거품지수":-0.81,
            "검색코드":7026,
            "세대수":240.0,
            "준공년월":"1992-06-04",
            "준공년차":31.0,
            "가까운역이름":"NA",
            "가까운역거리":"NA",
            "역세권여부":"NA",
            "30분이내주요거점역":"NA",
            "1시간이내주요거점역":"NA",
            "3km이내백화점수":0,
            "5km이내아울렛몰수":0,
            "1km이내대형먀트수":0,
            "500m이내은행수":0,
            "500m이내병원수":4,
            "5km이내대형병원수":0,
            "500m이내공원수":2,
            "3km이내혐오시설수":0,
            "초등학교학업성취도":87.93,
            "중학교학업성취도":70.9,
            "용적률":0,
            "건폐율":0,
            "Y":35.416142,
            "X":129.059112,
            "rank":161.0,
            "area_info":"25평(82.66), 27평(89.59), 30평(101.44)",
            "last_sales":"2021-11-12,8500.0,25평(82.66)"
        }
    ]
}