{
    "schema":{
        "fields":[
            {
                "name":"index",
                "type":"integer"
            },
            {
                "name":"아파트명",
                "type":"string"
            },
            {
                "name":"투자타입",
                "type":"string"
            },
            {
                "name":"전용면적(m2)",
                "type":"string"
            },
            {
                "name":"전용면적(평)",
                "type":"string"
            },
            {
                "name":"법정동주소",
                "type":"string"
            },
            {
                "name":"도로명주소",
                "type":"string"
            },
            {
                "name":"세대수",
                "type":"integer"
            },
            {
                "name":"입주년차",
                "type":"string"
            },
            {
                "name":"용적률점수",
                "type":"string"
            },
            {
                "name":"건폐율점수",
                "type":"string"
            },
            {
                "name":"세대당주차수",
                "type":"string"
            },
            {
                "name":"난방방식",
                "type":"string"
            },
            {
                "name":"공급면적",
                "type":"string"
            },
            {
                "name":"전용률",
                "type":"string"
            },
            {
                "name":"욕실수",
                "type":"string"
            },
            {
                "name":"현관타입",
                "type":"string"
            },
            {
                "name":"주거총점",
                "type":"number"
            },
            {
                "name":"지역구공급총점",
                "type":"number"
            },
            {
                "name":"역세권",
                "type":"integer"
            },
            {
                "name":"30분내 이동가능 거점",
                "type":"integer"
            },
            {
                "name":"1시간내 이동가능 거점",
                "type":"integer"
            },
            {
                "name":"교통총점",
                "type":"number"
            },
            {
                "name":"백화점",
                "type":"integer"
            },
            {
                "name":"아울렛몰",
                "type":"integer"
            },
            {
                "name":"대형마트",
                "type":"integer"
            },
            {
                "name":"은행",
                "type":"integer"
            },
            {
                "name":"병원",
                "type":"integer"
            },
            {
                "name":"종합병원",
                "type":"integer"
            },
            {
                "name":"공원",
                "type":"integer"
            },
            {
                "name":"혐오시설",
                "type":"integer"
            },
            {
                "name":"인프라총점",
                "type":"number"
            },
            {
                "name":"초등학군",
                "type":"number"
            },
            {
                "name":"중학군",
                "type":"number"
            },
            {
                "name":"학군총점",
                "type":"number"
            },
            {
                "name":"인구수",
                "type":"number"
            },
            {
                "name":"인구증감",
                "type":"number"
            },
            {
                "name":"인구총점",
                "type":"number"
            },
            {
                "name":"일자리",
                "type":"number"
            },
            {
                "name":"소득수준",
                "type":"number"
            },
            {
                "name":"일자리총점",
                "type":"number"
            },
            {
                "name":"가치 총점",
                "type":"number"
            },
            {
                "name":"매매실거래년",
                "type":"string"
            },
            {
                "name":"매매실거래가",
                "type":"number"
            },
            {
                "name":"전세실거래년",
                "type":"number"
            },
            {
                "name":"전세실거래가",
                "type":"number"
            },
            {
                "name":"전세가율",
                "type":"number"
            },
            {
                "name":"장기전세가율평균",
                "type":"number"
            },
            {
                "name":"전세가율거품지수",
                "type":"number"
            },
            {
                "name":"검색코드",
                "type":"integer"
            },
            {
                "name":"세대수",
                "type":"number"
            },
            {
                "name":"준공년월",
                "type":"string"
            },
            {
                "name":"준공년차",
                "type":"number"
            },
            {
                "name":"가까운역이름",
                "type":"string"
            },
            {
                "name":"가까운역거리",
                "type":"number"
            },
            {
                "name":"역세권여부",
                "type":"string"
            },
            {
                "name":"30분이내주요거점역",
                "type":"integer"
            },
            {
                "name":"30분거점역이름",
                "type":"string"
            },
            {
                "name":"1시간이내주요거점역",
                "type":"integer"
            },
            {
                "name":"1시간거점역이름",
                "type":"string"
            },
            {
                "name":"3km이내백화점수",
                "type":"integer"
            },
            {
                "name":"5km이내아울렛몰수",
                "type":"integer"
            },
            {
                "name":"1km이내대형먀트수",
                "type":"integer"
            },
            {
                "name":"500m이내은행수",
                "type":"integer"
            },
            {
                "name":"500m이내병원수",
                "type":"integer"
            },
            {
                "name":"5km이내대형병원수",
                "type":"integer"
            },
            {
                "name":"500m이내공원수",
                "type":"integer"
            },
            {
                "name":"3km이내혐오시설수",
                "type":"integer"
            },
            {
                "name":"초등학교학업성취도",
                "type":"number"
            },
            {
                "name":"중학교학업성취도",
                "type":"number"
            },
            {
                "name":"용적률",
                "type":"integer"
            },
            {
                "name":"건폐율",
                "type":"integer"
            },
            {
                "name":"Y",
                "type":"number"
            },
            {
                "name":"X",
                "type":"number"
            },
            {
                "name":"rank",
                "type":"number"
            },
            {
                "name":"area_info",
                "type":"string"
            },
            {
                "name":"last_sales",
                "type":"string"
            },
            {
                "name":"rank_history",
                "type":"string"
            },
            {
                "name":"rank_gap",
                "type":"integer"
            }
        ],
        "primaryKey":[
            "index"
        ],
        "pandas_version":"1.4.0"
    },
    "data":[
        {
            "index":200,
            "아파트명":"중림삼성사이버빌리지",
            "투자타입":"일반",
            "전용면적(m2)":"68.14",
            "전용면적(평)":"20평",
            "법정동주소":"서울시 중구 중림동 200",
            "도로명주소":"서울시 중구 중림로 10",
            "세대수":80,
            "입주년차":20,
            "용적률점수":"--",
            "건폐율점수":"--",
            "세대당주차수":60,
            "난방방식":30,
            "공급면적":"--",
            "전용률":"--",
            "욕실수":50,
            "현관타입":100,
            "주거총점":59.0,
            "지역구공급총점":0.0,
            "역세권":80,
            "30분내 이동가능 거점":100,
            "1시간내 이동가능 거점":90,
            "교통총점":88.0,
            "백화점":100,
            "아울렛몰":100,
            "대형마트":100,
            "은행":100,
            "병원":0,
            "종합병원":100,
            "공원":100,
            "혐오시설":-50,
            "인프라총점":87.0,
            "초등학군":89.98,
            "중학군":43.42,
            "학군총점":52.732,
            "인구수":13.35,
            "인구증감":-6.7,
            "인구총점":7.335,
            "일자리":45.05,
            "소득수준":86.31,
            "일자리총점":57.428,
            "가치 총점":76.6098,
            "매매실거래년":20200616.0,
            "매매실거래가":135000.0,
            "전세실거래년":20190226.0,
            "전세실거래가":38000.0,
            "전세가율":86.36,
            "장기전세가율평균":68.08,
            "전세가율거품지수":-18.28,
            "검색코드":3832,
            "세대수":712.0,
            "준공년월":"2001-07-11",
            "준공년차":22.0,
            "가까운역이름":"충정로",
            "가까운역거리":184.38,
            "역세권여부":"역세권",
            "30분이내주요거점역":6,
            "30분거점역이름":"['여의도', '을지로입구', '을지로3가', '왕십리', '홍대입구', '명동']",
            "1시간이내주요거점역":9,
            "1시간거점역이름":"['강남', '여의도', '을지로입구', '을지로3가', '양재', '왕십리', '홍대입구', '명동', '마곡']",
            "3km이내백화점수":3,
            "5km이내아울렛몰수":2,
            "1km이내대형먀트수":2,
            "500m이내은행수":6,
            "500m이내병원수":0,
            "5km이내대형병원수":9,
            "500m이내공원수":2,
            "3km이내혐오시설수":1,
            "초등학교학업성취도":89.98,
            "중학교학업성취도":71.5,
            "용적률":251,
            "건폐율":24,
            "Y":37.558616,
            "X":126.964874,
            "rank":1.0,
            "area_info":"20평(68.14), 20평(68.89), 23평(77.28), 23평(77.58), 30평(99.45), 33평(109.96), 33평(109.94), 44평(148.57), 44평(148.27)",
            "last_sales":"2020-06-16,135000.0,44평(148.27)",
            "rank_history":[
                [
                    "202202",
                    1
                ],
                [
                    "202201",
                    1
                ]
            ],
            "rank_gap":0
        },
        {
            "index":242,
            "아파트명":"롯데캐슬베네치아",
            "투자타입":"일반",
            "전용면적(m2)":"79.2",
            "전용면적(평)":"23평",
            "법정동주소":"서울시 중구 황학동 2545",
            "도로명주소":"서울시 중구 청계천로 400",
            "세대수":100,
            "입주년차":40,
            "용적률점수":"--",
            "건폐율점수":"--",
            "세대당주차수":60,
            "난방방식":30,
            "공급면적":"--",
            "전용률":"--",
            "욕실수":50,
            "현관타입":50,
            "주거총점":65.0,
            "지역구공급총점":0.0,
            "역세권":80,
            "30분내 이동가능 거점":80,
            "1시간내 이동가능 거점":90,
            "교통총점":82.0,
            "백화점":100,
            "아울렛몰":100,
            "대형마트":80,
            "은행":100,
            "병원":0,
            "종합병원":100,
            "공원":80,
            "혐오시설":-100,
            "인프라총점":82.4,
            "초등학군":89.96,
            "중학군":48.22,
            "학군총점":56.568,
            "인구수":13.35,
            "인구증감":-6.7,
            "인구총점":7.335,
            "일자리":45.05,
            "소득수준":86.31,
            "일자리총점":57.428,
            "가치 총점":74.9052,
            "매매실거래년":20211113.0,
            "매매실거래가":125000.0,
            "전세실거래년":20220118.0,
            "전세실거래가":44100.0,
            "전세가율":44.55,
            "장기전세가율평균":68.08,
            "전세가율거품지수":23.53,
            "검색코드":24845,
            "세대수":1870.0,
            "준공년월":"2008-12-22",
            "준공년차":15.0,
            "가까운역이름":"동묘앞",
            "가까운역거리":453.71,
            "역세권여부":"역세권",
            "30분이내주요거점역":4,
            "30분거점역이름":"['을지로입구', '을지로3가', '왕십리', '명동']",
            "1시간이내주요거점역":9,
            "1시간거점역이름":"['강남', '역삼', '잠실', '을지로입구', '을지로3가', '양재', '왕십리', '홍대입구', '명동']",
            "3km이내백화점수":1,
            "5km이내아울렛몰수":2,
            "1km이내대형먀트수":1,
            "500m이내은행수":6,
            "500m이내병원수":0,
            "5km이내대형병원수":12,
            "500m이내공원수":1,
            "3km이내혐오시설수":3,
            "초등학교학업성취도":89.96,
            "중학교학업성취도":79.3,
            "용적률":557,
            "건폐율":55,
            "Y":37.570971,
            "X":127.021134,
            "rank":2.0,
            "area_info":"23평(79.2), 23평(79.16), 33평(112.27), 33평(112.16), 33평(112.21), 33평(112.18), 33평(112.18), 45평(151.82)",
            "last_sales":"2021-11-13,125000.0,33평(112.27)",
            "rank_history":[
                [
                    "202202",
                    2
                ],
                [
                    "202201",
                    3
                ]
            ],
            "rank_gap":1
        },
        {
            "index":174,
            "아파트명":"삼정아트테라스정동(도시형)",
            "투자타입":"일반",
            "전용면적(m2)":"21.71",
            "전용면적(평)":"6평",
            "법정동주소":"서울시 중구 정동 37",
            "도로명주소":"서울시 중구 서소문로 89-20",
            "세대수":0,
            "입주년차":100,
            "용적률점수":"--",
            "건폐율점수":"--",
            "세대당주차수":0,
            "난방방식":30,
            "공급면적":"--",
            "전용률":"--",
            "욕실수":50,
            "현관타입":100,
            "주거총점":38.0,
            "지역구공급총점":0.0,
            "역세권":80,
            "30분내 이동가능 거점":100,
            "1시간내 이동가능 거점":100,
            "교통총점":90.0,
            "백화점":100,
            "아울렛몰":100,
            "대형마트":100,
            "은행":100,
            "병원":0,
            "종합병원":100,
            "공원":100,
            "혐오시설":-50,
            "인프라총점":87.0,
            "초등학군":89.98,
            "중학군":49.76,
            "학군총점":57.804,
            "인구수":13.35,
            "인구증감":-6.7,
            "인구총점":7.335,
            "일자리":45.05,
            "소득수준":86.31,
            "일자리총점":57.428,
            "가치 총점":73.8706,
            "매매실거래년":20211106.0,
            "매매실거래가":49000.0,
            "전세실거래년":20211229.0,
            "전세실거래가":20000.0,
            "전세가율":100.0,
            "장기전세가율평균":68.08,
            "전세가율거품지수":-31.92,
            "검색코드":136216,
            "세대수":168.0,
            "준공년월":"2020-12-01",
            "준공년차":3.0,
            "가까운역이름":"시청",
            "가까운역거리":494.51,
            "역세권여부":"역세권",
            "30분이내주요거점역":5,
            "30분거점역이름":"['을지로입구', '을지로3가', '왕십리', '홍대입구', '명동']",
            "1시간이내주요거점역":10,
            "1시간거점역이름":"['강남', '역삼', '여의도', '을지로입구', '을지로3가', '양재', '왕십리', '홍대입구', '명동', '마곡']",
            "3km이내백화점수":2,
            "5km이내아울렛몰수":2,
            "1km이내대형먀트수":2,
            "500m이내은행수":13,
            "500m이내병원수":0,
            "5km이내대형병원수":9,
            "500m이내공원수":6,
            "3km이내혐오시설수":1,
            "초등학교학업성취도":89.98,
            "중학교학업성취도":81.4,
            "용적률":249,
            "건폐율":49,
            "Y":37.563241,
            "X":126.971816,
            "rank":3.0,
            "area_info":"6평(21.71), 6평(21.16), 6평(22.64), 8평(26.71), 8평(26.71), 8평(27.26), 8평(27.86), 8평(28.1), 9평(30.0), 9평(32.83), 10평(33.09), 10평(33.65), 10평(34.13), 10평(35.04), 10평(36.18), 12평(39.95), 12평(39.75), 12평(41.28), 13평(45.84), 14평(47.54), 14평(47.54), 16평(54.48)",
            "last_sales":"2021-11-06,49000.0,16평(54.48)",
            "rank_history":[
                [
                    "202202",
                    3
                ],
                [
                    "202201",
                    2
                ]
            ],
            "rank_gap":-1
        },
        {
            "index":196,
            "아파트명":"브라운스톤서울",
            "투자타입":"일반",
            "전용면적(m2)":"103.38",
            "전용면적(평)":"31평",
            "법정동주소":"서울시 중구 중림동 355",
            "도로명주소":"서울시 중구 청파로 464",
            "세대수":0,
            "입주년차":40,
            "용적률점수":"--",
            "건폐율점수":"--",
            "세대당주차수":30,
            "난방방식":30,
            "공급면적":"--",
            "전용률":"--",
            "욕실수":100,
            "현관타입":50,
            "주거총점":30.5,
            "지역구공급총점":0.0,
            "역세권":80,
            "30분내 이동가능 거점":100,
            "1시간내 이동가능 거점":100,
            "교통총점":90.0,
            "백화점":100,
            "아울렛몰":100,
            "대형마트":100,
            "은행":100,
            "병원":0,
            "종합병원":100,
            "공원":100,
            "혐오시설":-50,
            "인프라총점":87.0,
            "초등학군":89.98,
            "중학군":46.4,
            "학군총점":55.116,
            "인구수":13.35,
            "인구증감":-6.7,
            "인구총점":7.335,
            "일자리":45.05,
            "소득수준":86.31,
            "일자리총점":57.428,
            "가치 총점":71.9674,
            "매매실거래년":20210312.0,
            "매매실거래가":124500.0,
            "전세실거래년":20210506.0,
            "전세실거래가":55600.0,
            "전세가율":44.66,
            "장기전세가율평균":68.08,
            "전세가율거품지수":23.42,
            "검색코드":13721,
            "세대수":110.0,
            "준공년월":"2006-03-20",
            "준공년차":17.0,
            "가까운역이름":"충정로",
            "가까운역거리":410.8,
            "역세권여부":"역세권",
            "30분이내주요거점역":5,
            "30분거점역이름":"['여의도', '을지로입구', '을지로3가', '홍대입구', '명동']",
            "1시간이내주요거점역":10,
            "1시간거점역이름":"['강남', '역삼', '여의도', '을지로입구', '을지로3가', '양재', '왕십리', '홍대입구', '명동', '마곡']",
            "3km이내백화점수":3,
            "5km이내아울렛몰수":2,
            "1km이내대형먀트수":2,
            "500m이내은행수":8,
            "500m이내병원수":0,
            "5km이내대형병원수":9,
            "500m이내공원수":4,
            "3km이내혐오시설수":1,
            "초등학교학업성취도":89.98,
            "중학교학업성취도":76.6,
            "용적률":960,
            "건폐율":53,
            "Y":37.56087,
            "X":126.968193,
            "rank":4.0,
            "area_info":"31평(103.38), 41평(137.06), 43평(143.41), 51평(169.99)",
            "last_sales":"2021-03-12,124500.0,31평(103.38)",
            "rank_history":[
                [
                    "202202",
                    4
                ],
                [
                    "202201",
                    5
                ]
            ],
            "rank_gap":1
        },
        {
            "index":91,
            "아파트명":"신당파인힐하나유보라(민간임대)",
            "투자타입":"일반",
            "전용면적(m2)":"38.36",
            "전용면적(평)":"11평",
            "법정동주소":"서울시 중구 신당동 855",
            "도로명주소":"서울시 중구 왕십리로 407",
            "세대수":80,
            "입주년차":100,
            "용적률점수":"--",
            "건폐율점수":"--",
            "세대당주차수":0,
            "난방방식":30,
            "공급면적":"--",
            "전용률":"--",
            "욕실수":50,
            "현관타입":100,
            "주거총점":66.0,
            "지역구공급총점":0.0,
            "역세권":80,
            "30분내 이동가능 거점":60,
            "1시간내 이동가능 거점":70,
            "교통총점":72.0,
            "백화점":100,
            "아울렛몰":100,
            "대형마트":100,
            "은행":70,
            "병원":0,
            "종합병원":100,
            "공원":80,
            "혐오시설":-100,
            "인프라총점":82.4,
            "초등학군":90.0,
            "중학군":50.68,
            "학군총점":58.544,
            "인구수":13.35,
            "인구증감":-6.7,
            "인구총점":7.335,
            "일자리":45.05,
            "소득수준":86.31,
            "일자리총점":57.428,
            "가치 총점":71.9016,
            "매매실거래년":"18000101",
            "매매실거래가":null,
            "전세실거래년":null,
            "전세실거래가":null,
            "전세가율":null,
            "장기전세가율평균":68.08,
            "전세가율거품지수":null,
            "검색코드":137485,
            "세대수":718.0,
            "준공년월":"2019-06-07",
            "준공년차":4.0,
            "가까운역이름":"상왕십리",
            "가까운역거리":414.85,
            "역세권여부":"역세권",
            "30분이내주요거점역":3,
            "30분거점역이름":"['을지로입구', '을지로3가', '왕십리']",
            "1시간이내주요거점역":7,
            "1시간거점역이름":"['역삼', '을지로입구', '을지로3가', '양재', '왕십리', '홍대입구', '명동']",
            "3km이내백화점수":1,
            "5km이내아울렛몰수":2,
            "1km이내대형먀트수":2,
            "500m이내은행수":4,
            "500m이내병원수":0,
            "5km이내대형병원수":11,
            "500m이내공원수":1,
            "3km이내혐오시설수":3,
            "초등학교학업성취도":90.0,
            "중학교학업성취도":83.6,
            "용적률":261,
            "건폐율":27,
            "Y":37.564617,
            "X":127.024659,
            "rank":5.0,
            "area_info":"11평(38.36), 11평(39.1), 11평(39.45), 14평(48.55), 15평(49.7), 15평(51.83), 15평(51.83), 27평(91.32)",
            "last_sales":"1800-01-01,nan,11평(38.36)",
            "rank_history":[
                [
                    "202202",
                    5
                ],
                [
                    "202201",
                    6
                ]
            ],
            "rank_gap":1
        },
        {
            "index":44,
            "아파트명":"덕수궁롯데캐슬",
            "투자타입":"일반",
            "전용면적(m2)":"42.8",
            "전용면적(평)":"12평",
            "법정동주소":"서울시 중구 순화동 217",
            "도로명주소":"서울시 중구 서소문로9길 28",
            "세대수":0,
            "입주년차":80,
            "용적률점수":"--",
            "건폐율점수":"--",
            "세대당주차수":30,
            "난방방식":30,
            "공급면적":"--",
            "전용률":"--",
            "욕실수":50,
            "현관타입":100,
            "주거총점":38.5,
            "지역구공급총점":0.0,
            "역세권":80,
            "30분내 이동가능 거점":80,
            "1시간내 이동가능 거점":100,
            "교통총점":84.0,
            "백화점":100,
            "아울렛몰":100,
            "대형마트":100,
            "은행":100,
            "병원":0,
            "종합병원":100,
            "공원":100,
            "혐오시설":-50,
            "인프라총점":87.0,
            "초등학군":89.98,
            "중학군":49.76,
            "학군총점":57.804,
            "인구수":13.35,
            "인구증감":-6.7,
            "인구총점":7.335,
            "일자리":45.05,
            "소득수준":86.31,
            "일자리총점":57.428,
            "가치 총점":71.8706,
            "매매실거래년":20210828.0,
            "매매실거래가":158500.0,
            "전세실거래년":20210205.0,
            "전세실거래가":35000.0,
            "전세가율":58.33,
            "장기전세가율평균":68.08,
            "전세가율거품지수":9.75,
            "검색코드":107404,
            "세대수":296.0,
            "준공년월":"2016-08-31",
            "준공년차":7.0,
            "가까운역이름":"서대문",
            "가까운역거리":380.85,
            "역세권여부":"역세권",
            "30분이내주요거점역":4,
            "30분거점역이름":"['을지로입구', '을지로3가', '홍대입구', '명동']",
            "1시간이내주요거점역":10,
            "1시간거점역이름":"['강남', '역삼', '여의도', '을지로입구', '을지로3가', '양재', '왕십리', '홍대입구', '명동', '마곡']",
            "3km이내백화점수":2,
            "5km이내아울렛몰수":2,
            "1km이내대형먀트수":2,
            "500m이내은행수":14,
            "500m이내병원수":0,
            "5km이내대형병원수":9,
            "500m이내공원수":7,
            "3km이내혐오시설수":1,
            "초등학교학업성취도":89.98,
            "중학교학업성취도":81.4,
            "용적률":499,
            "건폐율":52,
            "Y":37.563861,
            "X":126.970226,
            "rank":6.0,
            "area_info":"12평(42.8), 17평(57.1), 22평(75.86), 28평(93.68), 33평(110.95), 47평(157.07), 48평(158.73)",
            "last_sales":"2021-08-28,158500.0,33평(110.95)",
            "rank_history":[
                [
                    "202202",
                    6
                ],
                [
                    "202201",
                    4
                ]
            ],
            "rank_gap":-2
        },
        {
            "index":6,
            "아파트명":"LIG서울역리가",
            "투자타입":"일반",
            "전용면적(m2)":"110.96",
            "전용면적(평)":"33평",
            "법정동주소":"서울시 중구 만리동1가 231",
            "도로명주소":"서울시 중구 만리재로33길 21",
            "세대수":0,
            "입주년차":60,
            "용적률점수":"--",
            "건폐율점수":"--",
            "세대당주차수":30,
            "난방방식":30,
            "공급면적":"--",
            "전용률":"--",
            "욕실수":100,
            "현관타입":100,
            "주거총점":39.5,
            "지역구공급총점":0.0,
            "역세권":80,
            "30분내 이동가능 거점":100,
            "1시간내 이동가능 거점":90,
            "교통총점":88.0,
            "백화점":100,
            "아울렛몰":100,
            "대형마트":80,
            "은행":70,
            "병원":0,
            "종합병원":100,
            "공원":100,
            "혐오시설":-50,
            "인프라총점":81.0,
            "초등학군":89.98,
            "중학군":43.42,
            "학군총점":52.732,
            "인구수":13.35,
            "인구증감":-6.7,
            "인구총점":7.335,
            "일자리":45.05,
            "소득수준":86.31,
            "일자리총점":57.428,
            "가치 총점":70.9098,
            "매매실거래년":20210128.0,
            "매매실거래가":160000.0,
            "전세실거래년":20211218.0,
            "전세실거래가":80000.0,
            "전세가율":55.17,
            "장기전세가율평균":68.08,
            "전세가율거품지수":12.91,
            "검색코드":102773,
            "세대수":181.0,
            "준공년월":"2012-01-31",
            "준공년차":11.0,
            "가까운역이름":"충정로",
            "가까운역거리":494.06,
            "역세권여부":"역세권",
            "30분이내주요거점역":5,
            "30분거점역이름":"['여의도', '을지로입구', '을지로3가', '홍대입구', '명동']",
            "1시간이내주요거점역":9,
            "1시간거점역이름":"['강남', '여의도', '을지로입구', '을지로3가', '양재', '왕십리', '홍대입구', '명동', '마곡']",
            "3km이내백화점수":3,
            "5km이내아울렛몰수":2,
            "1km이내대형먀트수":1,
            "500m이내은행수":4,
            "500m이내병원수":0,
            "5km이내대형병원수":10,
            "500m이내공원수":2,
            "3km이내혐오시설수":1,
            "초등학교학업성취도":89.98,
            "중학교학업성취도":71.5,
            "용적률":229,
            "건폐율":26,
            "Y":37.556198,
            "X":126.966628,
            "rank":7.0,
            "area_info":"33평(110.96), 33평(111.45), 33평(111.3), 33평(112.1), 34평(112.43)",
            "last_sales":"2021-01-28,160000.0,33평(112.1)",
            "rank_history":[
                [
                    "202202",
                    7
                ],
                [
                    "202201",
                    8
                ]
            ],
            "rank_gap":1
        },
        {
            "index":287,
            "아파트명":"리더스뷰남산",
            "투자타입":"일반",
            "전용면적(m2)":"143.02",
            "전용면적(평)":"43평",
            "법정동주소":"서울시 중구 회현동1가 206",
            "도로명주소":"서울시 중구 퇴계로 72",
            "세대수":0,
            "입주년차":60,
            "용적률점수":"--",
            "건폐율점수":"--",
            "세대당주차수":100,
            "난방방식":30,
            "공급면적":"--",
            "전용률":"--",
            "욕실수":100,
            "현관타입":100,
            "주거총점":50.0,
            "지역구공급총점":0.0,
            "역세권":80,
            "30분내 이동가능 거점":80,
            "1시간내 이동가능 거점":70,
            "교통총점":78.0,
            "백화점":100,
            "아울렛몰":100,
            "대형마트":80,
            "은행":100,
            "병원":0,
            "종합병원":100,
            "공원":0,
            "혐오시설":0,
            "인프라총점":82.0,
            "초등학군":90.0,
            "중학군":49.76,
            "학군총점":57.808,
            "인구수":13.35,
            "인구증감":-6.7,
            "인구총점":7.335,
            "일자리":45.05,
            "소득수준":86.31,
            "일자리총점":57.428,
            "가치 총점":70.5712,
            "매매실거래년":20210801.0,
            "매매실거래가":370000.0,
            "전세실거래년":20190921.0,
            "전세실거래가":85000.0,
            "전세가율":68.55,
            "장기전세가율평균":68.08,
            "전세가율거품지수":-0.47,
            "검색코드":26121,
            "세대수":233.0,
            "준공년월":"2010-01-11",
            "준공년차":13.0,
            "가까운역이름":"회현",
            "가까운역거리":215.66,
            "역세권여부":"역세권",
            "30분이내주요거점역":4,
            "30분거점역이름":"['을지로입구', '을지로3가', '홍대입구', '명동']",
            "1시간이내주요거점역":7,
            "1시간거점역이름":"['여의도', '을지로입구', '을지로3가', '왕십리', '홍대입구', '구로디지털단지', '명동']",
            "3km이내백화점수":2,
            "5km이내아울렛몰수":2,
            "1km이내대형먀트수":1,
            "500m이내은행수":12,
            "500m이내병원수":0,
            "5km이내대형병원수":10,
            "500m이내공원수":0,
            "3km이내혐오시설수":0,
            "초등학교학업성취도":90.0,
            "중학교학업성취도":81.4,
            "용적률":970,
            "건폐율":52,
            "Y":37.559146,
            "X":126.980559,
            "rank":8.0,
            "area_info":"43평(143.02), 46평(152.54), 51평(170.98), 51평(171.03), 54평(181.25), 66평(219.14), 77평(255.63), 92평(304.28), 92평(304.23)",
            "last_sales":"2021-08-01,370000.0,92평(304.23)",
            "rank_history":[
                [
                    "202202",
                    8
                ],
                [
                    "202201",
                    7
                ]
            ],
            "rank_gap":-1
        },
        {
            "index":11,
            "아파트명":"서울역센트럴자이",
            "투자타입":"일반",
            "전용면적(m2)":"84.33",
            "전용면적(평)":"25평",
            "법정동주소":"서울시 중구 만리동2가 273",
            "도로명주소":"서울시 중구 만리재로 175",
            "세대수":90,
            "입주년차":80,
            "용적률점수":"--",
            "건폐율점수":"--",
            "세대당주차수":30,
            "난방방식":30,
            "공급면적":"--",
            "전용률":"--",
            "욕실수":100,
            "현관타입":100,
            "주거총점":75.0,
            "지역구공급총점":0.0,
            "역세권":50,
            "30분내 이동가능 거점":80,
            "1시간내 이동가능 거점":70,
            "교통총점":63.0,
            "백화점":100,
            "아울렛몰":100,
            "대형마트":80,
            "은행":70,
            "병원":0,
            "종합병원":100,
            "공원":100,
            "혐오시설":-50,
            "인프라총점":81.0,
            "초등학군":89.98,
            "중학군":43.42,
            "학군총점":52.732,
            "인구수":13.35,
            "인구증감":-6.7,
            "인구총점":7.335,
            "일자리":45.05,
            "소득수준":86.31,
            "일자리총점":57.428,
            "가치 총점":69.2598,
            "매매실거래년":20211025.0,
            "매매실거래가":154000.0,
            "전세실거래년":20210710.0,
            "전세실거래가":81000.0,
            "전세가율":52.6,
            "장기전세가율평균":68.08,
            "전세가율거품지수":15.48,
            "검색코드":109250,
            "세대수":1341.0,
            "준공년월":"2017-08-07",
            "준공년차":6.0,
            "가까운역이름":"충정로",
            "가까운역거리":557.05,
            "역세권여부":"준역세권",
            "30분이내주요거점역":4,
            "30분거점역이름":"['여의도', '을지로입구', '홍대입구', '명동']",
            "1시간이내주요거점역":7,
            "1시간거점역이름":"['여의도', '을지로입구', '을지로3가', '왕십리', '홍대입구', '명동', '마곡']",
            "3km이내백화점수":3,
            "5km이내아울렛몰수":2,
            "1km이내대형먀트수":1,
            "500m이내은행수":3,
            "500m이내병원수":0,
            "5km이내대형병원수":10,
            "500m이내공원수":3,
            "3km이내혐오시설수":1,
            "초등학교학업성취도":89.98,
            "중학교학업성취도":71.5,
            "용적률":234,
            "건폐율":19,
            "Y":37.55498,
            "X":126.963157,
            "rank":9.0,
            "area_info":"25평(84.33), 25평(85.35), 25평(85.48), 29평(97.13), 29평(98.68), 29평(99.05), 29평(99.11), 34평(112.45), 34평(113.69), 34평(113.82), 34평(113.82), 39평(131.29)",
            "last_sales":"2021-10-25,154000.0,25평(84.33)",
            "rank_history":[
                [
                    "202202",
                    9
                ],
                [
                    "202201",
                    12
                ]
            ],
            "rank_gap":3
        },
        {
            "index":262,
            "아파트명":"황학코아루",
            "투자타입":"일반",
            "전용면적(m2)":"98.95",
            "전용면적(평)":"29평",
            "법정동주소":"서울시 중구 황학동 882",
            "도로명주소":"서울시 중구 난계로11길 30",
            "세대수":0,
            "입주년차":60,
            "용적률점수":"--",
            "건폐율점수":"--",
            "세대당주차수":60,
            "난방방식":30,
            "공급면적":"--",
            "전용률":"--",
            "욕실수":100,
            "현관타입":100,
            "주거총점":44.0,
            "지역구공급총점":0.0,
            "역세권":80,
            "30분내 이동가능 거점":60,
            "1시간내 이동가능 거점":90,
            "교통총점":76.0,
            "백화점":100,
            "아울렛몰":100,
            "대형마트":80,
            "은행":100,
            "병원":0,
            "종합병원":100,
            "공원":100,
            "혐오시설":-100,
            "인프라총점":83.0,
            "초등학군":90.0,
            "중학군":50.68,
            "학군총점":58.544,
            "인구수":13.35,
            "인구증감":-6.7,
            "인구총점":7.335,
            "일자리":45.05,
            "소득수준":86.31,
            "일자리총점":57.428,
            "가치 총점":69.0816,
            "매매실거래년":20210820.0,
            "매매실거래가":97000.0,
            "전세실거래년":20130408.0,
            "전세실거래가":31000.0,
            "전세가율":64.18,
            "장기전세가율평균":68.08,
            "전세가율거품지수":3.9,
            "검색코드":101721,
            "세대수":112.0,
            "준공년월":"2010-10-29",
            "준공년차":13.0,
            "가까운역이름":"신당",
            "가까운역거리":410.16,
            "역세권여부":"역세권",
            "30분이내주요거점역":3,
            "30분거점역이름":"['을지로입구', '을지로3가', '왕십리']",
            "1시간이내주요거점역":9,
            "1시간거점역이름":"['강남', '역삼', '잠실', '을지로입구', '을지로3가', '양재', '왕십리', '홍대입구', '명동']",
            "3km이내백화점수":1,
            "5km이내아울렛몰수":2,
            "1km이내대형먀트수":1,
            "500m이내은행수":7,
            "500m이내병원수":0,
            "5km이내대형병원수":12,
            "500m이내공원수":2,
            "3km이내혐오시설수":3,
            "초등학교학업성취도":90.0,
            "중학교학업성취도":83.6,
            "용적률":453,
            "건폐율":39,
            "Y":37.566612,
            "X":127.022403,
            "rank":10.0,
            "area_info":"29평(98.95), 29평(99.12), 32평(106.49), 32평(106.85), 32평(106.7), 46평(154.35), 50평(167.89), 51평(171.09), 55평(184.23), 55평(184.26), 73평(244.26), 77평(257.08)",
            "last_sales":"2021-08-20,97000.0,55평(184.23)",
            "rank_history":[
                [
                    "202202",
                    10
                ],
                [
                    "202201",
                    10
                ]
            ],
            "rank_gap":0
        },
        {
            "index":218,
            "아파트명":"진양",
            "투자타입":"재건축",
            "전용면적(m2)":"71.93",
            "전용면적(평)":"21평",
            "법정동주소":"서울시 중구 충무로4가 120-3",
            "도로명주소":"서울시 중구 퇴계로 217",
            "세대수":0,
            "입주년차":"--",
            "용적률점수":100,
            "건폐율점수":100,
            "세대당주차수":"--",
            "난방방식":"--",
            "공급면적":50,
            "전용률":100,
            "욕실수":"--",
            "현관타입":"--",
            "주거총점":67.5,
            "지역구공급총점":0.0,
            "역세권":80,
            "30분내 이동가능 거점":60,
            "1시간내 이동가능 거점":90,
            "교통총점":76.0,
            "백화점":100,
            "아울렛몰":100,
            "대형마트":0,
            "은행":100,
            "병원":0,
            "종합병원":100,
            "공원":80,
            "혐오시설":0,
            "인프라총점":72.4,
            "초등학군":90.02,
            "중학군":35.66,
            "학군총점":46.532,
            "인구수":13.35,
            "인구증감":-6.7,
            "인구총점":7.335,
            "일자리":45.05,
            "소득수준":86.31,
            "일자리총점":57.428,
            "가치 총점":68.7998,
            "매매실거래년":20210909.0,
            "매매실거래가":47000.0,
            "전세실거래년":20211014.0,
            "전세실거래가":32000.0,
            "전세가율":68.09,
            "장기전세가율평균":68.08,
            "전세가율거품지수":-0.01,
            "검색코드":15839,
            "세대수":284.0,
            "준공년월":"1970-05-23",
            "준공년차":53.0,
            "가까운역이름":"충무로",
            "가까운역거리":191.53,
            "역세권여부":"역세권",
            "30분이내주요거점역":3,
            "30분거점역이름":"['을지로입구', '을지로3가', '명동']",
            "1시간이내주요거점역":9,
            "1시간거점역이름":"['강남', '역삼', '여의도', '을지로입구', '을지로3가', '양재', '왕십리', '홍대입구', '명동']",
            "3km이내백화점수":2,
            "5km이내아울렛몰수":2,
            "1km이내대형먀트수":0,
            "500m이내은행수":9,
            "500m이내병원수":0,
            "5km이내대형병원수":11,
            "500m이내공원수":1,
            "3km이내혐오시설수":0,
            "초등학교학업성취도":90.02,
            "중학교학업성취도":58.1,
            "용적률":147,
            "건폐율":12,
            "Y":37.562398,
            "X":126.995892,
            "rank":11.0,
            "area_info":"21평(71.93), 21평(71.94), 21평(72.6), 22평(72.96), 23평(78.28), 26평(87.27), 28평(95.8), 28평(95.81), 28평(95.82), 30평(101.19), 32평(107.9), 39평(132.13), 43평(143.54), 48평(159.24), 50평(167.74)",
            "last_sales":"2021-09-09,47000.0,21평(71.93)",
            "rank_history":[
                [
                    "202202",
                    11
                ],
                [
                    "202201",
                    11
                ]
            ],
            "rank_gap":0
        },
        {
            "index":252,
            "아파트명":"황학아크로타워",
            "투자타입":"일반",
            "전용면적(m2)":"110.52",
            "전용면적(평)":"33평",
            "법정동주소":"서울시 중구 황학동 2523",
            "도로명주소":"서울시 중구 퇴계로 447",
            "세대수":0,
            "입주년차":60,
            "용적률점수":"--",
            "건폐율점수":"--",
            "세대당주차수":80,
            "난방방식":30,
            "공급면적":"--",
            "전용률":"--",
            "욕실수":100,
            "현관타입":50,
            "주거총점":42.0,
            "지역구공급총점":0.0,
            "역세권":80,
            "30분내 이동가능 거점":60,
            "1시간내 이동가능 거점":90,
            "교통총점":76.0,
            "백화점":100,
            "아울렛몰":100,
            "대형마트":80,
            "은행":100,
            "병원":0,
            "종합병원":100,
            "공원":100,
            "혐오시설":-100,
            "인프라총점":83.0,
            "초등학군":90.0,
            "중학군":50.68,
            "학군총점":58.544,
            "인구수":13.35,
            "인구증감":-6.7,
            "인구총점":7.335,
            "일자리":45.05,
            "소득수준":86.31,
            "일자리총점":57.428,
            "가치 총점":68.6816,
            "매매실거래년":20211204.0,
            "매매실거래가":120000.0,
            "전세실거래년":20220112.0,
            "전세실거래가":80000.0,
            "전세가율":67.8,
            "장기전세가율평균":68.08,
            "전세가율거품지수":0.28,
            "검색코드":26394,
            "세대수":263.0,
            "준공년월":"2010-03-31",
            "준공년차":13.0,
            "가까운역이름":"신당",
            "가까운역거리":363.76,
            "역세권여부":"역세권",
            "30분이내주요거점역":3,
            "30분거점역이름":"['을지로입구', '을지로3가', '왕십리']",
            "1시간이내주요거점역":9,
            "1시간거점역이름":"['강남', '역삼', '잠실', '을지로입구', '을지로3가', '양재', '왕십리', '홍대입구', '명동']",
            "3km이내백화점수":1,
            "5km이내아울렛몰수":2,
            "1km이내대형먀트수":1,
            "500m이내은행수":6,
            "500m이내병원수":0,
            "5km이내대형병원수":12,
            "500m이내공원수":3,
            "3km이내혐오시설수":3,
            "초등학교학업성취도":90.0,
            "중학교학업성취도":83.6,
            "용적률":698,
            "건폐율":59,
            "Y":37.56595,
            "X":127.021947,
            "rank":12.0,
            "area_info":"33평(110.52), 33평(110.43), 33평(110.52), 33평(110.52), 42평(141.97), 43평(144.68), 46평(152.67), 51평(170.32), 52평(174.7), 58평(193.9)",
            "last_sales":"2021-12-04,120000.0,42평(141.97)",
            "rank_history":[
                [
                    "202202",
                    12
                ],
                [
                    "202201",
                    13
                ]
            ],
            "rank_gap":1
        },
        {
            "index":337,
            "아파트명":"동대문와이즈캐슬(도시형)",
            "투자타입":"일반",
            "전용면적(m2)":"25.42",
            "전용면적(평)":"7평",
            "법정동주소":"서울시 중구 흥인동 119",
            "도로명주소":"서울시 중구 퇴계로75길 7",
            "세대수":0,
            "입주년차":80,
            "용적률점수":"--",
            "건폐율점수":"--",
            "세대당주차수":0,
            "난방방식":30,
            "공급면적":"--",
            "전용률":"--",
            "욕실수":50,
            "현관타입":10,
            "주거총점":25.0,
            "지역구공급총점":0.0,
            "역세권":80,
            "30분내 이동가능 거점":80,
            "1시간내 이동가능 거점":90,
            "교통총점":82.0,
            "백화점":100,
            "아울렛몰":100,
            "대형마트":80,
            "은행":100,
            "병원":0,
            "종합병원":100,
            "공원":100,
            "혐오시설":0,
            "인프라총점":85.0,
            "초등학군":89.96,
            "중학군":49.38,
            "학군총점":57.496,
            "인구수":13.35,
            "인구증감":-6.7,
            "인구총점":7.335,
            "일자리":45.05,
            "소득수준":86.31,
            "일자리총점":57.428,
            "가치 총점":67.8244,
            "매매실거래년":20210904.0,
            "매매실거래가":14000.0,
            "전세실거래년":20210719.0,
            "전세실거래가":14500.0,
            "전세가율":103.57,
            "장기전세가율평균":68.08,
            "전세가율거품지수":-35.49,
            "검색코드":106449,
            "세대수":150.0,
            "준공년월":"2014-10-23",
            "준공년차":9.0,
            "가까운역이름":"신당",
            "가까운역거리":206.96,
            "역세권여부":"역세권",
            "30분이내주요거점역":4,
            "30분거점역이름":"['을지로입구', '을지로3가', '왕십리', '명동']",
            "1시간이내주요거점역":9,
            "1시간거점역이름":"['강남', '역삼', '잠실', '여의도', '을지로입구', '을지로3가', '왕십리', '홍대입구', '명동']",
            "3km이내백화점수":1,
            "5km이내아울렛몰수":2,
            "1km이내대형먀트수":1,
            "500m이내은행수":7,
            "500m이내병원수":0,
            "5km이내대형병원수":11,
            "500m이내공원수":2,
            "3km이내혐오시설수":0,
            "초등학교학업성취도":89.96,
            "중학교학업성취도":81.7,
            "용적률":644,
            "건폐율":59,
            "Y":37.565915,
            "X":127.015473,
            "rank":13.0,
            "area_info":"7평(25.42), 7평(25.42), 8평(26.65), 8평(27.06), 10평(36.09), 12평(41.27)",
            "last_sales":"2021-09-04,14000.0,7평(25.42)",
            "rank_history":[
                [
                    "202202",
                    13
                ],
                [
                    "202201",
                    14
                ]
            ],
            "rank_gap":1
        },
        {
            "index":51,
            "아파트명":"순화더샵",
            "투자타입":"일반",
            "전용면적(m2)":"46.29",
            "전용면적(평)":"14평",
            "법정동주소":"서울시 중구 순화동 151",
            "도로명주소":"서울시 중구 칠패로 27",
            "세대수":0,
            "입주년차":40,
            "용적률점수":"--",
            "건폐율점수":"--",
            "세대당주차수":100,
            "난방방식":30,
            "공급면적":"--",
            "전용률":"--",
            "욕실수":50,
            "현관타입":10,
            "주거총점":32.0,
            "지역구공급총점":0.0,
            "역세권":50,
            "30분내 이동가능 거점":100,
            "1시간내 이동가능 거점":100,
            "교통총점":75.0,
            "백화점":100,
            "아울렛몰":100,
            "대형마트":100,
            "은행":100,
            "병원":0,
            "종합병원":100,
            "공원":100,
            "혐오시설":-50,
            "인프라총점":87.0,
            "초등학군":89.98,
            "중학군":49.76,
            "학군총점":57.804,
            "인구수":13.35,
            "인구증감":-6.7,
            "인구총점":7.335,
            "일자리":45.05,
            "소득수준":86.31,
            "일자리총점":57.428,
            "가치 총점":67.4206,
            "매매실거래년":20201026.0,
            "매매실거래가":98000.0,
            "전세실거래년":null,
            "전세실거래가":null,
            "전세가율":null,
            "장기전세가율평균":68.08,
            "전세가율거품지수":null,
            "검색코드":17518,
            "세대수":137.0,
            "준공년월":"2007-05-25",
            "준공년차":16.0,
            "가까운역이름":"회현",
            "가까운역거리":573.95,
            "역세권여부":"준역세권",
            "30분이내주요거점역":5,
            "30분거점역이름":"['여의도', '을지로입구', '을지로3가', '홍대입구', '명동']",
            "1시간이내주요거점역":10,
            "1시간거점역이름":"['강남', '역삼', '여의도', '을지로입구', '을지로3가', '양재', '왕십리', '홍대입구', '구로디지털단지', '명동']",
            "3km이내백화점수":2,
            "5km이내아울렛몰수":2,
            "1km이내대형먀트수":2,
            "500m이내은행수":17,
            "500m이내병원수":0,
            "5km이내대형병원수":9,
            "500m이내공원수":5,
            "3km이내혐오시설수":1,
            "초등학교학업성취도":89.98,
            "중학교학업성취도":81.4,
            "용적률":0,
            "건폐율":0,
            "Y":37.559937,
            "X":126.971987,
            "rank":14.0,
            "area_info":"14평(46.29), 14평(47.99), 19평(63.97), 20평(67.91), 22평(74.87), 23평(79.09), 25평(83.23), 30평(101.22), 33평(110.51), 33평(110.39), 33평(110.46)",
            "last_sales":"2020-10-26,98000.0,33평(110.46)",
            "rank_history":[
                [
                    "202202",
                    14
                ],
                [
                    "202201",
                    15
                ]
            ],
            "rank_gap":1
        },
        {
            "index":331,
            "아파트명":"쌍용남산플래티넘",
            "투자타입":"일반",
            "전용면적(m2)":"175.57",
            "전용면적(평)":"53평",
            "법정동주소":"서울시 중구 회현동2가 87",
            "도로명주소":"서울시 중구 소공로 46",
            "세대수":0,
            "입주년차":60,
            "용적률점수":"--",
            "건폐율점수":"--",
            "세대당주차수":100,
            "난방방식":30,
            "공급면적":"--",
            "전용률":"--",
            "욕실수":100,
            "현관타입":100,
            "주거총점":50.0,
            "지역구공급총점":0.0,
            "역세권":80,
            "30분내 이동가능 거점":80,
            "1시간내 이동가능 거점":90,
            "교통총점":82.0,
            "백화점":100,
            "아울렛몰":100,
            "대형마트":0,
            "은행":100,
            "병원":0,
            "종합병원":100,
            "공원":0,
            "혐오시설":0,
            "인프라총점":70.0,
            "초등학군":90.0,
            "중학군":35.66,
            "학군총점":46.528,
            "인구수":13.35,
            "인구증감":-6.7,
            "인구총점":7.335,
            "일자리":45.05,
            "소득수준":86.31,
            "일자리총점":57.428,
            "가치 총점":66.6792,
            "매매실거래년":20210324.0,
            "매매실거래가":230000.0,
            "전세실거래년":20200807.0,
            "전세실거래가":100000.0,
            "전세가율":71.94,
            "장기전세가율평균":68.08,
            "전세가율거품지수":-3.86,
            "검색코드":27378,
            "세대수":236.0,
            "준공년월":"2010-08-05",
            "준공년차":13.0,
            "가까운역이름":"명동",
            "가까운역거리":294.04,
            "역세권여부":"역세권",
            "30분이내주요거점역":4,
            "30분거점역이름":"['을지로입구', '을지로3가', '홍대입구', '명동']",
            "1시간이내주요거점역":9,
            "1시간거점역이름":"['강남', '역삼', '여의도', '을지로입구', '을지로3가', '양재', '왕십리', '홍대입구', '명동']",
            "3km이내백화점수":2,
            "5km이내아울렛몰수":2,
            "1km이내대형먀트수":0,
            "500m이내은행수":11,
            "500m이내병원수":0,
            "5km이내대형병원수":11,
            "500m이내공원수":0,
            "3km이내혐오시설수":0,
            "초등학교학업성취도":90.0,
            "중학교학업성취도":58.1,
            "용적률":980,
            "건폐율":55,
            "Y":37.559624,
            "X":126.983468,
            "rank":15.0,
            "area_info":"53평(175.57), 59평(195.26), 61평(204.25), 65평(217.1), 84평(280.93), 92평(306.07)",
            "last_sales":"2021-03-24,230000.0,65평(217.1)",
            "rank_history":[
                [
                    "202202",
                    15
                ],
                [
                    "202201",
                    16
                ]
            ],
            "rank_gap":1
        },
        {
            "index":23,
            "아파트명":"서울역한라비발디센트럴",
            "투자타입":"일반",
            "전용면적(m2)":"95.08",
            "전용면적(평)":"28평",
            "법정동주소":"서울시 중구 만리동2가 288",
            "도로명주소":"서울시 중구 만리재로 177",
            "세대수":0,
            "입주년차":80,
            "용적률점수":"--",
            "건폐율점수":"--",
            "세대당주차수":30,
            "난방방식":30,
            "공급면적":"--",
            "전용률":"--",
            "욕실수":100,
            "현관타입":100,
            "주거총점":43.5,
            "지역구공급총점":0.0,
            "역세권":50,
            "30분내 이동가능 거점":100,
            "1시간내 이동가능 거점":80,
            "교통총점":71.0,
            "백화점":100,
            "아울렛몰":100,
            "대형마트":80,
            "은행":70,
            "병원":0,
            "종합병원":100,
            "공원":100,
            "혐오시설":-50,
            "인프라총점":81.0,
            "초등학군":89.98,
            "중학군":43.42,
            "학군총점":52.732,
            "인구수":13.35,
            "인구증감":-6.7,
            "인구총점":7.335,
            "일자리":45.05,
            "소득수준":86.31,
            "일자리총점":57.428,
            "가치 총점":65.7598,
            "매매실거래년":20210517.0,
            "매매실거래가":160000.0,
            "전세실거래년":20220108.0,
            "전세실거래가":59850.0,
            "전세가율":44.01,
            "장기전세가율평균":68.08,
            "전세가율거품지수":24.07,
            "검색코드":111711,
            "세대수":199.0,
            "준공년월":"2018-09-05",
            "준공년차":5.0,
            "가까운역이름":"충정로",
            "가까운역거리":579.17,
            "역세권여부":"준역세권",
            "30분이내주요거점역":5,
            "30분거점역이름":"['여의도', '을지로입구', '을지로3가', '홍대입구', '명동']",
            "1시간이내주요거점역":8,
            "1시간거점역이름":"['강남', '여의도', '을지로입구', '을지로3가', '양재', '왕십리', '홍대입구', '명동']",
            "3km이내백화점수":3,
            "5km이내아울렛몰수":2,
            "1km이내대형먀트수":1,
            "500m이내은행수":3,
            "500m이내병원수":0,
            "5km이내대형병원수":10,
            "500m이내공원수":3,
            "3km이내혐오시설수":1,
            "초등학교학업성취도":89.98,
            "중학교학업성취도":71.5,
            "용적률":223,
            "건폐율":26,
            "Y":37.554918,
            "X":126.965256,
            "rank":16.0,
            "area_info":"28평(95.08), 33평(111.67), 33평(112.25), 34평(113.02), 38평(126.17)",
            "last_sales":"2021-05-17,160000.0,33평(111.67)",
            "rank_history":[
                [
                    "202202",
                    16
                ],
                [
                    "202201",
                    18
                ]
            ],
            "rank_gap":2
        },
        {
            "index":209,
            "아파트명":"남산센트럴자이",
            "투자타입":"일반",
            "전용면적(m2)":"102.88",
            "전용면적(평)":"31평",
            "법정동주소":"서울시 중구 충무로4가 306",
            "도로명주소":"서울시 중구 퇴계로 235",
            "세대수":0,
            "입주년차":60,
            "용적률점수":"--",
            "건폐율점수":"--",
            "세대당주차수":80,
            "난방방식":30,
            "공급면적":"--",
            "전용률":"--",
            "욕실수":100,
            "현관타입":100,
            "주거총점":47.0,
            "지역구공급총점":0.0,
            "역세권":80,
            "30분내 이동가능 거점":60,
            "1시간내 이동가능 거점":100,
            "교통총점":78.0,
            "백화점":100,
            "아울렛몰":100,
            "대형마트":0,
            "은행":100,
            "병원":0,
            "종합병원":100,
            "공원":100,
            "혐오시설":0,
            "인프라총점":73.0,
            "초등학군":90.02,
            "중학군":35.66,
            "학군총점":46.532,
            "인구수":13.35,
            "인구증감":-6.7,
            "인구총점":7.335,
            "일자리":45.05,
            "소득수준":86.31,
            "일자리총점":57.428,
            "가치 총점":65.5798,
            "매매실거래년":20210911.0,
            "매매실거래가":117000.0,
            "전세실거래년":20191222.0,
            "전세실거래가":60000.0,
            "전세가율":51.28,
            "장기전세가율평균":68.08,
            "전세가율거품지수":16.8,
            "검색코드":24911,
            "세대수":273.0,
            "준공년월":"2009-12-21",
            "준공년차":14.0,
            "가까운역이름":"충무로",
            "가까운역거리":347.04,
            "역세권여부":"역세권",
            "30분이내주요거점역":3,
            "30분거점역이름":"['을지로입구', '을지로3가', '명동']",
            "1시간이내주요거점역":10,
            "1시간거점역이름":"['강남', '역삼', '잠실', '여의도', '을지로입구', '을지로3가', '양재', '왕십리', '홍대입구', '명동']",
            "3km이내백화점수":2,
            "5km이내아울렛몰수":2,
            "1km이내대형먀트수":0,
            "500m이내은행수":11,
            "500m이내병원수":0,
            "5km이내대형병원수":10,
            "500m이내공원수":2,
            "3km이내혐오시설수":0,
            "초등학교학업성취도":90.02,
            "중학교학업성취도":58.1,
            "용적률":987,
            "건폐율":52,
            "Y":37.562792,
            "X":126.997698,
            "rank":17.0,
            "area_info":"31평(102.88), 31평(105.36), 34평(114.18), 44평(146.82), 49평(164.86), 52평(173.28), 53평(175.37), 54평(178.91), 62평(205.2)",
            "last_sales":"2021-09-11,117000.0,31평(102.88)",
            "rank_history":[
                [
                    "202202",
                    17
                ],
                [
                    "202201",
                    17
                ]
            ],
            "rank_gap":0
        },
        {
            "index":0,
            "아파트명":"남산트라팰리스",
            "투자타입":"일반",
            "전용면적(m2)":"149.26",
            "전용면적(평)":"45평",
            "법정동주소":"서울시 중구 남대문로5가 827",
            "도로명주소":"서울시 중구 소월로2길 30",
            "세대수":0,
            "입주년차":60,
            "용적률점수":"--",
            "건폐율점수":"--",
            "세대당주차수":100,
            "난방방식":30,
            "공급면적":"--",
            "전용률":"--",
            "욕실수":100,
            "현관타입":100,
            "주거총점":50.0,
            "지역구공급총점":0.0,
            "역세권":50,
            "30분내 이동가능 거점":60,
            "1시간내 이동가능 거점":100,
            "교통총점":63.0,
            "백화점":100,
            "아울렛몰":100,
            "대형마트":80,
            "은행":100,
            "병원":0,
            "종합병원":100,
            "공원":80,
            "혐오시설":-50,
            "인프라총점":83.4,
            "초등학군":89.99,
            "중학군":44.64,
            "학군총점":53.71,
            "인구수":13.35,
            "인구증감":-6.7,
            "인구총점":7.335,
            "일자리":45.05,
            "소득수준":86.31,
            "일자리총점":57.428,
            "가치 총점":65.1265,
            "매매실거래년":20210915.0,
            "매매실거래가":200000.0,
            "전세실거래년":20210729.0,
            "전세실거래가":145000.0,
            "전세가율":92.06,
            "장기전세가율평균":68.08,
            "전세가율거품지수":-23.98,
            "검색코드":27814,
            "세대수":136.0,
            "준공년월":"2010-05-19",
            "준공년차":13.0,
            "가까운역이름":"회현",
            "가까운역거리":562.97,
            "역세권여부":"준역세권",
            "30분이내주요거점역":3,
            "30분거점역이름":"['을지로입구', '을지로3가', '명동']",
            "1시간이내주요거점역":10,
            "1시간거점역이름":"['강남', '역삼', '여의도', '을지로입구', '을지로3가', '양재', '왕십리', '홍대입구', '구로디지털단지', '명동']",
            "3km이내백화점수":2,
            "5km이내아울렛몰수":2,
            "1km이내대형먀트수":1,
            "500m이내은행수":7,
            "500m이내병원수":0,
            "5km이내대형병원수":9,
            "500m이내공원수":1,
            "3km이내혐오시설수":1,
            "초등학교학업성취도":89.99,
            "중학교학업성취도":74.4,
            "용적률":999,
            "건폐율":47,
            "Y":37.553828,
            "X":126.975828,
            "rank":18.0,
            "area_info":"45평(149.26), 49평(162.98), 55평(182.84), 57평(190.86), 74평(245.01), 80평(265.75)",
            "last_sales":"2021-09-15,200000.0,57평(190.86)",
            "rank_history":[
                [
                    "202202",
                    18
                ],
                [
                    "202201",
                    24
                ]
            ],
            "rank_gap":6
        },
        {
            "index":236,
            "아파트명":"충무로헤센스마트(도시형)",
            "투자타입":"일반",
            "전용면적(m2)":"29.11",
            "전용면적(평)":"8평",
            "법정동주소":"서울시 중구 충무로5가 90",
            "도로명주소":"서울시 중구 서애로1길 11",
            "세대수":0,
            "입주년차":80,
            "용적률점수":"--",
            "건폐율점수":"--",
            "세대당주차수":0,
            "난방방식":30,
            "공급면적":"--",
            "전용률":"--",
            "욕실수":50,
            "현관타입":100,
            "주거총점":34.0,
            "지역구공급총점":0.0,
            "역세권":80,
            "30분내 이동가능 거점":80,
            "1시간내 이동가능 거점":100,
            "교통총점":84.0,
            "백화점":100,
            "아울렛몰":100,
            "대형마트":0,
            "은행":100,
            "병원":0,
            "종합병원":100,
            "공원":100,
            "혐오시설":0,
            "인프라총점":73.0,
            "초등학군":90.02,
            "중학군":35.66,
            "학군총점":46.532,
            "인구수":13.35,
            "인구증감":-6.7,
            "인구총점":7.335,
            "일자리":45.05,
            "소득수준":86.31,
            "일자리총점":57.428,
            "가치 총점":65.0798,
            "매매실거래년":20211231.0,
            "매매실거래가":45500.0,
            "전세실거래년":null,
            "전세실거래가":null,
            "전세가율":null,
            "장기전세가율평균":68.08,
            "전세가율거품지수":null,
            "검색코드":118773,
            "세대수":120.0,
            "준공년월":"2018-04-05",
            "준공년차":5.0,
            "가까운역이름":"충무로",
            "가까운역거리":371.07,
            "역세권여부":"역세권",
            "30분이내주요거점역":4,
            "30분거점역이름":"['을지로입구', '을지로3가', '왕십리', '명동']",
            "1시간이내주요거점역":10,
            "1시간거점역이름":"['강남', '역삼', '잠실', '여의도', '을지로입구', '을지로3가', '양재', '왕십리', '홍대입구', '명동']",
            "3km이내백화점수":2,
            "5km이내아울렛몰수":2,
            "1km이내대형먀트수":0,
            "500m이내은행수":6,
            "500m이내병원수":0,
            "5km이내대형병원수":10,
            "500m이내공원수":2,
            "3km이내혐오시설수":0,
            "초등학교학업성취도":90.02,
            "중학교학업성취도":58.1,
            "용적률":208,
            "건폐율":58,
            "Y":37.561364,
            "X":126.998487,
            "rank":19.0,
            "area_info":"8평(29.11), 8평(29.11), 9평(30.91), 9평(30.91), 13평(46.15), 17평(58.43)",
            "last_sales":"2021-12-31,45500.0,17평(58.43)",
            "rank_history":[
                [
                    "202202",
                    19
                ],
                [
                    "202201",
                    19
                ]
            ],
            "rank_gap":0
        },
        {
            "index":75,
            "아파트명":"신당KCC스위첸",
            "투자타입":"일반",
            "전용면적(m2)":"62.38",
            "전용면적(평)":"18평",
            "법정동주소":"서울시 중구 신당동 856",
            "도로명주소":"서울시 중구 난계로 130",
            "세대수":0,
            "입주년차":100,
            "용적률점수":"--",
            "건폐율점수":"--",
            "세대당주차수":0,
            "난방방식":30,
            "공급면적":"--",
            "전용률":"--",
            "욕실수":50,
            "현관타입":100,
            "주거총점":38.0,
            "지역구공급총점":0.0,
            "역세권":80,
            "30분내 이동가능 거점":60,
            "1시간내 이동가능 거점":70,
            "교통총점":72.0,
            "백화점":100,
            "아울렛몰":100,
            "대형마트":100,
            "은행":20,
            "병원":0,
            "종합병원":100,
            "공원":80,
            "혐오시설":-100,
            "인프라총점":77.4,
            "초등학군":90.0,
            "중학군":50.68,
            "학군총점":58.544,
            "인구수":13.35,
            "인구증감":-6.7,
            "인구총점":7.335,
            "일자리":45.05,
            "소득수준":86.31,
            "일자리총점":57.428,
            "가치 총점":64.8016,
            "매매실거래년":20191023.0,
            "매매실거래가":96010.0,
            "전세실거래년":20190610.0,
            "전세실거래가":39500.0,
            "전세가율":null,
            "장기전세가율평균":68.08,
            "전세가율거품지수":null,
            "검색코드":115966,
            "세대수":176.0,
            "준공년월":"2019-06-05",
            "준공년차":4.0,
            "가까운역이름":"상왕십리",
            "가까운역거리":359.37,
            "역세권여부":"역세권",
            "30분이내주요거점역":3,
            "30분거점역이름":"['을지로입구', '을지로3가', '왕십리']",
            "1시간이내주요거점역":7,
            "1시간거점역이름":"['역삼', '을지로입구', '을지로3가', '양재', '왕십리', '홍대입구', '명동']",
            "3km이내백화점수":1,
            "5km이내아울렛몰수":2,
            "1km이내대형먀트수":2,
            "500m이내은행수":2,
            "500m이내병원수":0,
            "5km이내대형병원수":11,
            "500m이내공원수":1,
            "3km이내혐오시설수":3,
            "초등학교학업성취도":90.0,
            "중학교학업성취도":83.6,
            "용적률":248,
            "건폐율":26,
            "Y":37.56327,
            "X":127.025513,
            "rank":20.0,
            "area_info":"18평(62.38), 24평(80.55), 24평(81.23), 29평(96.52), 29평(97.26), 29평(98.13), 34평(114.02)",
            "last_sales":"2019-10-23,96010.0,34평(114.02)",
            "rank_history":[
                [
                    "202202",
                    20
                ],
                [
                    "202201",
                    21
                ]
            ],
            "rank_gap":1
        },
        {
            "index":128,
            "아파트명":"오렌지카운티을지로(도시형)",
            "투자타입":"일반",
            "전용면적(m2)":"19.93",
            "전용면적(평)":"6평",
            "법정동주소":"서울시 중구 오장동 145-1",
            "도로명주소":"서울시 중구 동호로33길 15",
            "세대수":0,
            "입주년차":100,
            "용적률점수":"--",
            "건폐율점수":"--",
            "세대당주차수":0,
            "난방방식":30,
            "공급면적":"--",
            "전용률":"--",
            "욕실수":50,
            "현관타입":10,
            "주거총점":29.0,
            "지역구공급총점":0.0,
            "역세권":80,
            "30분내 이동가능 거점":80,
            "1시간내 이동가능 거점":100,
            "교통총점":84.0,
            "백화점":100,
            "아울렛몰":100,
            "대형마트":0,
            "은행":100,
            "병원":0,
            "종합병원":100,
            "공원":100,
            "혐오시설":0,
            "인프라총점":73.0,
            "초등학군":90.02,
            "중학군":35.66,
            "학군총점":46.532,
            "인구수":13.35,
            "인구증감":-6.7,
            "인구총점":7.335,
            "일자리":45.05,
            "소득수준":86.31,
            "일자리총점":57.428,
            "가치 총점":64.0798,
            "매매실거래년":20220121.0,
            "매매실거래가":25000.0,
            "전세실거래년":20210911.0,
            "전세실거래가":15750.0,
            "전세가율":105.0,
            "장기전세가율평균":68.08,
            "전세가율거품지수":-36.92,
            "검색코드":122844,
            "세대수":157.0,
            "준공년월":"2020-09-01",
            "준공년차":3.0,
            "가까운역이름":"을지로4가",
            "가까운역거리":347.14,
            "역세권여부":"역세권",
            "30분이내주요거점역":4,
            "30분거점역이름":"['을지로입구', '을지로3가', '왕십리', '명동']",
            "1시간이내주요거점역":10,
            "1시간거점역이름":"['강남', '역삼', '잠실', '여의도', '을지로입구', '을지로3가', '양재', '왕십리', '홍대입구', '명동']",
            "3km이내백화점수":2,
            "5km이내아울렛몰수":2,
            "1km이내대형먀트수":0,
            "500m이내은행수":12,
            "500m이내병원수":0,
            "5km이내대형병원수":11,
            "500m이내공원수":4,
            "3km이내혐오시설수":0,
            "초등학교학업성취도":90.02,
            "중학교학업성취도":58.1,
            "용적률":635,
            "건폐율":59,
            "Y":37.565249,
            "X":127.001389,
            "rank":21.0,
            "area_info":"6평(19.93), 5평(19.79), 7평(23.23), 6평(23.08), 7평(25.13), 7평(25.13), 11평(38.28)",
            "last_sales":"2022-01-21,25000.0,6평(23.08)",
            "rank_history":[
                [
                    "202202",
                    21
                ],
                [
                    "202201",
                    20
                ]
            ],
            "rank_gap":-1
        },
        {
            "index":274,
            "아파트명":"남산롯데캐슬아이리스",
            "투자타입":"일반",
            "전용면적(m2)":"46.62",
            "전용면적(평)":"14평",
            "법정동주소":"서울시 중구 회현동1가 208",
            "도로명주소":"서울시 중구 소공로 35",
            "세대수":30,
            "입주년차":60,
            "용적률점수":"--",
            "건폐율점수":"--",
            "세대당주차수":80,
            "난방방식":80,
            "공급면적":"--",
            "전용률":"--",
            "욕실수":50,
            "현관타입":50,
            "주거총점":52.5,
            "지역구공급총점":0.0,
            "역세권":80,
            "30분내 이동가능 거점":60,
            "1시간내 이동가능 거점":60,
            "교통총점":70.0,
            "백화점":100,
            "아울렛몰":100,
            "대형마트":0,
            "은행":100,
            "병원":0,
            "종합병원":100,
            "공원":0,
            "혐오시설":0,
            "인프라총점":70.0,
            "초등학군":90.0,
            "중학군":44.64,
            "학군총점":53.712,
            "인구수":13.35,
            "인구증감":-6.7,
            "인구총점":7.335,
            "일자리":45.05,
            "소득수준":86.31,
            "일자리총점":57.428,
            "가치 총점":64.0568,
            "매매실거래년":20210911.0,
            "매매실거래가":72000.0,
            "전세실거래년":20210706.0,
            "전세실거래가":53000.0,
            "전세가율":73.61,
            "장기전세가율평균":68.08,
            "전세가율거품지수":-5.53,
            "검색코드":101771,
            "세대수":386.0,
            "준공년월":"2011-11-18",
            "준공년차":12.0,
            "가까운역이름":"회현",
            "가까운역거리":341.98,
            "역세권여부":"역세권",
            "30분이내주요거점역":3,
            "30분거점역이름":"['을지로입구', '을지로3가', '명동']",
            "1시간이내주요거점역":6,
            "1시간거점역이름":"['여의도', '을지로입구', '을지로3가', '왕십리', '홍대입구', '명동']",
            "3km이내백화점수":2,
            "5km이내아울렛몰수":2,
            "1km이내대형먀트수":0,
            "500m이내은행수":10,
            "500m이내병원수":0,
            "5km이내대형병원수":10,
            "500m이내공원수":0,
            "3km이내혐오시설수":0,
            "초등학교학업성취도":90.0,
            "중학교학업성취도":74.4,
            "용적률":963,
            "건폐율":49,
            "Y":37.558297,
            "X":126.982116,
            "rank":22.0,
            "area_info":"14평(46.62), 17평(56.4), 18평(62.04), 43평(142.71), 47평(156.46), 55평(184.76), 72평(239.29), 73평(243.29), 78평(257.99), 78평(258.48), 88평(291.43), 89평(296.86), 95평(314.49)",
            "last_sales":"2021-09-11,72000.0,14평(46.62)",
            "rank_history":[
                [
                    "202202",
                    22
                ],
                [
                    "202201",
                    23
                ]
            ],
            "rank_gap":1
        },
        {
            "index":82,
            "아파트명":"신당삼성",
            "투자타입":"일반",
            "전용면적(m2)":"79.62",
            "전용면적(평)":"24평",
            "법정동주소":"서울시 중구 신당동 843",
            "도로명주소":"서울시 중구 청구로1길 23",
            "세대수":90,
            "입주년차":20,
            "용적률점수":"--",
            "건폐율점수":"--",
            "세대당주차수":60,
            "난방방식":30,
            "공급면적":"--",
            "전용률":"--",
            "욕실수":50,
            "현관타입":100,
            "주거총점":62.5,
            "지역구공급총점":0.0,
            "역세권":80,
            "30분내 이동가능 거점":60,
            "1시간내 이동가능 거점":90,
            "교통총점":76.0,
            "백화점":0,
            "아울렛몰":100,
            "대형마트":80,
            "은행":70,
            "병원":0,
            "종합병원":100,
            "공원":100,
            "혐오시설":0,
            "인프라총점":52.0,
            "초등학군":90.0,
            "중학군":50.68,
            "학군총점":58.544,
            "인구수":13.35,
            "인구증감":-6.7,
            "인구총점":7.335,
            "일자리":45.05,
            "소득수준":86.31,
            "일자리총점":57.428,
            "가치 총점":63.4816,
            "매매실거래년":20211008.0,
            "매매실거래가":125000.0,
            "전세실거래년":20220120.0,
            "전세실거래가":40950.0,
            "전세가율":38.27,
            "장기전세가율평균":68.08,
            "전세가율거품지수":29.81,
            "검색코드":1237,
            "세대수":994.0,
            "준공년월":"1999-12-22",
            "준공년차":24.0,
            "가까운역이름":"청구",
            "가까운역거리":395.18,
            "역세권여부":"역세권",
            "30분이내주요거점역":3,
            "30분거점역이름":"['을지로입구', '을지로3가', '왕십리']",
            "1시간이내주요거점역":9,
            "1시간거점역이름":"['강남', '역삼', '잠실', '을지로입구', '을지로3가', '양재', '왕십리', '홍대입구', '명동']",
            "3km이내백화점수":0,
            "5km이내아울렛몰수":2,
            "1km이내대형먀트수":1,
            "500m이내은행수":3,
            "500m이내병원수":0,
            "5km이내대형병원수":11,
            "500m이내공원수":2,
            "3km이내혐오시설수":0,
            "초등학교학업성취도":90.0,
            "중학교학업성취도":83.6,
            "용적률":253,
            "건폐율":19,
            "Y":37.558928,
            "X":127.017992,
            "rank":23.0,
            "area_info":"24평(79.62), 24평(79.62), 24평(80.15), 32평(107.86), 42평(141.22)",
            "last_sales":"2021-10-08,125000.0,42평(141.22)",
            "rank_history":[
                [
                    "202202",
                    23
                ],
                [
                    "202201",
                    25
                ]
            ],
            "rank_gap":2
        },
        {
            "index":65,
            "아파트명":"남산타운",
            "투자타입":"일반",
            "전용면적(m2)":"85.9",
            "전용면적(평)":"25평",
            "법정동주소":"서울시 중구 신당동 844",
            "도로명주소":"서울시 중구 다산로 32",
            "세대수":100,
            "입주년차":20,
            "용적률점수":"--",
            "건폐율점수":"--",
            "세대당주차수":0,
            "난방방식":30,
            "공급면적":"--",
            "전용률":"--",
            "욕실수":50,
            "현관타입":10,
            "주거총점":48.0,
            "지역구공급총점":0.0,
            "역세권":80,
            "30분내 이동가능 거점":40,
            "1시간내 이동가능 거점":80,
            "교통총점":68.0,
            "백화점":100,
            "아울렛몰":100,
            "대형마트":0,
            "은행":70,
            "병원":0,
            "종합병원":100,
            "공원":80,
            "혐오시설":0,
            "인프라총점":69.4,
            "초등학군":89.95,
            "중학군":47.82,
            "학군총점":56.246,
            "인구수":13.35,
            "인구증감":-6.7,
            "인구총점":7.335,
            "일자리":45.05,
            "소득수준":86.31,
            "일자리총점":57.428,
            "가치 총점":62.6569,
            "매매실거래년":20211211.0,
            "매매실거래가":146000.0,
            "전세실거래년":20220118.0,
            "전세실거래가":57000.0,
            "전세가율":49.14,
            "장기전세가율평균":68.08,
            "전세가율거품지수":18.94,
            "검색코드":3833,
            "세대수":5150.0,
            "준공년월":"2002-05-25",
            "준공년차":21.0,
            "가까운역이름":"버티고개",
            "가까운역거리":329.19,
            "역세권여부":"역세권",
            "30분이내주요거점역":2,
            "30분거점역이름":"['강남', '역삼']",
            "1시간이내주요거점역":8,
            "1시간거점역이름":"['강남', '역삼', '잠실', '을지로입구', '양재', '왕십리', '홍대입구', '명동']",
            "3km이내백화점수":3,
            "5km이내아울렛몰수":2,
            "1km이내대형먀트수":0,
            "500m이내은행수":3,
            "500m이내병원수":0,
            "5km이내대형병원수":9,
            "500m이내공원수":1,
            "3km이내혐오시설수":0,
            "초등학교학업성취도":89.95,
            "중학교학업성취도":79.7,
            "용적률":231,
            "건폐율":22,
            "Y":37.550043,
            "X":127.009773,
            "rank":24.0,
            "area_info":"25평(85.9), 32평(106.63), 42평(139.94)",
            "last_sales":"2021-12-11,146000.0,32평(106.63)",
            "rank_history":[
                [
                    "202202",
                    24
                ],
                [
                    "202201",
                    27
                ]
            ],
            "rank_gap":3
        },
        {
            "index":233,
            "아파트명":"충무로엘크루메트로시티Ⅱ(도시형)",
            "투자타입":"일반",
            "전용면적(m2)":"34.45",
            "전용면적(평)":"10평",
            "법정동주소":"서울시 중구 충무로5가 36-2",
            "도로명주소":"서울시 중구 퇴계로49길 14",
            "세대수":0,
            "입주년차":80,
            "용적률점수":"--",
            "건폐율점수":"--",
            "세대당주차수":0,
            "난방방식":30,
            "공급면적":"--",
            "전용률":"--",
            "욕실수":50,
            "현관타입":10,
            "주거총점":25.0,
            "지역구공급총점":0.0,
            "역세권":80,
            "30분내 이동가능 거점":80,
            "1시간내 이동가능 거점":90,
            "교통총점":82.0,
            "백화점":100,
            "아울렛몰":100,
            "대형마트":0,
            "은행":100,
            "병원":0,
            "종합병원":100,
            "공원":100,
            "혐오시설":0,
            "인프라총점":73.0,
            "초등학군":90.02,
            "중학군":35.66,
            "학군총점":46.532,
            "인구수":13.35,
            "인구증감":-6.7,
            "인구총점":7.335,
            "일자리":45.05,
            "소득수준":86.31,
            "일자리총점":57.428,
            "가치 총점":62.5798,
            "매매실거래년":20211004.0,
            "매매실거래가":34800.0,
            "전세실거래년":20211126.0,
            "전세실거래가":19000.0,
            "전세가율":88.37,
            "장기전세가율평균":68.08,
            "전세가율거품지수":-20.29,
            "검색코드":109582,
            "세대수":171.0,
            "준공년월":"2016-06-10",
            "준공년차":7.0,
            "가까운역이름":"을지로4가",
            "가까운역거리":423.6,
            "역세권여부":"역세권",
            "30분이내주요거점역":4,
            "30분거점역이름":"['을지로입구', '을지로3가', '왕십리', '명동']",
            "1시간이내주요거점역":9,
            "1시간거점역이름":"['강남', '역삼', '잠실', '여의도', '을지로입구', '을지로3가', '왕십리', '홍대입구', '명동']",
            "3km이내백화점수":2,
            "5km이내아울렛몰수":2,
            "1km이내대형먀트수":0,
            "500m이내은행수":11,
            "500m이내병원수":0,
            "5km이내대형병원수":11,
            "500m이내공원수":3,
            "3km이내혐오시설수":0,
            "초등학교학업성취도":90.02,
            "중학교학업성취도":58.1,
            "용적률":690,
            "건폐율":49,
            "Y":37.563433,
            "X":126.999953,
            "rank":25.0,
            "area_info":"10평(34.45), 15평(52.85), 16평(53.49)",
            "last_sales":"2021-10-04,34800.0,16평(53.49)",
            "rank_history":[
                [
                    "202202",
                    25
                ],
                [
                    "202201",
                    26
                ]
            ],
            "rank_gap":1
        },
        {
            "index":356,
            "아파트명":"청계천두산위브더제니스",
            "투자타입":"일반",
            "전용면적(m2)":"122.84",
            "전용면적(평)":"37평",
            "법정동주소":"서울시 중구 흥인동 13-1",
            "도로명주소":"서울시 중구 다산로46길 17",
            "세대수":0,
            "입주년차":80,
            "용적률점수":"--",
            "건폐율점수":"--",
            "세대당주차수":60,
            "난방방식":30,
            "공급면적":"--",
            "전용률":"--",
            "욕실수":100,
            "현관타입":100,
            "주거총점":48.0,
            "지역구공급총점":0.0,
            "역세권":80,
            "30분내 이동가능 거점":60,
            "1시간내 이동가능 거점":90,
            "교통총점":76.0,
            "백화점":0,
            "아울렛몰":100,
            "대형마트":80,
            "은행":100,
            "병원":0,
            "종합병원":100,
            "공원":100,
            "혐오시설":0,
            "인프라총점":55.0,
            "초등학군":89.96,
            "중학군":49.38,
            "학군총점":57.496,
            "인구수":13.35,
            "인구증감":-6.7,
            "인구총점":7.335,
            "일자리":45.05,
            "소득수준":86.31,
            "일자리총점":57.428,
            "가치 총점":61.3244,
            "매매실거래년":20211023.0,
            "매매실거래가":148000.0,
            "전세실거래년":20190220.0,
            "전세실거래가":80000.0,
            "전세가율":54.05,
            "장기전세가율평균":68.08,
            "전세가율거품지수":14.03,
            "검색코드":104133,
            "세대수":295.0,
            "준공년월":"2014-12-22",
            "준공년차":9.0,
            "가까운역이름":"신당",
            "가까운역거리":137.6,
            "역세권여부":"역세권",
            "30분이내주요거점역":3,
            "30분거점역이름":"['을지로입구', '을지로3가', '왕십리']",
            "1시간이내주요거점역":9,
            "1시간거점역이름":"['강남', '역삼', '잠실', '을지로입구', '을지로3가', '양재', '왕십리', '홍대입구', '명동']",
            "3km이내백화점수":0,
            "5km이내아울렛몰수":2,
            "1km이내대형먀트수":1,
            "500m이내은행수":9,
            "500m이내병원수":0,
            "5km이내대형병원수":12,
            "500m이내공원수":2,
            "3km이내혐오시설수":0,
            "초등학교학업성취도":89.96,
            "중학교학업성취도":81.7,
            "용적률":696,
            "건폐율":47,
            "Y":37.5671,
            "X":127.017178,
            "rank":26.0,
            "area_info":"37평(122.84), 46평(153.99), 46평(153.99), 49평(162.47), 49평(162.47), 49평(163.09), 49평(163.92), 49평(163.78), 49평(163.4), 49평(163.4), 56평(188.41), 58평(192.23), 59평(195.64), 59평(196.03), 59평(196.03), 69평(228.34), 69평(228.3), 69평(229.39), 69평(230.02), 74평(246.04), 76평(252.77), 79평(262.83), 83평(275.86), 90평(299.08), 95평(315.9), 101평(334.55), 101평(336.45), 108평(357.87)",
            "last_sales":"2021-10-23,148000.0,37평(122.84)",
            "rank_history":[
                [
                    "202202",
                    26
                ],
                [
                    "202201",
                    9
                ]
            ],
            "rank_gap":-17
        },
        {
            "index":30,
            "아파트명":"대림상가",
            "투자타입":"재건축",
            "전용면적(m2)":"85.45",
            "전용면적(평)":"25평",
            "법정동주소":"서울시 중구 산림동 207-2",
            "도로명주소":"서울시 중구 을지로 157",
            "세대수":0,
            "입주년차":"--",
            "용적률점수":0,
            "건폐율점수":0,
            "세대당주차수":"--",
            "난방방식":"--",
            "공급면적":70,
            "전용률":80,
            "욕실수":"--",
            "현관타입":"--",
            "주거총점":7.5,
            "지역구공급총점":0.0,
            "역세권":80,
            "30분내 이동가능 거점":100,
            "1시간내 이동가능 거점":100,
            "교통총점":90.0,
            "백화점":100,
            "아울렛몰":100,
            "대형마트":0,
            "은행":100,
            "병원":0,
            "종합병원":100,
            "공원":0,
            "혐오시설":0,
            "인프라총점":70.0,
            "초등학군":90.02,
            "중학군":35.66,
            "학군총점":46.532,
            "인구수":13.35,
            "인구증감":-6.7,
            "인구총점":7.335,
            "일자리":45.05,
            "소득수준":86.31,
            "일자리총점":57.428,
            "가치 총점":60.9798,
            "매매실거래년":20200601.0,
            "매매실거래가":46600.0,
            "전세실거래년":null,
            "전세실거래가":null,
            "전세가율":null,
            "장기전세가율평균":68.08,
            "전세가율거품지수":null,
            "검색코드":16709,
            "세대수":120.0,
            "준공년월":"1971-04-01",
            "준공년차":52.0,
            "가까운역이름":"을지로4가",
            "가까운역거리":243.51,
            "역세권여부":"역세권",
            "30분이내주요거점역":5,
            "30분거점역이름":"['을지로입구', '을지로3가', '왕십리', '홍대입구', '명동']",
            "1시간이내주요거점역":10,
            "1시간거점역이름":"['강남', '역삼', '여의도', '을지로입구', '을지로3가', '양재', '왕십리', '홍대입구', '명동', '마곡']",
            "3km이내백화점수":2,
            "5km이내아울렛몰수":2,
            "1km이내대형먀트수":0,
            "500m이내은행수":11,
            "500m이내병원수":0,
            "5km이내대형병원수":11,
            "500m이내공원수":0,
            "3km이내혐오시설수":0,
            "초등학교학업성취도":90.02,
            "중학교학업성취도":58.1,
            "용적률":0,
            "건폐율":0,
            "Y":37.567457,
            "X":126.995394,
            "rank":27.0,
            "area_info":"25평(85.45), 26평(86.24), 26평(86.58), 26평(86.97), 26평(87.08), 26평(87.41), 28평(94.88), 29평(98.84), 31평(102.48), 31평(104.86), 31평(104.89), 32평(107.43), 34평(112.9), 34평(114.86)",
            "last_sales":"2020-06-01,46600.0,31평(102.48)",
            "rank_history":[
                [
                    "202202",
                    27
                ],
                [
                    "202201",
                    28
                ]
            ],
            "rank_gap":1
        },
        {
            "index":114,
            "아파트명":"청구e편한세상",
            "투자타입":"일반",
            "전용면적(m2)":"84.88",
            "전용면적(평)":"25평",
            "법정동주소":"서울시 중구 신당동 852",
            "도로명주소":"서울시 중구 청구로 64",
            "세대수":80,
            "입주년차":60,
            "용적률점수":"--",
            "건폐율점수":"--",
            "세대당주차수":30,
            "난방방식":30,
            "공급면적":"--",
            "전용률":"--",
            "욕실수":100,
            "현관타입":100,
            "주거총점":67.5,
            "지역구공급총점":0.0,
            "역세권":80,
            "30분내 이동가능 거점":60,
            "1시간내 이동가능 거점":90,
            "교통총점":76.0,
            "백화점":0,
            "아울렛몰":100,
            "대형마트":0,
            "은행":70,
            "병원":0,
            "종합병원":100,
            "공원":100,
            "혐오시설":0,
            "인프라총점":40.0,
            "초등학군":89.97,
            "중학군":48.36,
            "학군총점":56.682,
            "인구수":13.35,
            "인구증감":-6.7,
            "인구총점":7.335,
            "일자리":45.05,
            "소득수준":86.31,
            "일자리총점":57.428,
            "가치 총점":60.6023,
            "매매실거래년":20211201.0,
            "매매실거래가":129000.0,
            "전세실거래년":20211201.0,
            "전세실거래가":68000.0,
            "전세가율":52.71,
            "장기전세가율평균":68.08,
            "전세가율거품지수":15.37,
            "검색코드":100310,
            "세대수":895.0,
            "준공년월":"2011-12-15",
            "준공년차":12.0,
            "가까운역이름":"청구",
            "가까운역거리":230.94,
            "역세권여부":"역세권",
            "30분이내주요거점역":3,
            "30분거점역이름":"['을지로입구', '을지로3가', '왕십리']",
            "1시간이내주요거점역":9,
            "1시간거점역이름":"['강남', '역삼', '잠실', '을지로입구', '을지로3가', '양재', '왕십리', '홍대입구', '명동']",
            "3km이내백화점수":0,
            "5km이내아울렛몰수":2,
            "1km이내대형먀트수":0,
            "500m이내은행수":3,
            "500m이내병원수":0,
            "5km이내대형병원수":11,
            "500m이내공원수":3,
            "3km이내혐오시설수":0,
            "초등학교학업성취도":89.97,
            "중학교학업성취도":80.2,
            "용적률":224,
            "건폐율":23,
            "Y":37.560507,
            "X":127.016427,
            "rank":28.0,
            "area_info":"25평(84.88), 25평(84.8), 32평(108.61), 33평(109.32), 33평(110.11), 44평(146.01), 45평(151.28), 53평(178.47)",
            "last_sales":"2021-12-01,129000.0,25평(84.88)",
            "rank_history":[
                [
                    "202202",
                    28
                ],
                [
                    "202201",
                    29
                ]
            ],
            "rank_gap":1
        },
        {
            "index":62,
            "아파트명":"남산정은스카이",
            "투자타입":"일반",
            "전용면적(m2)":"105.92",
            "전용면적(평)":"32평",
            "법정동주소":"서울시 중구 신당동 366-126",
            "도로명주소":"서울시 중구 다산로 56",
            "세대수":0,
            "입주년차":40,
            "용적률점수":"--",
            "건폐율점수":"--",
            "세대당주차수":80,
            "난방방식":30,
            "공급면적":"--",
            "전용률":"--",
            "욕실수":100,
            "현관타입":100,
            "주거총점":43.0,
            "지역구공급총점":0.0,
            "역세권":80,
            "30분내 이동가능 거점":40,
            "1시간내 이동가능 거점":90,
            "교통총점":70.0,
            "백화점":100,
            "아울렛몰":100,
            "대형마트":0,
            "은행":0,
            "병원":0,
            "종합병원":100,
            "공원":80,
            "혐오시설":0,
            "인프라총점":62.4,
            "초등학군":89.95,
            "중학군":47.82,
            "학군총점":56.246,
            "인구수":13.35,
            "인구증감":-6.7,
            "인구총점":7.335,
            "일자리":45.05,
            "소득수준":86.31,
            "일자리총점":57.428,
            "가치 총점":60.2569,
            "매매실거래년":20210128.0,
            "매매실거래가":125000.0,
            "전세실거래년":20201203.0,
            "전세실거래가":49000.0,
            "전세가율":51.58,
            "장기전세가율평균":68.08,
            "전세가율거품지수":16.5,
            "검색코드":17543,
            "세대수":102.0,
            "준공년월":"2005-12-20",
            "준공년차":18.0,
            "가까운역이름":"버티고개",
            "가까운역거리":144.47,
            "역세권여부":"역세권",
            "30분이내주요거점역":2,
            "30분거점역이름":"['강남', '역삼']",
            "1시간이내주요거점역":9,
            "1시간거점역이름":"['강남', '역삼', '잠실', '을지로입구', '을지로3가', '양재', '왕십리', '홍대입구', '명동']",
            "3km이내백화점수":3,
            "5km이내아울렛몰수":2,
            "1km이내대형먀트수":0,
            "500m이내은행수":1,
            "500m이내병원수":0,
            "5km이내대형병원수":9,
            "500m이내공원수":1,
            "3km이내혐오시설수":0,
            "초등학교학업성취도":89.95,
            "중학교학업성취도":79.7,
            "용적률":286,
            "건폐율":34,
            "Y":37.54919,
            "X":127.007749,
            "rank":29.0,
            "area_info":"32평(105.92), 49평(164.69), 50평(165.69)",
            "last_sales":"2021-01-28,125000.0,50평(165.69)",
            "rank_history":[
                [
                    "202202",
                    29
                ],
                [
                    "202201",
                    31
                ]
            ],
            "rank_gap":2
        },
        {
            "index":28,
            "아파트명":"묵정",
            "투자타입":"재건축",
            "전용면적(m2)":"56.07",
            "전용면적(평)":"16평",
            "법정동주소":"서울시 중구 묵정동 11-67",
            "도로명주소":"서울시 중구 서애로1길 34",
            "세대수":0,
            "입주년차":"--",
            "용적률점수":80,
            "건폐율점수":0,
            "세대당주차수":"--",
            "난방방식":"--",
            "공급면적":50,
            "전용률":100,
            "욕실수":"--",
            "현관타입":"--",
            "주거총점":39.5,
            "지역구공급총점":0.0,
            "역세권":50,
            "30분내 이동가능 거점":80,
            "1시간내 이동가능 거점":90,
            "교통총점":67.0,
            "백화점":100,
            "아울렛몰":100,
            "대형마트":0,
            "은행":100,
            "병원":0,
            "종합병원":100,
            "공원":100,
            "혐오시설":0,
            "인프라총점":73.0,
            "초등학군":90.02,
            "중학군":35.66,
            "학군총점":46.532,
            "인구수":13.35,
            "인구증감":-6.7,
            "인구총점":7.335,
            "일자리":45.05,
            "소득수준":86.31,
            "일자리총점":57.428,
            "가치 총점":60.2298,
            "매매실거래년":20211101.0,
            "매매실거래가":54400.0,
            "전세실거래년":20211212.0,
            "전세실거래가":29000.0,
            "전세가율":53.31,
            "장기전세가율평균":68.08,
            "전세가율거품지수":14.77,
            "검색코드":11182,
            "세대수":119.0,
            "준공년월":"1981-05-25",
            "준공년차":42.0,
            "가까운역이름":"동대입구",
            "가까운역거리":516.8,
            "역세권여부":"준역세권",
            "30분이내주요거점역":4,
            "30분거점역이름":"['을지로입구', '을지로3가', '왕십리', '명동']",
            "1시간이내주요거점역":9,
            "1시간거점역이름":"['강남', '역삼', '잠실', '여의도', '을지로입구', '을지로3가', '왕십리', '홍대입구', '명동']",
            "3km이내백화점수":2,
            "5km이내아울렛몰수":2,
            "1km이내대형먀트수":0,
            "500m이내은행수":8,
            "500m이내병원수":0,
            "5km이내대형병원수":10,
            "500m이내공원수":2,
            "3km이내혐오시설수":0,
            "초등학교학업성취도":90.02,
            "중학교학업성취도":58.1,
            "용적률":202,
            "건폐율":0,
            "Y":37.5607,
            "X":127.00012,
            "rank":30.0,
            "area_info":"16평(56.07), 33평(112.14)",
            "last_sales":"2021-11-01,54400.0,16평(56.07)",
            "rank_history":[
                [
                    "202202",
                    30
                ],
                [
                    "202201",
                    30
                ]
            ],
            "rank_gap":0
        },
        {
            "index":250,
            "아파트명":"한양아이클래스(도시형)",
            "투자타입":"일반",
            "전용면적(m2)":"24.19",
            "전용면적(평)":"7평",
            "법정동주소":"서울시 중구 황학동 787",
            "도로명주소":"서울시 중구 난계로 173",
            "세대수":0,
            "입주년차":60,
            "용적률점수":"--",
            "건폐율점수":"--",
            "세대당주차수":0,
            "난방방식":30,
            "공급면적":"--",
            "전용률":"--",
            "욕실수":50,
            "현관타입":10,
            "주거총점":21.0,
            "지역구공급총점":0.0,
            "역세권":50,
            "30분내 이동가능 거점":60,
            "1시간내 이동가능 거점":90,
            "교통총점":61.0,
            "백화점":100,
            "아울렛몰":100,
            "대형마트":80,
            "은행":100,
            "병원":0,
            "종합병원":100,
            "공원":80,
            "혐오시설":-100,
            "인프라총점":82.4,
            "초등학군":90.0,
            "중학군":50.68,
            "학군총점":58.544,
            "인구수":13.35,
            "인구증감":-6.7,
            "인구총점":7.335,
            "일자리":45.05,
            "소득수준":86.31,
            "일자리총점":57.428,
            "가치 총점":59.0516,
            "매매실거래년":20211110.0,
            "매매실거래가":12500.0,
            "전세실거래년":20210930.0,
            "전세실거래가":12500.0,
            "전세가율":100.0,
            "장기전세가율평균":68.08,
            "전세가율거품지수":-31.92,
            "검색코드":105934,
            "세대수":100.0,
            "준공년월":"2013-09-13",
            "준공년차":10.0,
            "가까운역이름":"신당",
            "가까운역거리":505.9,
            "역세권여부":"준역세권",
            "30분이내주요거점역":3,
            "30분거점역이름":"['을지로입구', '을지로3가', '왕십리']",
            "1시간이내주요거점역":9,
            "1시간거점역이름":"['강남', '역삼', '잠실', '을지로입구', '을지로3가', '양재', '왕십리', '홍대입구', '명동']",
            "3km이내백화점수":1,
            "5km이내아울렛몰수":2,
            "1km이내대형먀트수":1,
            "500m이내은행수":6,
            "500m이내병원수":0,
            "5km이내대형병원수":12,
            "500m이내공원수":1,
            "3km이내혐오시설수":3,
            "초등학교학업성취도":90.0,
            "중학교학업성취도":83.6,
            "용적률":889,
            "건폐율":56,
            "Y":37.567268,
            "X":127.023322,
            "rank":31.0,
            "area_info":"7평(24.19), 11평(36.45)",
            "last_sales":"2021-11-10,12500.0,7평(24.19)",
            "rank_history":[
                [
                    "202202",
                    31
                ],
                [
                    "202201",
                    33
                ]
            ],
            "rank_gap":2
        },
        {
            "index":135,
            "아파트명":"신성",
            "투자타입":"재건축",
            "전용면적(m2)":"19.4",
            "전용면적(평)":"5평",
            "법정동주소":"서울시 중구 인현동2가 192-30",
            "도로명주소":"서울시 중구 마른내로 72",
            "세대수":0,
            "입주년차":"--",
            "용적률점수":0,
            "건폐율점수":0,
            "세대당주차수":"--",
            "난방방식":"--",
            "공급면적":50,
            "전용률":100,
            "욕실수":"--",
            "현관타입":"--",
            "주거총점":7.5,
            "지역구공급총점":0.0,
            "역세권":80,
            "30분내 이동가능 거점":80,
            "1시간내 이동가능 거점":90,
            "교통총점":82.0,
            "백화점":100,
            "아울렛몰":100,
            "대형마트":0,
            "은행":100,
            "병원":0,
            "종합병원":100,
            "공원":80,
            "혐오시설":0,
            "인프라총점":72.4,
            "초등학군":90.02,
            "중학군":35.66,
            "학군총점":46.532,
            "인구수":13.35,
            "인구증감":-6.7,
            "인구총점":7.335,
            "일자리":45.05,
            "소득수준":86.31,
            "일자리총점":57.428,
            "가치 총점":58.8998,
            "매매실거래년":20180928.0,
            "매매실거래가":50000.0,
            "전세실거래년":null,
            "전세실거래가":null,
            "전세가율":null,
            "장기전세가율평균":68.08,
            "전세가율거품지수":null,
            "검색코드":15813,
            "세대수":182.0,
            "준공년월":"1968-05-30",
            "준공년차":55.0,
            "가까운역이름":"충무로",
            "가까운역거리":335.42,
            "역세권여부":"역세권",
            "30분이내주요거점역":4,
            "30분거점역이름":"['을지로입구', '을지로3가', '왕십리', '명동']",
            "1시간이내주요거점역":9,
            "1시간거점역이름":"['강남', '역삼', '여의도', '을지로입구', '을지로3가', '양재', '왕십리', '홍대입구', '명동']",
            "3km이내백화점수":2,
            "5km이내아울렛몰수":2,
            "1km이내대형먀트수":0,
            "500m이내은행수":13,
            "500m이내병원수":0,
            "5km이내대형병원수":11,
            "500m이내공원수":1,
            "3km이내혐오시설수":0,
            "초등학교학업성취도":90.02,
            "중학교학업성취도":58.1,
            "용적률":0,
            "건폐율":0,
            "Y":37.564019,
            "X":126.995769,
            "rank":32.0,
            "area_info":"5평(19.4), 7평(23.24), 8평(29.12), 9평(30.28), 11평(37.72), 12평(40.83), 12평(40.13), 12평(41.62), 12평(42.31), 13평(43.7), 14평(48.56), 14평(49.22), 15평(49.88), 15평(50.58), 15평(51.17), 15평(52.1), 15평(52.17), 16평(53.52), 16평(54.81), 17평(56.89), 20평(67.31), 23평(76.96), 23평(77.98), 23평(79.14), 24평(80.33), 24평(80.26), 24평(80.5), 24평(82.61), 24평(82.64), 26평(86.71), 26평(87.44), 27평(92.0), 30평(100.96), 31평(103.74), 31평(104.99), 36평(120.46), 39평(130.08), 40평(133.75), 40평(135.17)",
            "last_sales":"2018-09-28,50000.0,40평(133.75)",
            "rank_history":[
                [
                    "202202",
                    32
                ],
                [
                    "202201",
                    32
                ]
            ],
            "rank_gap":0
        },
        {
            "index":106,
            "아파트명":"약수역더시티(도시형)",
            "투자타입":"일반",
            "전용면적(m2)":"20.76",
            "전용면적(평)":"6평",
            "법정동주소":"서울시 중구 신당동 857",
            "도로명주소":"서울시 중구 동호로7길 14",
            "세대수":0,
            "입주년차":100,
            "용적률점수":"--",
            "건폐율점수":"--",
            "세대당주차수":0,
            "난방방식":30,
            "공급면적":"--",
            "전용률":"--",
            "욕실수":50,
            "현관타입":10,
            "주거총점":29.0,
            "지역구공급총점":0.0,
            "역세권":80,
            "30분내 이동가능 거점":40,
            "1시간내 이동가능 거점":90,
            "교통총점":70.0,
            "백화점":100,
            "아울렛몰":100,
            "대형마트":0,
            "은행":70,
            "병원":0,
            "종합병원":100,
            "공원":0,
            "혐오시설":0,
            "인프라총점":67.0,
            "초등학군":90.0,
            "중학군":47.82,
            "학군총점":56.256,
            "인구수":13.35,
            "인구증감":-6.7,
            "인구총점":7.335,
            "일자리":45.05,
            "소득수준":86.31,
            "일자리총점":57.428,
            "가치 총점":58.8384,
            "매매실거래년":20211220.0,
            "매매실거래가":27100.0,
            "전세실거래년":20211106.0,
            "전세실거래가":23000.0,
            "전세가율":93.88,
            "장기전세가율평균":68.08,
            "전세가율거품지수":-25.8,
            "검색코드":137442,
            "세대수":153.0,
            "준공년월":"2021-03-26",
            "준공년차":2.0,
            "가까운역이름":"약수",
            "가까운역거리":138.3,
            "역세권여부":"역세권",
            "30분이내주요거점역":2,
            "30분거점역이름":"['강남', '역삼']",
            "1시간이내주요거점역":9,
            "1시간거점역이름":"['강남', '역삼', '잠실', '을지로입구', '을지로3가', '양재', '왕십리', '홍대입구', '명동']",
            "3km이내백화점수":2,
            "5km이내아울렛몰수":2,
            "1km이내대형먀트수":0,
            "500m이내은행수":4,
            "500m이내병원수":0,
            "5km이내대형병원수":10,
            "500m이내공원수":0,
            "3km이내혐오시설수":0,
            "초등학교학업성취도":90.0,
            "중학교학업성취도":79.7,
            "용적률":385,
            "건폐율":59,
            "Y":37.553099,
            "X":127.010759,
            "rank":33.0,
            "area_info":"6평(20.76), 6평(20.97), 6평(20.1), 6평(22.68)",
            "last_sales":"2021-12-20,27100.0,6평(22.68)",
            "rank_history":[
                [
                    "202202",
                    33
                ],
                [
                    "202201",
                    34
                ]
            ],
            "rank_gap":1
        },
        {
            "index":330,
            "아파트명":"회현제2시민",
            "투자타입":"재건축",
            "전용면적(m2)":"52.89",
            "전용면적(평)":"15평",
            "법정동주소":"서울시 중구 회현동1가 147-23",
            "도로명주소":"서울시 중구 퇴계로8길 101",
            "세대수":30,
            "입주년차":"--",
            "용적률점수":0,
            "건폐율점수":0,
            "세대당주차수":"--",
            "난방방식":"--",
            "공급면적":50,
            "전용률":60,
            "욕실수":"--",
            "현관타입":"--",
            "주거총점":14.5,
            "지역구공급총점":0.0,
            "역세권":80,
            "30분내 이동가능 거점":60,
            "1시간내 이동가능 거점":40,
            "교통총점":66.0,
            "백화점":100,
            "아울렛몰":100,
            "대형마트":80,
            "은행":20,
            "병원":0,
            "종합병원":100,
            "공원":0,
            "혐오시설":0,
            "인프라총점":74.0,
            "초등학군":89.99,
            "중학군":44.64,
            "학군총점":53.71,
            "인구수":13.35,
            "인구증감":-6.7,
            "인구총점":7.335,
            "일자리":45.05,
            "소득수준":86.31,
            "일자리총점":57.428,
            "가치 총점":56.2565,
            "매매실거래년":"18000101",
            "매매실거래가":null,
            "전세실거래년":20140601.0,
            "전세실거래가":8000.0,
            "전세가율":null,
            "장기전세가율평균":68.08,
            "전세가율거품지수":null,
            "검색코드":1240,
            "세대수":340.0,
            "준공년월":"1979-12-18",
            "준공년차":44.0,
            "가까운역이름":"회현",
            "가까운역거리":407.33,
            "역세권여부":"역세권",
            "30분이내주요거점역":3,
            "30분거점역이름":"['을지로입구', '을지로3가', '명동']",
            "1시간이내주요거점역":4,
            "1시간거점역이름":"['여의도', '을지로입구', '을지로3가', '명동']",
            "3km이내백화점수":2,
            "5km이내아울렛몰수":2,
            "1km이내대형먀트수":1,
            "500m이내은행수":2,
            "500m이내병원수":0,
            "5km이내대형병원수":10,
            "500m이내공원수":0,
            "3km이내혐오시설수":0,
            "초등학교학업성취도":89.99,
            "중학교학업성취도":74.4,
            "용적률":0,
            "건폐율":0,
            "Y":37.555612,
            "X":126.981066,
            "rank":34.0,
            "area_info":"15평(52.89)",
            "last_sales":"1800-01-01,nan,15평(52.89)",
            "rank_history":[
                [
                    "202202",
                    34
                ],
                [
                    "202201",
                    36
                ]
            ],
            "rank_gap":2
        },
        {
            "index":343,
            "아파트명":"리마크빌동대문(민간임대,도시형)",
            "투자타입":"일반",
            "전용면적(m2)":"40.29",
            "전용면적(평)":"12평",
            "법정동주소":"서울시 중구 흥인동 86",
            "도로명주소":"서울시 중구 다산로 258",
            "세대수":0,
            "입주년차":80,
            "용적률점수":"--",
            "건폐율점수":"--",
            "세대당주차수":0,
            "난방방식":30,
            "공급면적":"--",
            "전용률":"--",
            "욕실수":50,
            "현관타입":10,
            "주거총점":25.0,
            "지역구공급총점":0.0,
            "역세권":80,
            "30분내 이동가능 거점":60,
            "1시간내 이동가능 거점":80,
            "교통총점":74.0,
            "백화점":0,
            "아울렛몰":100,
            "대형마트":80,
            "은행":100,
            "병원":0,
            "종합병원":100,
            "공원":100,
            "혐오시설":0,
            "인프라총점":55.0,
            "초등학군":89.96,
            "중학군":49.38,
            "학군총점":57.496,
            "인구수":13.35,
            "인구증감":-6.7,
            "인구총점":7.335,
            "일자리":45.05,
            "소득수준":86.31,
            "일자리총점":57.428,
            "가치 총점":56.0244,
            "매매실거래년":"18000101",
            "매매실거래가":null,
            "전세실거래년":null,
            "전세실거래가":null,
            "전세가율":null,
            "장기전세가율평균":68.08,
            "전세가율거품지수":null,
            "검색코드":112658,
            "세대수":262.0,
            "준공년월":"2016-06-29",
            "준공년차":7.0,
            "가까운역이름":"신당",
            "가까운역거리":108.28,
            "역세권여부":"역세권",
            "30분이내주요거점역":3,
            "30분거점역이름":"['을지로입구', '을지로3가', '왕십리']",
            "1시간이내주요거점역":8,
            "1시간거점역이름":"['강남', '역삼', '잠실', '을지로입구', '을지로3가', '왕십리', '홍대입구', '명동']",
            "3km이내백화점수":0,
            "5km이내아울렛몰수":2,
            "1km이내대형먀트수":1,
            "500m이내은행수":8,
            "500m이내병원수":0,
            "5km이내대형병원수":12,
            "500m이내공원수":2,
            "3km이내혐오시설수":0,
            "초등학교학업성취도":89.96,
            "중학교학업성취도":81.7,
            "용적률":795,
            "건폐율":54,
            "Y":37.565771,
            "X":127.016618,
            "rank":35.0,
            "area_info":"12평(40.29), 12평(41.47), 12평(41.24), 13평(43.18), 13평(45.64), 14평(49.23), 21평(70.56), 22평(75.08), 23평(76.95), 24평(82.13), 24평(82.01), 25평(83.23), 25평(83.24)",
            "last_sales":"1800-01-01,nan,12평(40.29)",
            "rank_history":[
                [
                    "202202",
                    35
                ],
                [
                    "202201",
                    35
                ]
            ],
            "rank_gap":0
        },
        {
            "index":68,
            "아파트명":"래미안하이베르",
            "투자타입":"일반",
            "전용면적(m2)":"79.1",
            "전용면적(평)":"23평",
            "법정동주소":"서울시 중구 신당동 851",
            "도로명주소":"서울시 중구 퇴계로90길 74",
            "세대수":80,
            "입주년차":60,
            "용적률점수":"--",
            "건폐율점수":"--",
            "세대당주차수":30,
            "난방방식":30,
            "공급면적":"--",
            "전용률":"--",
            "욕실수":100,
            "현관타입":100,
            "주거총점":67.5,
            "지역구공급총점":0.0,
            "역세권":50,
            "30분내 이동가능 거점":60,
            "1시간내 이동가능 거점":70,
            "교통총점":57.0,
            "백화점":0,
            "아울렛몰":100,
            "대형마트":80,
            "은행":0,
            "병원":0,
            "종합병원":100,
            "공원":100,
            "혐오시설":0,
            "인프라총점":45.0,
            "초등학군":90.0,
            "중학군":50.68,
            "학군총점":58.544,
            "인구수":13.35,
            "인구증감":-6.7,
            "인구총점":7.335,
            "일자리":45.05,
            "소득수준":86.31,
            "일자리총점":57.428,
            "가치 총점":55.7316,
            "매매실거래년":20211017.0,
            "매매실거래가":138000.0,
            "전세실거래년":20220127.0,
            "전세실거래가":65000.0,
            "전세가율":57.02,
            "장기전세가율평균":68.08,
            "전세가율거품지수":11.06,
            "검색코드":27820,
            "세대수":784.0,
            "준공년월":"2011-10-28",
            "준공년차":12.0,
            "가까운역이름":"상왕십리",
            "가까운역거리":666.64,
            "역세권여부":"준역세권",
            "30분이내주요거점역":3,
            "30분거점역이름":"['을지로입구', '을지로3가', '왕십리']",
            "1시간이내주요거점역":7,
            "1시간거점역이름":"['역삼', '을지로입구', '을지로3가', '양재', '왕십리', '홍대입구', '명동']",
            "3km이내백화점수":0,
            "5km이내아울렛몰수":2,
            "1km이내대형먀트수":1,
            "500m이내은행수":1,
            "500m이내병원수":0,
            "5km이내대형병원수":13,
            "500m이내공원수":4,
            "3km이내혐오시설수":0,
            "초등학교학업성취도":90.0,
            "중학교학업성취도":83.6,
            "용적률":225,
            "건폐율":24,
            "Y":37.561362,
            "X":127.0228,
            "rank":36.0,
            "area_info":"23평(79.1), 24평(80.11), 26평(88.69), 32평(107.31), 32평(107.58), 34평(112.49), 45평(149.63)",
            "last_sales":"2021-10-17,138000.0,34평(112.49)",
            "rank_history":[
                [
                    "202202",
                    36
                ],
                [
                    "202201",
                    22
                ]
            ],
            "rank_gap":-14
        },
        {
            "index":99,
            "아파트명":"신당푸르지오",
            "투자타입":"일반",
            "전용면적(m2)":"78.6",
            "전용면적(평)":"23평",
            "법정동주소":"서울시 중구 신당동 850",
            "도로명주소":"서울시 중구 다산로36길 110",
            "세대수":50,
            "입주년차":40,
            "용적률점수":"--",
            "건폐율점수":"--",
            "세대당주차수":60,
            "난방방식":30,
            "공급면적":"--",
            "전용률":"--",
            "욕실수":100,
            "현관타입":100,
            "주거총점":57.5,
            "지역구공급총점":0.0,
            "역세권":50,
            "30분내 이동가능 거점":60,
            "1시간내 이동가능 거점":60,
            "교통총점":55.0,
            "백화점":0,
            "아울렛몰":100,
            "대형마트":80,
            "은행":0,
            "병원":0,
            "종합병원":100,
            "공원":100,
            "혐오시설":0,
            "인프라총점":45.0,
            "초등학군":89.98,
            "중학군":50.68,
            "학군총점":58.54,
            "인구수":13.35,
            "인구증감":-6.7,
            "인구총점":7.335,
            "일자리":45.05,
            "소득수준":86.31,
            "일자리총점":57.428,
            "가치 총점":53.031,
            "매매실거래년":20210910.0,
            "매매실거래가":160000.0,
            "전세실거래년":20210804.0,
            "전세실거래가":68000.0,
            "전세가율":62.1,
            "장기전세가율평균":68.08,
            "전세가율거품지수":5.98,
            "검색코드":13845,
            "세대수":461.0,
            "준공년월":"2005-12-28",
            "준공년차":18.0,
            "가까운역이름":"청구",
            "가까운역거리":519.5,
            "역세권여부":"준역세권",
            "30분이내주요거점역":3,
            "30분거점역이름":"['을지로입구', '을지로3가', '왕십리']",
            "1시간이내주요거점역":6,
            "1시간거점역이름":"['역삼', '을지로입구', '을지로3가', '왕십리', '홍대입구', '명동']",
            "3km이내백화점수":0,
            "5km이내아울렛몰수":2,
            "1km이내대형먀트수":1,
            "500m이내은행수":1,
            "500m이내병원수":0,
            "5km이내대형병원수":11,
            "500m이내공원수":2,
            "3km이내혐오시설수":0,
            "초등학교학업성취도":89.98,
            "중학교학업성취도":83.6,
            "용적률":297,
            "건폐율":21,
            "Y":37.559263,
            "X":127.01959,
            "rank":37.0,
            "area_info":"23평(78.6), 31평(104.3), 31평(105.41), 41평(137.79), 41평(138.15), 50평(167.49), 50평(167.2)",
            "last_sales":"2021-09-10,160000.0,50평(167.49)",
            "rank_history":[
                [
                    "202202",
                    37
                ],
                [
                    "202201",
                    38
                ]
            ],
            "rank_gap":1
        },
        {
            "index":87,
            "아파트명":"신당파라다이스",
            "투자타입":"일반",
            "전용면적(m2)":"83.07",
            "전용면적(평)":"25평",
            "법정동주소":"서울시 중구 신당동 846",
            "도로명주소":"서울시 중구 다산로42나길 46",
            "세대수":0,
            "입주년차":20,
            "용적률점수":"--",
            "건폐율점수":"--",
            "세대당주차수":0,
            "난방방식":30,
            "공급면적":"--",
            "전용률":"--",
            "욕실수":50,
            "현관타입":10,
            "주거총점":13.0,
            "지역구공급총점":0.0,
            "역세권":80,
            "30분내 이동가능 거점":80,
            "1시간내 이동가능 거점":90,
            "교통총점":82.0,
            "백화점":0,
            "아울렛몰":100,
            "대형마트":0,
            "은행":100,
            "병원":0,
            "종합병원":100,
            "공원":100,
            "혐오시설":0,
            "인프라총점":43.0,
            "초등학군":89.97,
            "중학군":50.68,
            "학군총점":58.538,
            "인구수":13.35,
            "인구증감":-6.7,
            "인구총점":7.335,
            "일자리":45.05,
            "소득수준":86.31,
            "일자리총점":57.428,
            "가치 총점":52.9807,
            "매매실거래년":20210905.0,
            "매매실거래가":82000.0,
            "전세실거래년":20211113.0,
            "전세실거래가":37800.0,
            "전세가율":46.1,
            "장기전세가율평균":68.08,
            "전세가율거품지수":21.98,
            "검색코드":9931,
            "세대수":132.0,
            "준공년월":"2000-07-10",
            "준공년차":23.0,
            "가까운역이름":"신당",
            "가까운역거리":392.02,
            "역세권여부":"역세권",
            "30분이내주요거점역":4,
            "30분거점역이름":"['을지로입구', '을지로3가', '왕십리', '명동']",
            "1시간이내주요거점역":9,
            "1시간거점역이름":"['강남', '역삼', '잠실', '여의도', '을지로입구', '을지로3가', '왕십리', '홍대입구', '명동']",
            "3km이내백화점수":0,
            "5km이내아울렛몰수":2,
            "1km이내대형먀트수":0,
            "500m이내은행수":6,
            "500m이내병원수":0,
            "5km이내대형병원수":11,
            "500m이내공원수":3,
            "3km이내혐오시설수":0,
            "초등학교학업성취도":89.97,
            "중학교학업성취도":83.6,
            "용적률":332,
            "건폐율":43,
            "Y":37.56247,
            "X":127.017307,
            "rank":38.0,
            "area_info":"25평(83.07), 32평(107.36), 32평(107.46), 32평(107.61)",
            "last_sales":"2021-09-05,82000.0,25평(83.07)",
            "rank_history":[
                [
                    "202202",
                    38
                ],
                [
                    "202201",
                    37
                ]
            ],
            "rank_gap":-1
        },
        {
            "index":296,
            "아파트명":"삼풍",
            "투자타입":"재건축",
            "전용면적(m2)":"48.84",
            "전용면적(평)":"14평",
            "법정동주소":"서울시 중구 회현동1가 146-1",
            "도로명주소":"서울시 중구 소공로3길 29-8",
            "세대수":0,
            "입주년차":"--",
            "용적률점수":0,
            "건폐율점수":0,
            "세대당주차수":"--",
            "난방방식":"--",
            "공급면적":50,
            "전용률":100,
            "욕실수":"--",
            "현관타입":"--",
            "주거총점":7.5,
            "지역구공급총점":0.0,
            "역세권":80,
            "30분내 이동가능 거점":60,
            "1시간내 이동가능 거점":50,
            "교통총점":68.0,
            "백화점":100,
            "아울렛몰":100,
            "대형마트":0,
            "은행":20,
            "병원":0,
            "종합병원":100,
            "공원":0,
            "혐오시설":0,
            "인프라총점":62.0,
            "초등학군":89.97,
            "중학군":44.64,
            "학군총점":53.706,
            "인구수":13.35,
            "인구증감":-6.7,
            "인구총점":7.335,
            "일자리":45.05,
            "소득수준":86.31,
            "일자리총점":57.428,
            "가치 총점":51.9559,
            "매매실거래년":20180809.0,
            "매매실거래가":31500.0,
            "전세실거래년":null,
            "전세실거래가":null,
            "전세가율":null,
            "장기전세가율평균":68.08,
            "전세가율거품지수":null,
            "검색코드":1239,
            "세대수":118.0,
            "준공년월":"1975-12-30",
            "준공년차":48.0,
            "가까운역이름":"회현",
            "가까운역거리":434.04,
            "역세권여부":"역세권",
            "30분이내주요거점역":3,
            "30분거점역이름":"['을지로입구', '을지로3가', '명동']",
            "1시간이내주요거점역":5,
            "1시간거점역이름":"['여의도', '을지로입구', '을지로3가', '홍대입구', '명동']",
            "3km이내백화점수":2,
            "5km이내아울렛몰수":2,
            "1km이내대형먀트수":0,
            "500m이내은행수":2,
            "500m이내병원수":0,
            "5km이내대형병원수":10,
            "500m이내공원수":0,
            "3km이내혐오시설수":0,
            "초등학교학업성취도":89.97,
            "중학교학업성취도":74.4,
            "용적률":0,
            "건폐율":0,
            "Y":37.55638,
            "X":126.982369,
            "rank":39.0,
            "area_info":"14평(48.84), 14평(49.55), 15평(50.58), 15평(50.6), 15평(51.31), 15평(51.32), 18평(61.49), 18평(62.38), 20평(66.58), 20평(66.57), 20평(66.57), 20평(68.95), 20평(68.96), 20평(68.94), 20평(68.67), 20평(68.7), 21평(71.41), 21평(71.14), 21평(71.97), 21평(72.06), 22평(74.63), 22평(74.31), 25평(83.8), 26평(86.81), 27평(90.73), 29평(98.54), 29평(98.55), 29평(98.53), 29평(98.53), 30평(102.04), 32평(106.14), 32평(106.81), 33평(109.75), 43평(144.82)",
            "last_sales":"2018-08-09,31500.0,21평(72.06)",
            "rank_history":[
                [
                    "202202",
                    39
                ],
                [
                    "202201",
                    39
                ]
            ],
            "rank_gap":0
        },
        {
            "index":110,
            "아파트명":"약수하이츠",
            "투자타입":"일반",
            "전용면적(m2)":"80.4",
            "전용면적(평)":"24평",
            "법정동주소":"서울시 중구 신당동 842",
            "도로명주소":"서울시 중구 동호로10길 30",
            "세대수":100,
            "입주년차":20,
            "용적률점수":"--",
            "건폐율점수":"--",
            "세대당주차수":0,
            "난방방식":30,
            "공급면적":"--",
            "전용률":"--",
            "욕실수":50,
            "현관타입":10,
            "주거총점":48.0,
            "지역구공급총점":0.0,
            "역세권":80,
            "30분내 이동가능 거점":20,
            "1시간내 이동가능 거점":70,
            "교통총점":60.0,
            "백화점":0,
            "아울렛몰":100,
            "대형마트":0,
            "은행":100,
            "병원":0,
            "종합병원":100,
            "공원":0,
            "혐오시설":0,
            "인프라총점":40.0,
            "초등학군":90.0,
            "중학군":48.36,
            "학군총점":56.688,
            "인구수":13.35,
            "인구증감":-6.7,
            "인구총점":7.335,
            "일자리":45.05,
            "소득수준":86.31,
            "일자리총점":57.428,
            "가치 총점":51.1032,
            "매매실거래년":20210914.0,
            "매매실거래가":161500.0,
            "전세실거래년":20220117.0,
            "전세실거래가":45200.0,
            "전세가율":40.36,
            "장기전세가율평균":68.08,
            "전세가율거품지수":27.72,
            "검색코드":1238,
            "세대수":2282.0,
            "준공년월":"1999-07-29",
            "준공년차":24.0,
            "가까운역이름":"약수",
            "가까운역거리":369.23,
            "역세권여부":"역세권",
            "30분이내주요거점역":1,
            "30분거점역이름":"['강남']",
            "1시간이내주요거점역":7,
            "1시간거점역이름":"['강남', '역삼', '잠실', '을지로입구', '왕십리', '홍대입구', '명동']",
            "3km이내백화점수":0,
            "5km이내아울렛몰수":2,
            "1km이내대형먀트수":0,
            "500m이내은행수":5,
            "500m이내병원수":0,
            "5km이내대형병원수":10,
            "500m이내공원수":0,
            "3km이내혐오시설수":0,
            "초등학교학업성취도":90.0,
            "중학교학업성취도":80.2,
            "용적률":255,
            "건폐율":19,
            "Y":37.554916,
            "X":127.01478,
            "rank":40.0,
            "area_info":"24평(80.4), 27평(92.54), 32평(107.65), 42평(141.59)",
            "last_sales":"2021-09-14,161500.0,42평(141.59)",
            "rank_history":[
                [
                    "202202",
                    40
                ],
                [
                    "202201",
                    40
                ]
            ],
            "rank_gap":0
        },
        {
            "index":122,
            "아파트명":"현대",
            "투자타입":"일반",
            "전용면적(m2)":"88.66",
            "전용면적(평)":"26평",
            "법정동주소":"서울시 중구 신당동 840",
            "도로명주소":"서울시 중구 다산로36길 109",
            "세대수":90,
            "입주년차":0,
            "용적률점수":"--",
            "건폐율점수":"--",
            "세대당주차수":0,
            "난방방식":30,
            "공급면적":"--",
            "전용률":"--",
            "욕실수":50,
            "현관타입":10,
            "주거총점":40.5,
            "지역구공급총점":0.0,
            "역세권":50,
            "30분내 이동가능 거점":60,
            "1시간내 이동가능 거점":70,
            "교통총점":57.0,
            "백화점":0,
            "아울렛몰":100,
            "대형마트":80,
            "은행":0,
            "병원":0,
            "종합병원":100,
            "공원":100,
            "혐오시설":0,
            "인프라총점":45.0,
            "초등학군":89.98,
            "중학군":50.68,
            "학군총점":58.54,
            "인구수":13.35,
            "인구증감":-6.7,
            "인구총점":7.335,
            "일자리":45.05,
            "소득수준":86.31,
            "일자리총점":57.428,
            "가치 총점":50.331,
            "매매실거래년":20211104.0,
            "매매실거래가":120000.0,
            "전세실거래년":20211210.0,
            "전세실거래가":28350.0,
            "전세가율":32.03,
            "장기전세가율평균":68.08,
            "전세가율거품지수":36.05,
            "검색코드":797,
            "세대수":942.0,
            "준공년월":"1993-09-17",
            "준공년차":30.0,
            "가까운역이름":"신금호",
            "가까운역거리":636.89,
            "역세권여부":"준역세권",
            "30분이내주요거점역":3,
            "30분거점역이름":"['을지로입구', '을지로3가', '왕십리']",
            "1시간이내주요거점역":7,
            "1시간거점역이름":"['역삼', '을지로입구', '을지로3가', '양재', '왕십리', '홍대입구', '명동']",
            "3km이내백화점수":0,
            "5km이내아울렛몰수":2,
            "1km이내대형먀트수":1,
            "500m이내은행수":0,
            "500m이내병원수":0,
            "5km이내대형병원수":13,
            "500m이내공원수":3,
            "3km이내혐오시설수":0,
            "초등학교학업성취도":89.98,
            "중학교학업성취도":83.6,
            "용적률":240,
            "건폐율":0,
            "Y":37.560164,
            "X":127.021751,
            "rank":41.0,
            "area_info":"26평(88.66), 31평(105.32), 33평(111.11), 42평(141.11), 43평(142.33), 48평(159.49)",
            "last_sales":"2021-11-04,120000.0,48평(159.49)",
            "rank_history":[
                [
                    "202202",
                    41
                ],
                [
                    "202201",
                    41
                ]
            ],
            "rank_gap":0
        }
    ]
}