{
    "schema":{
        "fields":[
            {
                "name":"index",
                "type":"integer"
            },
            {
                "name":"아파트명",
                "type":"string"
            },
            {
                "name":"투자타입",
                "type":"string"
            },
            {
                "name":"전용면적(m2)",
                "type":"string"
            },
            {
                "name":"전용면적(평)",
                "type":"string"
            },
            {
                "name":"법정동주소",
                "type":"string"
            },
            {
                "name":"도로명주소",
                "type":"string"
            },
            {
                "name":"세대수",
                "type":"integer"
            },
            {
                "name":"입주년차",
                "type":"string"
            },
            {
                "name":"용적률점수",
                "type":"string"
            },
            {
                "name":"건폐율점수",
                "type":"string"
            },
            {
                "name":"세대당주차수",
                "type":"string"
            },
            {
                "name":"난방방식",
                "type":"string"
            },
            {
                "name":"공급면적",
                "type":"string"
            },
            {
                "name":"전용률",
                "type":"string"
            },
            {
                "name":"욕실수",
                "type":"string"
            },
            {
                "name":"현관타입",
                "type":"string"
            },
            {
                "name":"주거총점",
                "type":"number"
            },
            {
                "name":"지역구공급총점",
                "type":"number"
            },
            {
                "name":"역세권",
                "type":"integer"
            },
            {
                "name":"30분내 이동가능 거점",
                "type":"integer"
            },
            {
                "name":"1시간내 이동가능 거점",
                "type":"integer"
            },
            {
                "name":"교통총점",
                "type":"number"
            },
            {
                "name":"백화점",
                "type":"integer"
            },
            {
                "name":"아울렛몰",
                "type":"integer"
            },
            {
                "name":"대형마트",
                "type":"integer"
            },
            {
                "name":"은행",
                "type":"integer"
            },
            {
                "name":"병원",
                "type":"integer"
            },
            {
                "name":"종합병원",
                "type":"integer"
            },
            {
                "name":"공원",
                "type":"integer"
            },
            {
                "name":"혐오시설",
                "type":"integer"
            },
            {
                "name":"인프라총점",
                "type":"number"
            },
            {
                "name":"초등학군",
                "type":"number"
            },
            {
                "name":"중학군",
                "type":"number"
            },
            {
                "name":"학군총점",
                "type":"number"
            },
            {
                "name":"인구수",
                "type":"number"
            },
            {
                "name":"인구증감",
                "type":"number"
            },
            {
                "name":"인구총점",
                "type":"number"
            },
            {
                "name":"일자리",
                "type":"number"
            },
            {
                "name":"소득수준",
                "type":"number"
            },
            {
                "name":"일자리총점",
                "type":"number"
            },
            {
                "name":"가치 총점",
                "type":"number"
            },
            {
                "name":"매매실거래년",
                "type":"string"
            },
            {
                "name":"매매실거래가",
                "type":"number"
            },
            {
                "name":"전세실거래년",
                "type":"number"
            },
            {
                "name":"전세실거래가",
                "type":"number"
            },
            {
                "name":"전세가율",
                "type":"number"
            },
            {
                "name":"장기전세가율평균",
                "type":"number"
            },
            {
                "name":"전세가율거품지수",
                "type":"number"
            },
            {
                "name":"검색코드",
                "type":"integer"
            },
            {
                "name":"세대수",
                "type":"number"
            },
            {
                "name":"준공년월",
                "type":"string"
            },
            {
                "name":"준공년차",
                "type":"number"
            },
            {
                "name":"가까운역이름",
                "type":"string"
            },
            {
                "name":"가까운역거리",
                "type":"number"
            },
            {
                "name":"역세권여부",
                "type":"string"
            },
            {
                "name":"30분이내주요거점역",
                "type":"integer"
            },
            {
                "name":"30분거점역이름",
                "type":"string"
            },
            {
                "name":"1시간이내주요거점역",
                "type":"integer"
            },
            {
                "name":"1시간거점역이름",
                "type":"string"
            },
            {
                "name":"3km이내백화점수",
                "type":"integer"
            },
            {
                "name":"5km이내아울렛몰수",
                "type":"integer"
            },
            {
                "name":"1km이내대형먀트수",
                "type":"integer"
            },
            {
                "name":"500m이내은행수",
                "type":"integer"
            },
            {
                "name":"500m이내병원수",
                "type":"integer"
            },
            {
                "name":"5km이내대형병원수",
                "type":"integer"
            },
            {
                "name":"500m이내공원수",
                "type":"integer"
            },
            {
                "name":"3km이내혐오시설수",
                "type":"integer"
            },
            {
                "name":"초등학교학업성취도",
                "type":"number"
            },
            {
                "name":"중학교학업성취도",
                "type":"number"
            },
            {
                "name":"용적률",
                "type":"integer"
            },
            {
                "name":"건폐율",
                "type":"integer"
            },
            {
                "name":"Y",
                "type":"number"
            },
            {
                "name":"X",
                "type":"number"
            },
            {
                "name":"rank",
                "type":"number"
            },
            {
                "name":"area_info",
                "type":"string"
            },
            {
                "name":"last_sales",
                "type":"string"
            },
            {
                "name":"rank_history",
                "type":"string"
            },
            {
                "name":"rank_gap",
                "type":"integer"
            }
        ],
        "primaryKey":[
            "index"
        ],
        "pandas_version":"1.4.0"
    },
    "data":[
        {
            "index":535,
            "아파트명":"서울숲리버뷰자이",
            "투자타입":"일반",
            "전용면적(m2)":"84.9",
            "전용면적(평)":"25평",
            "법정동주소":"서울시 성동구 행당동 380",
            "도로명주소":"서울시 성동구 고산자로2길 65",
            "세대수":90,
            "입주년차":80,
            "용적률점수":"--",
            "건폐율점수":"--",
            "세대당주차수":60,
            "난방방식":30,
            "공급면적":"--",
            "전용률":"--",
            "욕실수":100,
            "현관타입":100,
            "주거총점":79.5,
            "지역구공급총점":100.0,
            "역세권":80,
            "30분내 이동가능 거점":100,
            "1시간내 이동가능 거점":100,
            "교통총점":90.0,
            "백화점":100,
            "아울렛몰":80,
            "대형마트":100,
            "은행":70,
            "병원":0,
            "종합병원":100,
            "공원":100,
            "혐오시설":0,
            "인프라총점":83.0,
            "초등학군":89.99,
            "중학군":41.94,
            "학군총점":51.55,
            "인구수":32.17,
            "인구증감":-14.67,
            "인구총점":18.118,
            "일자리":21.43,
            "소득수준":63.3,
            "일자리총점":33.991,
            "가치 총점":80.0325,
            "매매실거래년":20210926.0,
            "매매실거래가":200000.0,
            "전세실거래년":20210126.0,
            "전세실거래가":87000.0,
            "전세가율":53.7,
            "장기전세가율평균":67.55,
            "전세가율거품지수":13.85,
            "검색코드":111258,
            "세대수":1034.0,
            "준공년월":"2018-06-22",
            "준공년차":5.0,
            "가까운역이름":"한양대",
            "가까운역거리":467.36,
            "역세권여부":"역세권",
            "30분이내주요거점역":5,
            "30분거점역이름":"['역삼', '을지로입구', '을지로3가', '왕십리', '명동']",
            "1시간이내주요거점역":14,
            "1시간거점역이름":"['강남', '역삼', '잠실', '판교', '여의도', '을지로입구', '을지로3가', '양재', '가산디지털단지', '왕십리', '홍대입구', '구로디지털단지', '명동', '서현']",
            "3km이내백화점수":1,
            "5km이내아울렛몰수":1,
            "1km이내대형먀트수":2,
            "500m이내은행수":4,
            "500m이내병원수":0,
            "5km이내대형병원수":12,
            "500m이내공원수":4,
            "3km이내혐오시설수":0,
            "초등학교학업성취도":89.99,
            "중학교학업성취도":68.7,
            "용적률":280,
            "건폐율":19,
            "Y":37.555687,
            "X":127.038379,
            "rank":1.0,
            "area_info":"25평(84.9), 33평(109.11), 33평(110.62), 33평(110.68), 33평(111.15), 42평(140.89), 42평(140.57), 50평(165.44), 51평(169.76), 56평(186.03), 56평(186.81), 56평(186.59)",
            "last_sales":"2021-09-26,200000.0,33평(111.15)",
            "rank_history":[
                [
                    "202202",
                    1
                ],
                [
                    "202201",
                    1
                ]
            ],
            "rank_gap":0
        },
        {
            "index":457,
            "아파트명":"센트라스",
            "투자타입":"일반",
            "전용면적(m2)":"57.6",
            "전용면적(평)":"17평",
            "법정동주소":"서울시 성동구 하왕십리동 1070",
            "도로명주소":"서울시 성동구 왕십리로 410",
            "세대수":100,
            "입주년차":80,
            "용적률점수":"--",
            "건폐율점수":"--",
            "세대당주차수":30,
            "난방방식":30,
            "공급면적":"--",
            "전용률":"--",
            "욕실수":50,
            "현관타입":100,
            "주거총점":73.5,
            "지역구공급총점":100.0,
            "역세권":80,
            "30분내 이동가능 거점":100,
            "1시간내 이동가능 거점":100,
            "교통총점":90.0,
            "백화점":100,
            "아울렛몰":100,
            "대형마트":80,
            "은행":70,
            "병원":0,
            "종합병원":100,
            "공원":100,
            "혐오시설":-100,
            "인프라총점":80.0,
            "초등학군":89.97,
            "중학군":50.68,
            "학군총점":58.538,
            "인구수":32.17,
            "인구증감":-14.67,
            "인구총점":18.118,
            "일자리":21.43,
            "소득수준":63.3,
            "일자리총점":33.991,
            "가치 총점":78.9807,
            "매매실거래년":20211230.0,
            "매매실거래가":175000.0,
            "전세실거래년":20220111.0,
            "전세실거래가":44100.0,
            "전세가율":44.55,
            "장기전세가율평균":67.55,
            "전세가율거품지수":23.0,
            "검색코드":109910,
            "세대수":2529.0,
            "준공년월":"2016-11-01",
            "준공년차":7.0,
            "가까운역이름":"상왕십리",
            "가까운역거리":471.56,
            "역세권여부":"역세권",
            "30분이내주요거점역":5,
            "30분거점역이름":"['역삼', '을지로입구', '을지로3가', '왕십리', '명동']",
            "1시간이내주요거점역":13,
            "1시간거점역이름":"['강남', '역삼', '잠실', '판교', '여의도', '을지로입구', '을지로3가', '양재', '가산디지털단지', '왕십리', '홍대입구', '구로디지털단지', '명동']",
            "3km이내백화점수":1,
            "5km이내아울렛몰수":2,
            "1km이내대형먀트수":1,
            "500m이내은행수":4,
            "500m이내병원수":0,
            "5km이내대형병원수":10,
            "500m이내공원수":6,
            "3km이내혐오시설수":3,
            "초등학교학업성취도":89.97,
            "중학교학업성취도":83.6,
            "용적률":312,
            "건폐율":39,
            "Y":37.566563,
            "X":127.024787,
            "rank":2.0,
            "area_info":"17평(57.6), 23평(78.64), 23평(78.4), 25평(83.46), 25평(83.46), 26평(87.88), 26평(87.66), 26평(88.71), 26평(88.21), 33평(109.97), 33평(110.25), 33평(110.25), 33평(110.99), 33평(110.93), 33평(110.65), 33평(111.04), 35평(116.21), 35평(116.67), 45평(149.73)",
            "last_sales":"2021-12-30,175000.0,33평(111.04)",
            "rank_history":[
                [
                    "202202",
                    2
                ],
                [
                    "202201",
                    2
                ]
            ],
            "rank_gap":0
        },
        {
            "index":430,
            "아파트명":"대림2차",
            "투자타입":"재건축",
            "전용면적(m2)":"81.29",
            "전용면적(평)":"24평",
            "법정동주소":"서울시 성동구 응봉동 97",
            "도로명주소":"서울시 성동구 독서당로 431",
            "세대수":50,
            "입주년차":"--",
            "용적률점수":60,
            "건폐율점수":100,
            "세대당주차수":"--",
            "난방방식":"--",
            "공급면적":70,
            "전용률":60,
            "욕실수":"--",
            "현관타입":"--",
            "주거총점":65.5,
            "지역구공급총점":100.0,
            "역세권":80,
            "30분내 이동가능 거점":100,
            "1시간내 이동가능 거점":100,
            "교통총점":90.0,
            "백화점":100,
            "아울렛몰":80,
            "대형마트":80,
            "은행":70,
            "병원":0,
            "종합병원":100,
            "공원":100,
            "혐오시설":0,
            "인프라총점":80.0,
            "초등학군":89.98,
            "중학군":52.34,
            "학군총점":59.868,
            "인구수":32.17,
            "인구증감":-14.67,
            "인구총점":18.118,
            "일자리":21.43,
            "소득수준":63.3,
            "일자리총점":33.991,
            "가치 총점":77.5802,
            "매매실거래년":20210807.0,
            "매매실거래가":110000.0,
            "전세실거래년":20211023.0,
            "전세실거래가":33600.0,
            "전세가율":35.0,
            "장기전세가율평균":67.55,
            "전세가율거품지수":32.55,
            "검색코드":571,
            "세대수":410.0,
            "준공년월":"1989-09-21",
            "준공년차":34.0,
            "가까운역이름":"응봉",
            "가까운역거리":382.76,
            "역세권여부":"역세권",
            "30분이내주요거점역":5,
            "30분거점역이름":"['역삼', '을지로입구', '을지로3가', '왕십리', '명동']",
            "1시간이내주요거점역":16,
            "1시간거점역이름":"['강남', '역삼', '잠실', '판교', '여의도', '을지로입구', '을지로3가', '양재', '정자', '평촌', '가산디지털단지', '왕십리', '홍대입구', '구로디지털단지', '명동', '마곡']",
            "3km이내백화점수":2,
            "5km이내아울렛몰수":1,
            "1km이내대형먀트수":1,
            "500m이내은행수":3,
            "500m이내병원수":0,
            "5km이내대형병원수":12,
            "500m이내공원수":7,
            "3km이내혐오시설수":0,
            "초등학교학업성취도":89.98,
            "중학교학업성취도":85.9,
            "용적률":231,
            "건폐율":19,
            "Y":37.552908,
            "X":127.032326,
            "rank":3.0,
            "area_info":"24평(81.29), 34평(112.45)",
            "last_sales":"2021-08-07,110000.0,34평(112.45)",
            "rank_history":[
                [
                    "202202",
                    3
                ],
                [
                    "202201",
                    7
                ]
            ],
            "rank_gap":4
        },
        {
            "index":432,
            "아파트명":"대림강변타운",
            "투자타입":"일반",
            "전용면적(m2)":"79.8",
            "전용면적(평)":"24평",
            "법정동주소":"서울시 성동구 응봉동 15",
            "도로명주소":"서울시 성동구 고산자로 160",
            "세대수":90,
            "입주년차":20,
            "용적률점수":"--",
            "건폐율점수":"--",
            "세대당주차수":30,
            "난방방식":30,
            "공급면적":"--",
            "전용률":"--",
            "욕실수":50,
            "현관타입":100,
            "주거총점":58.0,
            "지역구공급총점":100.0,
            "역세권":80,
            "30분내 이동가능 거점":100,
            "1시간내 이동가능 거점":100,
            "교통총점":90.0,
            "백화점":100,
            "아울렛몰":80,
            "대형마트":100,
            "은행":70,
            "병원":0,
            "종합병원":100,
            "공원":100,
            "혐오시설":0,
            "인프라총점":83.0,
            "초등학군":89.99,
            "중학군":52.34,
            "학군총점":59.87,
            "인구수":32.17,
            "인구증감":-14.67,
            "인구총점":18.118,
            "일자리":21.43,
            "소득수준":63.3,
            "일자리총점":33.991,
            "가치 총점":76.9805,
            "매매실거래년":20211012.0,
            "매매실거래가":173000.0,
            "전세실거래년":null,
            "전세실거래가":null,
            "전세가율":null,
            "장기전세가율평균":67.55,
            "전세가율거품지수":null,
            "검색코드":2976,
            "세대수":1150.0,
            "준공년월":"2001-10-26",
            "준공년차":22.0,
            "가까운역이름":"응봉",
            "가까운역거리":436.78,
            "역세권여부":"역세권",
            "30분이내주요거점역":6,
            "30분거점역이름":"['강남', '역삼', '을지로입구', '을지로3가', '왕십리', '명동']",
            "1시간이내주요거점역":14,
            "1시간거점역이름":"['강남', '역삼', '잠실', '판교', '여의도', '을지로입구', '을지로3가', '양재', '평촌', '가산디지털단지', '왕십리', '홍대입구', '구로디지털단지', '명동']",
            "3km이내백화점수":1,
            "5km이내아울렛몰수":1,
            "1km이내대형먀트수":2,
            "500m이내은행수":3,
            "500m이내병원수":0,
            "5km이내대형병원수":12,
            "500m이내공원수":5,
            "3km이내혐오시설수":0,
            "초등학교학업성취도":89.99,
            "중학교학업성취도":85.9,
            "용적률":295,
            "건폐율":19,
            "Y":37.553695,
            "X":127.036017,
            "rank":4.0,
            "area_info":"24평(79.8), 24평(79.8), 32평(107.73), 43평(142.53), 42평(142.04)",
            "last_sales":"2021-10-12,173000.0,43평(142.53)",
            "rank_history":[
                [
                    "202202",
                    4
                ],
                [
                    "202201",
                    8
                ]
            ],
            "rank_gap":4
        },
        {
            "index":527,
            "아파트명":"서울숲더샵",
            "투자타입":"일반",
            "전용면적(m2)":"119.16",
            "전용면적(평)":"36평",
            "법정동주소":"서울시 성동구 행당동 377",
            "도로명주소":"서울시 성동구 왕십리로 241",
            "세대수":50,
            "입주년차":80,
            "용적률점수":"--",
            "건폐율점수":"--",
            "세대당주차수":80,
            "난방방식":30,
            "공급면적":"--",
            "전용률":"--",
            "욕실수":100,
            "현관타입":100,
            "주거총점":68.5,
            "지역구공급총점":100.0,
            "역세권":80,
            "30분내 이동가능 거점":100,
            "1시간내 이동가능 거점":100,
            "교통총점":90.0,
            "백화점":100,
            "아울렛몰":80,
            "대형마트":80,
            "은행":70,
            "병원":0,
            "종합병원":100,
            "공원":80,
            "혐오시설":0,
            "인프라총점":79.4,
            "초등학군":89.99,
            "중학군":41.94,
            "학군총점":51.55,
            "인구수":32.17,
            "인구증감":-14.67,
            "인구총점":18.118,
            "일자리":21.43,
            "소득수준":63.3,
            "일자리총점":33.991,
            "가치 총점":76.7525,
            "매매실거래년":20211206.0,
            "매매실거래가":257500.0,
            "전세실거래년":20211215.0,
            "전세실거래가":76650.0,
            "전세가율":51.44,
            "장기전세가율평균":67.55,
            "전세가율거품지수":16.11,
            "검색코드":103112,
            "세대수":495.0,
            "준공년월":"2014-09-16",
            "준공년차":9.0,
            "가까운역이름":"한양대",
            "가까운역거리":328.88,
            "역세권여부":"역세권",
            "30분이내주요거점역":5,
            "30분거점역이름":"['역삼', '을지로입구', '을지로3가', '왕십리', '명동']",
            "1시간이내주요거점역":15,
            "1시간거점역이름":"['강남', '역삼', '잠실', '판교', '여의도', '을지로입구', '을지로3가', '양재', '정자', '가산디지털단지', '왕십리', '홍대입구', '구로디지털단지', '명동', '서현']",
            "3km이내백화점수":1,
            "5km이내아울렛몰수":1,
            "1km이내대형먀트수":1,
            "500m이내은행수":4,
            "500m이내병원수":0,
            "5km이내대형병원수":12,
            "500m이내공원수":1,
            "3km이내혐오시설수":0,
            "초등학교학업성취도":89.99,
            "중학교학업성취도":68.7,
            "용적률":392,
            "건폐율":34,
            "Y":37.55626,
            "X":127.040138,
            "rank":5.0,
            "area_info":"36평(119.16), 36평(120.01), 39평(130.68), 39평(131.23), 43평(143.77), 48평(161.73), 49평(162.74), 63평(210.81)",
            "last_sales":"2021-12-06,257500.0,63평(210.81)",
            "rank_history":[
                [
                    "202202",
                    5
                ],
                [
                    "202201",
                    5
                ]
            ],
            "rank_gap":0
        },
        {
            "index":47,
            "아파트명":"금호자이2차",
            "투자타입":"일반",
            "전용면적(m2)":"82.82",
            "전용면적(평)":"25평",
            "법정동주소":"서울시 성동구 금호동3가 700",
            "도로명주소":"서울시 성동구 금호산8길 14",
            "세대수":50,
            "입주년차":60,
            "용적률점수":"--",
            "건폐율점수":"--",
            "세대당주차수":30,
            "난방방식":30,
            "공급면적":"--",
            "전용률":"--",
            "욕실수":100,
            "현관타입":100,
            "주거총점":57.0,
            "지역구공급총점":100.0,
            "역세권":80,
            "30분내 이동가능 거점":100,
            "1시간내 이동가능 거점":100,
            "교통총점":90.0,
            "백화점":100,
            "아울렛몰":100,
            "대형마트":80,
            "은행":70,
            "병원":0,
            "종합병원":100,
            "공원":100,
            "혐오시설":0,
            "인프라총점":82.0,
            "초등학군":89.97,
            "중학군":48.36,
            "학군총점":56.682,
            "인구수":32.17,
            "인구증감":-14.67,
            "인구총점":18.118,
            "일자리":21.43,
            "소득수준":63.3,
            "일자리총점":33.991,
            "가치 총점":76.0023,
            "매매실거래년":20211030.0,
            "매매실거래가":129000.0,
            "전세실거래년":20211204.0,
            "전세실거래가":52500.0,
            "전세가율":41.5,
            "장기전세가율평균":67.55,
            "전세가율거품지수":26.05,
            "검색코드":100595,
            "세대수":403.0,
            "준공년월":"2012-07-05",
            "준공년차":11.0,
            "가까운역이름":"신금호",
            "가까운역거리":469.69,
            "역세권여부":"역세권",
            "30분이내주요거점역":6,
            "30분거점역이름":"['역삼', '을지로입구', '을지로3가', '양재', '왕십리', '명동']",
            "1시간이내주요거점역":15,
            "1시간거점역이름":"['강남', '역삼', '잠실', '판교', '여의도', '을지로입구', '을지로3가', '양재', '정자', '가산디지털단지', '왕십리', '홍대입구', '구로디지털단지', '명동', '마곡']",
            "3km이내백화점수":2,
            "5km이내아울렛몰수":2,
            "1km이내대형먀트수":1,
            "500m이내은행수":3,
            "500m이내병원수":0,
            "5km이내대형병원수":10,
            "500m이내공원수":5,
            "3km이내혐오시설수":0,
            "초등학교학업성취도":89.97,
            "중학교학업성취도":80.2,
            "용적률":223,
            "건폐율":22,
            "Y":37.550534,
            "X":127.02199,
            "rank":6.0,
            "area_info":"25평(82.82), 24평(82.14), 24평(82.18), 25평(82.96), 32평(107.1), 32평(108.61), 44평(147.38), 44평(148.59), 44평(148.21)",
            "last_sales":"2021-10-30,129000.0,32평(107.1)",
            "rank_history":[
                [
                    "202202",
                    6
                ],
                [
                    "202201",
                    6
                ]
            ],
            "rank_gap":0
        },
        {
            "index":306,
            "아파트명":"서울숲힐스테이트",
            "투자타입":"일반",
            "전용면적(m2)":"60.07",
            "전용면적(평)":"18평",
            "법정동주소":"서울시 성동구 성수동2가 843",
            "도로명주소":"서울시 성동구 성수일로4길 26",
            "세대수":50,
            "입주년차":60,
            "용적률점수":"--",
            "건폐율점수":"--",
            "세대당주차수":60,
            "난방방식":30,
            "공급면적":"--",
            "전용률":"--",
            "욕실수":50,
            "현관타입":100,
            "주거총점":56.5,
            "지역구공급총점":100.0,
            "역세권":80,
            "30분내 이동가능 거점":100,
            "1시간내 이동가능 거점":100,
            "교통총점":90.0,
            "백화점":100,
            "아울렛몰":80,
            "대형마트":80,
            "은행":100,
            "병원":0,
            "종합병원":100,
            "공원":100,
            "혐오시설":0,
            "인프라총점":83.0,
            "초등학군":89.98,
            "중학군":39.5,
            "학군총점":49.596,
            "인구수":32.17,
            "인구증감":-14.67,
            "인구총점":18.118,
            "일자리":21.43,
            "소득수준":63.3,
            "일자리총점":33.991,
            "가치 총점":75.1394,
            "매매실거래년":20211018.0,
            "매매실거래가":295000.0,
            "전세실거래년":20200829.0,
            "전세실거래가":62000.0,
            "전세가율":52.54,
            "장기전세가율평균":67.55,
            "전세가율거품지수":15.01,
            "검색코드":27424,
            "세대수":445.0,
            "준공년월":"2009-06-01",
            "준공년차":14.0,
            "가까운역이름":"성수",
            "가까운역거리":429.64,
            "역세권여부":"역세권",
            "30분이내주요거점역":6,
            "30분거점역이름":"['역삼', '잠실', '을지로입구', '을지로3가', '왕십리', '명동']",
            "1시간이내주요거점역":15,
            "1시간거점역이름":"['강남', '역삼', '잠실', '판교', '여의도', '을지로입구', '을지로3가', '양재', '정자', '가산디지털단지', '왕십리', '홍대입구', '구로디지털단지', '명동', '서현']",
            "3km이내백화점수":3,
            "5km이내아울렛몰수":1,
            "1km이내대형먀트수":1,
            "500m이내은행수":9,
            "500m이내병원수":0,
            "5km이내대형병원수":7,
            "500m이내공원수":4,
            "3km이내혐오시설수":0,
            "초등학교학업성취도":89.98,
            "중학교학업성취도":65.3,
            "용적률":249,
            "건폐율":15,
            "Y":37.5418,
            "X":127.052578,
            "rank":7.0,
            "area_info":"18평(60.07), 24평(79.96), 24평(80.0), 24평(81.57), 35평(117.9), 35평(117.9), 35평(117.9), 35평(117.16), 45평(151.4), 45평(151.4), 45평(151.4), 55평(184.66), 85평(283.72), 92평(304.93)",
            "last_sales":"2021-10-18,295000.0,55평(184.66)",
            "rank_history":[
                [
                    "202202",
                    7
                ],
                [
                    "202201",
                    9
                ]
            ],
            "rank_gap":2
        },
        {
            "index":426,
            "아파트명":"대림1차",
            "투자타입":"재건축",
            "전용면적(m2)":"85.02",
            "전용면적(평)":"25평",
            "법정동주소":"서울시 성동구 응봉동 100",
            "도로명주소":"서울시 성동구 독서당로62길 43",
            "세대수":80,
            "입주년차":"--",
            "용적률점수":80,
            "건폐율점수":0,
            "세대당주차수":"--",
            "난방방식":"--",
            "공급면적":70,
            "전용률":60,
            "욕실수":"--",
            "현관타입":"--",
            "주거총점":62.5,
            "지역구공급총점":100.0,
            "역세권":80,
            "30분내 이동가능 거점":80,
            "1시간내 이동가능 거점":100,
            "교통총점":84.0,
            "백화점":100,
            "아울렛몰":80,
            "대형마트":80,
            "은행":70,
            "병원":0,
            "종합병원":100,
            "공원":100,
            "혐오시설":0,
            "인프라총점":80.0,
            "초등학군":89.98,
            "중학군":52.34,
            "학군총점":59.868,
            "인구수":32.17,
            "인구증감":-14.67,
            "인구총점":18.118,
            "일자리":21.43,
            "소득수준":63.3,
            "일자리총점":33.991,
            "가치 총점":74.8802,
            "매매실거래년":20210722.0,
            "매매실거래가":156000.0,
            "전세실거래년":20211229.0,
            "전세실거래가":40000.0,
            "전세가율":31.13,
            "장기전세가율평균":67.55,
            "전세가율거품지수":36.42,
            "검색코드":569,
            "세대수":855.0,
            "준공년월":"1986-10-23",
            "준공년차":37.0,
            "가까운역이름":"응봉",
            "가까운역거리":245.82,
            "역세권여부":"역세권",
            "30분이내주요거점역":4,
            "30분거점역이름":"['을지로입구', '을지로3가', '왕십리', '명동']",
            "1시간이내주요거점역":14,
            "1시간거점역이름":"['강남', '역삼', '잠실', '판교', '여의도', '을지로입구', '을지로3가', '양재', '평촌', '가산디지털단지', '왕십리', '홍대입구', '구로디지털단지', '명동']",
            "3km이내백화점수":2,
            "5km이내아울렛몰수":1,
            "1km이내대형먀트수":1,
            "500m이내은행수":3,
            "500m이내병원수":0,
            "5km이내대형병원수":12,
            "500m이내공원수":5,
            "3km이내혐오시설수":0,
            "초등학교학업성취도":89.98,
            "중학교학업성취도":85.9,
            "용적률":208,
            "건폐율":0,
            "Y":37.55179,
            "X":127.033,
            "rank":8.0,
            "area_info":"25평(85.02), 31평(103.06), 40평(133.53), 44평(147.53)",
            "last_sales":"2021-07-22,156000.0,40평(133.53)",
            "rank_history":[
                [
                    "202202",
                    8
                ],
                [
                    "202201",
                    19
                ]
            ],
            "rank_gap":11
        },
        {
            "index":233,
            "아파트명":"아크로서울포레스트",
            "투자타입":"일반",
            "전용면적(m2)":"116.78",
            "전용면적(평)":"35평",
            "법정동주소":"서울시 성동구 성수동1가 685-700",
            "도로명주소":"서울시 성동구 왕십리로 83-21",
            "세대수":0,
            "입주년차":100,
            "용적률점수":"--",
            "건폐율점수":"--",
            "세대당주차수":100,
            "난방방식":80,
            "공급면적":"--",
            "전용률":"--",
            "욕실수":100,
            "현관타입":100,
            "주거총점":63.0,
            "지역구공급총점":100.0,
            "역세권":80,
            "30분내 이동가능 거점":100,
            "1시간내 이동가능 거점":100,
            "교통총점":90.0,
            "백화점":100,
            "아울렛몰":80,
            "대형마트":80,
            "은행":20,
            "병원":0,
            "종합병원":100,
            "공원":80,
            "혐오시설":0,
            "인프라총점":74.4,
            "초등학군":89.96,
            "중학군":47.68,
            "학군총점":56.136,
            "인구수":32.17,
            "인구증감":-14.67,
            "인구총점":18.118,
            "일자리":21.43,
            "소득수준":63.3,
            "일자리총점":33.991,
            "가치 총점":74.8404,
            "매매실거래년":20210529.0,
            "매매실거래가":590000.0,
            "전세실거래년":null,
            "전세실거래가":null,
            "전세가율":null,
            "장기전세가율평균":67.55,
            "전세가율거품지수":null,
            "검색코드":118738,
            "세대수":280.0,
            "준공년월":"2020-11-12",
            "준공년차":3.0,
            "가까운역이름":"서울숲",
            "가까운역거리":151.37,
            "역세권여부":"역세권",
            "30분이내주요거점역":8,
            "30분거점역이름":"['강남', '역삼', '여의도', '을지로입구', '을지로3가', '양재', '왕십리', '명동']",
            "1시간이내주요거점역":16,
            "1시간거점역이름":"['강남', '역삼', '잠실', '판교', '여의도', '을지로입구', '을지로3가', '양재', '정자', '평촌', '가산디지털단지', '왕십리', '홍대입구', '구로디지털단지', '명동', '서현']",
            "3km이내백화점수":3,
            "5km이내아울렛몰수":1,
            "1km이내대형먀트수":1,
            "500m이내은행수":2,
            "500m이내병원수":0,
            "5km이내대형병원수":9,
            "500m이내공원수":1,
            "3km이내혐오시설수":0,
            "초등학교학업성취도":89.96,
            "중학교학업성취도":79.0,
            "용적률":599,
            "건폐율":30,
            "Y":37.544798,
            "X":127.043853,
            "rank":9.0,
            "area_info":"35평(116.78), 36평(121.83), 36평(121.78), 37평(122.72), 37평(122.98), 36평(122.24), 36평(122.16), 37평(122.6), 37평(122.34), 37평(123.94), 37평(123.84), 37평(124.32), 37평(124.29), 60평(201.0), 60평(201.22), 61평(204.48), 61평(204.26), 62평(207.26), 62평(207.82), 62평(207.91), 62평(208.13), 63평(208.53), 63평(208.41), 75평(248.53), 76평(251.73), 76평(251.73), 76평(251.87), 76평(251.87), 76평(251.77), 76평(251.77), 76평(253.81), 76평(254.22), 77평(256.15), 78평(259.1), 78평(259.54), 100평(333.68), 104평(344.57)",
            "last_sales":"2021-05-29,590000.0,76평(254.22)",
            "rank_history":[
                [
                    "202202",
                    9
                ],
                [
                    "202201",
                    10
                ]
            ],
            "rank_gap":1
        },
        {
            "index":357,
            "아파트명":"e편한세상옥수파크힐스",
            "투자타입":"일반",
            "전용면적(m2)":"82.64",
            "전용면적(평)":"24평",
            "법정동주소":"서울시 성동구 옥수동 528",
            "도로명주소":"서울시 성동구 매봉길 50",
            "세대수":100,
            "입주년차":80,
            "용적률점수":"--",
            "건폐율점수":"--",
            "세대당주차수":30,
            "난방방식":30,
            "공급면적":"--",
            "전용률":"--",
            "욕실수":100,
            "현관타입":100,
            "주거총점":78.5,
            "지역구공급총점":100.0,
            "역세권":80,
            "30분내 이동가능 거점":100,
            "1시간내 이동가능 거점":100,
            "교통총점":90.0,
            "백화점":100,
            "아울렛몰":100,
            "대형마트":0,
            "은행":0,
            "병원":0,
            "종합병원":100,
            "공원":100,
            "혐오시설":0,
            "인프라총점":63.0,
            "초등학군":89.98,
            "중학군":47.98,
            "학군총점":56.38,
            "인구수":32.17,
            "인구증감":-14.67,
            "인구총점":18.118,
            "일자리":21.43,
            "소득수준":63.3,
            "일자리총점":33.991,
            "가치 총점":74.557,
            "매매실거래년":20210821.0,
            "매매실거래가":203000.0,
            "전세실거래년":20211229.0,
            "전세실거래가":69300.0,
            "전세가율":46.51,
            "장기전세가율평균":67.55,
            "전세가율거품지수":21.04,
            "검색코드":110938,
            "세대수":1976.0,
            "준공년월":"2016-11-09",
            "준공년차":7.0,
            "가까운역이름":"금호",
            "가까운역거리":183.63,
            "역세권여부":"역세권",
            "30분이내주요거점역":8,
            "30분거점역이름":"['강남', '역삼', '여의도', '을지로입구', '을지로3가', '양재', '왕십리', '명동']",
            "1시간이내주요거점역":16,
            "1시간거점역이름":"['강남', '역삼', '잠실', '판교', '여의도', '을지로입구', '을지로3가', '양재', '정자', '평촌', '가산디지털단지', '왕십리', '홍대입구', '명동', '서현', '마곡']",
            "3km이내백화점수":1,
            "5km이내아울렛몰수":2,
            "1km이내대형먀트수":0,
            "500m이내은행수":0,
            "500m이내병원수":0,
            "5km이내대형병원수":9,
            "500m이내공원수":3,
            "3km이내혐오시설수":0,
            "초등학교학업성취도":89.98,
            "중학교학업성취도":78.9,
            "용적률":208,
            "건폐율":20,
            "Y":37.548926,
            "X":127.014119,
            "rank":10.0,
            "area_info":"24평(82.64), 25평(82.67), 25평(83.28), 25평(83.63), 25평(83.86), 32평(106.22), 32평(107.04), 32평(108.37), 33평(109.14), 33평(110.77), 36평(120.09), 43평(144.33), 43평(145.11), 45평(149.22), 46평(154.14)",
            "last_sales":"2021-08-21,203000.0,43평(145.11)",
            "rank_history":[
                [
                    "202202",
                    10
                ],
                [
                    "202201",
                    12
                ]
            ],
            "rank_gap":2
        },
        {
            "index":335,
            "아파트명":"성수아이파크",
            "투자타입":"일반",
            "전용면적(m2)":"106.94",
            "전용면적(평)":"32평",
            "법정동주소":"서울시 성동구 성수동2가 834",
            "도로명주소":"서울시 성동구 성수이로 137",
            "세대수":50,
            "입주년차":20,
            "용적률점수":"--",
            "건폐율점수":"--",
            "세대당주차수":60,
            "난방방식":30,
            "공급면적":"--",
            "전용률":"--",
            "욕실수":100,
            "현관타입":100,
            "주거총점":53.5,
            "지역구공급총점":100.0,
            "역세권":80,
            "30분내 이동가능 거점":100,
            "1시간내 이동가능 거점":100,
            "교통총점":90.0,
            "백화점":100,
            "아울렛몰":80,
            "대형마트":80,
            "은행":100,
            "병원":0,
            "종합병원":100,
            "공원":100,
            "혐오시설":-50,
            "인프라총점":82.0,
            "초등학군":89.98,
            "중학군":41.6,
            "학군총점":51.276,
            "인구수":32.17,
            "인구증감":-14.67,
            "인구총점":18.118,
            "일자리":21.43,
            "소득수준":63.3,
            "일자리총점":33.991,
            "가치 총점":74.4914,
            "매매실거래년":20211013.0,
            "매매실거래가":165000.0,
            "전세실거래년":20211001.0,
            "전세실거래가":70000.0,
            "전세가율":42.42,
            "장기전세가율평균":67.55,
            "전세가율거품지수":25.13,
            "검색코드":8103,
            "세대수":656.0,
            "준공년월":"2003-08-28",
            "준공년차":20.0,
            "가까운역이름":"성수",
            "가까운역거리":308.58,
            "역세권여부":"역세권",
            "30분이내주요거점역":6,
            "30분거점역이름":"['역삼', '잠실', '을지로입구', '을지로3가', '왕십리', '명동']",
            "1시간이내주요거점역":16,
            "1시간거점역이름":"['강남', '역삼', '잠실', '판교', '여의도', '을지로입구', '을지로3가', '양재', '정자', '평촌', '가산디지털단지', '왕십리', '홍대입구', '구로디지털단지', '명동', '서현']",
            "3km이내백화점수":2,
            "5km이내아울렛몰수":1,
            "1km이내대형먀트수":1,
            "500m이내은행수":5,
            "500m이내병원수":0,
            "5km이내대형병원수":9,
            "500m이내공원수":3,
            "3km이내혐오시설수":1,
            "초등학교학업성취도":89.98,
            "중학교학업성취도":68.6,
            "용적률":310,
            "건폐율":20,
            "Y":37.547171,
            "X":127.057218,
            "rank":11.0,
            "area_info":"32평(106.94), 38평(127.68), 42평(139.77)",
            "last_sales":"2021-10-13,165000.0,32평(106.94)",
            "rank_history":[
                [
                    "202202",
                    11
                ],
                [
                    "202201",
                    20
                ]
            ],
            "rank_gap":9
        },
        {
            "index":375,
            "아파트명":"래미안옥수리버젠",
            "투자타입":"일반",
            "전용면적(m2)":"79.43",
            "전용면적(평)":"24평",
            "법정동주소":"서울시 성동구 옥수동 561",
            "도로명주소":"서울시 성동구 매봉길 15",
            "세대수":100,
            "입주년차":60,
            "용적률점수":"--",
            "건폐율점수":"--",
            "세대당주차수":30,
            "난방방식":30,
            "공급면적":"--",
            "전용률":"--",
            "욕실수":100,
            "현관타입":100,
            "주거총점":74.5,
            "지역구공급총점":100.0,
            "역세권":80,
            "30분내 이동가능 거점":100,
            "1시간내 이동가능 거점":100,
            "교통총점":90.0,
            "백화점":100,
            "아울렛몰":100,
            "대형마트":0,
            "은행":20,
            "병원":0,
            "종합병원":100,
            "공원":100,
            "혐오시설":0,
            "인프라총점":65.0,
            "초등학군":89.98,
            "중학군":47.98,
            "학군총점":56.38,
            "인구수":32.17,
            "인구증감":-14.67,
            "인구총점":18.118,
            "일자리":21.43,
            "소득수준":63.3,
            "일자리총점":33.991,
            "가치 총점":74.357,
            "매매실거래년":20211220.0,
            "매매실거래가":204000.0,
            "전세실거래년":20220124.0,
            "전세실거래가":73000.0,
            "전세가율":41.71,
            "장기전세가율평균":67.55,
            "전세가율거품지수":25.84,
            "검색코드":100692,
            "세대수":1511.0,
            "준공년월":"2012-12-28",
            "준공년차":11.0,
            "가까운역이름":"금호",
            "가까운역거리":390.71,
            "역세권여부":"역세권",
            "30분이내주요거점역":7,
            "30분거점역이름":"['강남', '역삼', '을지로입구', '을지로3가', '양재', '왕십리', '명동']",
            "1시간이내주요거점역":15,
            "1시간거점역이름":"['강남', '역삼', '잠실', '판교', '여의도', '을지로입구', '을지로3가', '양재', '정자', '가산디지털단지', '왕십리', '홍대입구', '구로디지털단지', '명동', '마곡']",
            "3km이내백화점수":2,
            "5km이내아울렛몰수":2,
            "1km이내대형먀트수":0,
            "500m이내은행수":2,
            "500m이내병원수":0,
            "5km이내대형병원수":11,
            "500m이내공원수":2,
            "3km이내혐오시설수":0,
            "초등학교학업성취도":89.98,
            "중학교학업성취도":78.9,
            "용적률":238,
            "건폐율":22,
            "Y":37.544911,
            "X":127.013841,
            "rank":12.0,
            "area_info":"24평(79.43), 24평(79.46), 24평(80.37), 24평(80.17), 33평(110.73), 33평(111.2), 33평(111.59), 44평(148.38), 45평(149.13), 52평(174.62)",
            "last_sales":"2021-12-20,204000.0,33평(111.2)",
            "rank_history":[
                [
                    "202202",
                    12
                ],
                [
                    "202201",
                    14
                ]
            ],
            "rank_gap":2
        },
        {
            "index":330,
            "아파트명":"성수롯데캐슬파크",
            "투자타입":"일반",
            "전용면적(m2)":"79.46",
            "전용면적(평)":"24평",
            "법정동주소":"서울시 성동구 성수동2가 835",
            "도로명주소":"서울시 성동구 성수일로8길 47",
            "세대수":50,
            "입주년차":20,
            "용적률점수":"--",
            "건폐율점수":"--",
            "세대당주차수":60,
            "난방방식":30,
            "공급면적":"--",
            "전용률":"--",
            "욕실수":50,
            "현관타입":100,
            "주거총점":48.5,
            "지역구공급총점":100.0,
            "역세권":80,
            "30분내 이동가능 거점":100,
            "1시간내 이동가능 거점":100,
            "교통총점":90.0,
            "백화점":100,
            "아울렛몰":80,
            "대형마트":80,
            "은행":100,
            "병원":0,
            "종합병원":100,
            "공원":100,
            "혐오시설":-50,
            "인프라총점":82.0,
            "초등학군":89.98,
            "중학군":47.68,
            "학군총점":56.14,
            "인구수":32.17,
            "인구증감":-14.67,
            "인구총점":18.118,
            "일자리":21.43,
            "소득수준":63.3,
            "일자리총점":33.991,
            "가치 총점":74.221,
            "매매실거래년":20211206.0,
            "매매실거래가":100000.0,
            "전세실거래년":20200918.0,
            "전세실거래가":53000.0,
            "전세가율":53.0,
            "장기전세가율평균":67.55,
            "전세가율거품지수":14.55,
            "검색코드":8104,
            "세대수":604.0,
            "준공년월":"2003-09-30",
            "준공년차":20.0,
            "가까운역이름":"성수",
            "가까운역거리":168.66,
            "역세권여부":"역세권",
            "30분이내주요거점역":7,
            "30분거점역이름":"['강남', '역삼', '잠실', '을지로입구', '을지로3가', '왕십리', '명동']",
            "1시간이내주요거점역":15,
            "1시간거점역이름":"['강남', '역삼', '잠실', '판교', '여의도', '을지로입구', '을지로3가', '양재', '정자', '가산디지털단지', '왕십리', '홍대입구', '구로디지털단지', '명동', '서현']",
            "3km이내백화점수":2,
            "5km이내아울렛몰수":1,
            "1km이내대형먀트수":1,
            "500m이내은행수":5,
            "500m이내병원수":0,
            "5km이내대형병원수":9,
            "500m이내공원수":4,
            "3km이내혐오시설수":1,
            "초등학교학업성취도":89.98,
            "중학교학업성취도":79.0,
            "용적률":302,
            "건폐율":20,
            "Y":37.546082,
            "X":127.056236,
            "rank":13.0,
            "area_info":"24평(79.46), 31평(103.93), 32평(109.09), 38평(126.97), 42평(140.33)",
            "last_sales":"2021-12-06,100000.0,24평(79.46)",
            "rank_history":[
                [
                    "202202",
                    13
                ],
                [
                    "202201",
                    11
                ]
            ],
            "rank_gap":-2
        },
        {
            "index":23,
            "아파트명":"금호자이1차",
            "투자타입":"일반",
            "전용면적(m2)":"83.96",
            "전용면적(평)":"25평",
            "법정동주소":"서울시 성동구 금호동2가 1215",
            "도로명주소":"서울시 성동구 금호로 117",
            "세대수":50,
            "입주년차":60,
            "용적률점수":"--",
            "건폐율점수":"--",
            "세대당주차수":30,
            "난방방식":30,
            "공급면적":"--",
            "전용률":"--",
            "욕실수":100,
            "현관타입":100,
            "주거총점":57.0,
            "지역구공급총점":100.0,
            "역세권":80,
            "30분내 이동가능 거점":100,
            "1시간내 이동가능 거점":100,
            "교통총점":90.0,
            "백화점":100,
            "아울렛몰":100,
            "대형마트":80,
            "은행":0,
            "병원":0,
            "종합병원":100,
            "공원":100,
            "혐오시설":0,
            "인프라총점":75.0,
            "초등학군":89.97,
            "중학군":50.68,
            "학군총점":58.538,
            "인구수":32.17,
            "인구증감":-14.67,
            "인구총점":18.118,
            "일자리":21.43,
            "소득수준":63.3,
            "일자리총점":33.991,
            "가치 총점":74.1807,
            "매매실거래년":20210912.0,
            "매매실거래가":179000.0,
            "전세실거래년":20220115.0,
            "전세실거래가":65000.0,
            "전세가율":49.32,
            "장기전세가율평균":67.55,
            "전세가율거품지수":18.23,
            "검색코드":100340,
            "세대수":401.0,
            "준공년월":"2012-05-18",
            "준공년차":11.0,
            "가까운역이름":"신금호",
            "가까운역거리":258.82,
            "역세권여부":"역세권",
            "30분이내주요거점역":5,
            "30분거점역이름":"['여의도', '을지로입구', '을지로3가', '왕십리', '명동']",
            "1시간이내주요거점역":15,
            "1시간거점역이름":"['강남', '역삼', '잠실', '판교', '여의도', '을지로입구', '을지로3가', '양재', '정자', '가산디지털단지', '왕십리', '홍대입구', '구로디지털단지', '명동', '마곡']",
            "3km이내백화점수":1,
            "5km이내아울렛몰수":2,
            "1km이내대형먀트수":1,
            "500m이내은행수":1,
            "500m이내병원수":0,
            "5km이내대형병원수":9,
            "500m이내공원수":5,
            "3km이내혐오시설수":0,
            "초등학교학업성취도":89.97,
            "중학교학업성취도":83.6,
            "용적률":239,
            "건폐율":23,
            "Y":37.552871,
            "X":127.022367,
            "rank":14.0,
            "area_info":"25평(83.96), 25평(84.02), 33평(111.6), 33평(111.32), 42평(140.01)",
            "last_sales":"2021-09-12,179000.0,42평(140.01)",
            "rank_history":[
                [
                    "202202",
                    14
                ],
                [
                    "202201",
                    17
                ]
            ],
            "rank_gap":3
        },
        {
            "index":67,
            "아파트명":"금호대우",
            "투자타입":"일반",
            "전용면적(m2)":"79.74",
            "전용면적(평)":"24평",
            "법정동주소":"서울시 성동구 금호동4가 800",
            "도로명주소":"서울시 성동구 독서당로 272",
            "세대수":90,
            "입주년차":20,
            "용적률점수":"--",
            "건폐율점수":"--",
            "세대당주차수":60,
            "난방방식":30,
            "공급면적":"--",
            "전용률":"--",
            "욕실수":50,
            "현관타입":100,
            "주거총점":62.5,
            "지역구공급총점":100.0,
            "역세권":80,
            "30분내 이동가능 거점":100,
            "1시간내 이동가능 거점":100,
            "교통총점":90.0,
            "백화점":100,
            "아울렛몰":100,
            "대형마트":0,
            "은행":70,
            "병원":0,
            "종합병원":100,
            "공원":100,
            "혐오시설":0,
            "인프라총점":70.0,
            "초등학군":89.97,
            "중학군":47.98,
            "학군총점":56.378,
            "인구수":32.17,
            "인구증감":-14.67,
            "인구총점":18.118,
            "일자리":21.43,
            "소득수준":63.3,
            "일자리총점":33.991,
            "가치 총점":73.4567,
            "매매실거래년":20211217.0,
            "매매실거래가":143000.0,
            "전세실거래년":20220122.0,
            "전세실거래가":57000.0,
            "전세가율":46.53,
            "장기전세가율평균":67.55,
            "전세가율거품지수":21.02,
            "검색코드":2975,
            "세대수":1181.0,
            "준공년월":"2001-05-03",
            "준공년차":22.0,
            "가까운역이름":"금호",
            "가까운역거리":455.84,
            "역세권여부":"역세권",
            "30분이내주요거점역":6,
            "30분거점역이름":"['역삼', '을지로입구', '을지로3가', '양재', '왕십리', '명동']",
            "1시간이내주요거점역":16,
            "1시간거점역이름":"['강남', '역삼', '잠실', '판교', '여의도', '을지로입구', '을지로3가', '양재', '정자', '평촌', '가산디지털단지', '왕십리', '홍대입구', '구로디지털단지', '명동', '마곡']",
            "3km이내백화점수":2,
            "5km이내아울렛몰수":2,
            "1km이내대형먀트수":0,
            "500m이내은행수":3,
            "500m이내병원수":0,
            "5km이내대형병원수":10,
            "500m이내공원수":4,
            "3km이내혐오시설수":0,
            "초등학교학업성취도":89.97,
            "중학교학업성취도":78.9,
            "용적률":290,
            "건폐율":22,
            "Y":37.546115,
            "X":127.020441,
            "rank":15.0,
            "area_info":"24평(79.74), 24평(81.46), 24평(81.46), 33평(109.27), 34평(112.97), 44평(145.58), 44평(145.72), 44평(145.72)",
            "last_sales":"2021-12-17,143000.0,33평(109.27)",
            "rank_history":[
                [
                    "202202",
                    15
                ],
                [
                    "202201",
                    15
                ]
            ],
            "rank_gap":0
        },
        {
            "index":104,
            "아파트명":"성동삼성쉐르빌",
            "투자타입":"일반",
            "전용면적(m2)":"89.63",
            "전용면적(평)":"27평",
            "법정동주소":"서울시 성동구 도선동 69",
            "도로명주소":"서울시 성동구 무학로6길 50",
            "세대수":30,
            "입주년차":40,
            "용적률점수":"--",
            "건폐율점수":"--",
            "세대당주차수":60,
            "난방방식":30,
            "공급면적":"--",
            "전용률":"--",
            "욕실수":100,
            "현관타입":100,
            "주거총점":50.5,
            "지역구공급총점":100.0,
            "역세권":80,
            "30분내 이동가능 거점":100,
            "1시간내 이동가능 거점":100,
            "교통총점":90.0,
            "백화점":100,
            "아울렛몰":80,
            "대형마트":80,
            "은행":70,
            "병원":0,
            "종합병원":100,
            "공원":100,
            "혐오시설":-100,
            "인프라총점":78.0,
            "초등학군":90.0,
            "중학군":47.3,
            "학군총점":55.84,
            "인구수":32.17,
            "인구증감":-14.67,
            "인구총점":18.118,
            "일자리":21.43,
            "소득수준":63.3,
            "일자리총점":33.991,
            "가치 총점":73.376,
            "매매실거래년":20210409.0,
            "매매실거래가":98500.0,
            "전세실거래년":20210730.0,
            "전세실거래가":40000.0,
            "전세가율":45.61,
            "장기전세가율평균":67.55,
            "전세가율거품지수":21.94,
            "검색코드":22725,
            "세대수":342.0,
            "준공년월":"2006-09-13",
            "준공년차":17.0,
            "가까운역이름":"왕십리",
            "가까운역거리":402.93,
            "역세권여부":"역세권",
            "30분이내주요거점역":6,
            "30분거점역이름":"['강남', '역삼', '을지로입구', '을지로3가', '왕십리', '명동']",
            "1시간이내주요거점역":17,
            "1시간거점역이름":"['강남', '역삼', '잠실', '판교', '여의도', '을지로입구', '을지로3가', '양재', '정자', '평촌', '가산디지털단지', '왕십리', '홍대입구', '구로디지털단지', '명동', '서현', '마곡']",
            "3km이내백화점수":1,
            "5km이내아울렛몰수":1,
            "1km이내대형먀트수":1,
            "500m이내은행수":3,
            "500m이내병원수":0,
            "5km이내대형병원수":12,
            "500m이내공원수":2,
            "3km이내혐오시설수":3,
            "초등학교학업성취도":90.0,
            "중학교학업성취도":76.9,
            "용적률":535,
            "건폐율":53,
            "Y":37.564436,
            "X":127.034996,
            "rank":16.0,
            "area_info":"27평(89.63), 32평(106.7), 32평(106.46), 32평(106.78), 32평(106.79), 32평(106.7), 32평(106.68)",
            "last_sales":"2021-04-09,98500.0,32평(106.68)",
            "rank_history":[
                [
                    "202202",
                    16
                ],
                [
                    "202201",
                    13
                ]
            ],
            "rank_gap":-3
        },
        {
            "index":28,
            "아파트명":"래미안하이리버",
            "투자타입":"일반",
            "전용면적(m2)":"84.55",
            "전용면적(평)":"25평",
            "법정동주소":"서울시 성동구 금호동2가 1217",
            "도로명주소":"서울시 성동구 금호로 107",
            "세대수":80,
            "입주년차":60,
            "용적률점수":"--",
            "건폐율점수":"--",
            "세대당주차수":30,
            "난방방식":30,
            "공급면적":"--",
            "전용률":"--",
            "욕실수":100,
            "현관타입":100,
            "주거총점":67.5,
            "지역구공급총점":100.0,
            "역세권":50,
            "30분내 이동가능 거점":100,
            "1시간내 이동가능 거점":100,
            "교통총점":75.0,
            "백화점":100,
            "아울렛몰":100,
            "대형마트":80,
            "은행":70,
            "병원":0,
            "종합병원":100,
            "공원":100,
            "혐오시설":0,
            "인프라총점":82.0,
            "초등학군":89.97,
            "중학군":52.34,
            "학군총점":59.866,
            "인구수":32.17,
            "인구증감":-14.67,
            "인구총점":18.118,
            "일자리":21.43,
            "소득수준":63.3,
            "일자리총점":33.991,
            "가치 총점":73.3299,
            "매매실거래년":20211025.0,
            "매매실거래가":187500.0,
            "전세실거래년":20211203.0,
            "전세실거래가":83000.0,
            "전세가율":59.5,
            "장기전세가율평균":67.55,
            "전세가율거품지수":8.05,
            "검색코드":27575,
            "세대수":847.0,
            "준공년월":"2012-05-18",
            "준공년차":11.0,
            "가까운역이름":"신금호",
            "가까운역거리":571.47,
            "역세권여부":"준역세권",
            "30분이내주요거점역":5,
            "30분거점역이름":"['강남', '역삼', '을지로3가', '왕십리', '명동']",
            "1시간이내주요거점역":15,
            "1시간거점역이름":"['강남', '역삼', '잠실', '판교', '여의도', '을지로입구', '을지로3가', '양재', '정자', '가산디지털단지', '왕십리', '홍대입구', '구로디지털단지', '명동', '마곡']",
            "3km이내백화점수":2,
            "5km이내아울렛몰수":2,
            "1km이내대형먀트수":1,
            "500m이내은행수":3,
            "500m이내병원수":0,
            "5km이내대형병원수":9,
            "500m이내공원수":6,
            "3km이내혐오시설수":0,
            "초등학교학업성취도":89.97,
            "중학교학업성취도":85.9,
            "용적률":248,
            "건폐율":20,
            "Y":37.551092,
            "X":127.025129,
            "rank":17.0,
            "area_info":"25평(84.55), 25평(85.02), 25평(85.02), 32평(108.61), 33평(110.73), 33평(110.29), 33평(110.29), 45평(149.92)",
            "last_sales":"2021-10-25,187500.0,45평(149.92)",
            "rank_history":[
                [
                    "202202",
                    17
                ],
                [
                    "202201",
                    16
                ]
            ],
            "rank_gap":-1
        },
        {
            "index":547,
            "아파트명":"서울숲삼부",
            "투자타입":"일반",
            "전용면적(m2)":"81.77",
            "전용면적(평)":"24평",
            "법정동주소":"서울시 성동구 행당동 147",
            "도로명주소":"서울시 성동구 왕십리로 280",
            "세대수":50,
            "입주년차":0,
            "용적률점수":"--",
            "건폐율점수":"--",
            "세대당주차수":30,
            "난방방식":30,
            "공급면적":"--",
            "전용률":"--",
            "욕실수":50,
            "현관타입":100,
            "주거총점":40.0,
            "지역구공급총점":100.0,
            "역세권":80,
            "30분내 이동가능 거점":100,
            "1시간내 이동가능 거점":100,
            "교통총점":90.0,
            "백화점":100,
            "아울렛몰":80,
            "대형마트":100,
            "은행":70,
            "병원":0,
            "종합병원":100,
            "공원":80,
            "혐오시설":0,
            "인프라총점":82.4,
            "초등학군":89.99,
            "중학군":47.3,
            "학군총점":55.838,
            "인구수":32.17,
            "인구증감":-14.67,
            "인구총점":18.118,
            "일자리":21.43,
            "소득수준":63.3,
            "일자리총점":33.991,
            "가치 총점":72.5957,
            "매매실거래년":20210316.0,
            "매매실거래가":165000.0,
            "전세실거래년":20210703.0,
            "전세실거래가":66000.0,
            "전세가율":82.5,
            "장기전세가율평균":67.55,
            "전세가율거품지수":-14.95,
            "검색코드":575,
            "세대수":498.0,
            "준공년월":"1998-07-15",
            "준공년차":25.0,
            "가까운역이름":"왕십리",
            "가까운역거리":185.06,
            "역세권여부":"역세권",
            "30분이내주요거점역":9,
            "30분거점역이름":"['강남', '역삼', '잠실', '여의도', '을지로입구', '을지로3가', '왕십리', '홍대입구', '명동']",
            "1시간이내주요거점역":17,
            "1시간거점역이름":"['강남', '역삼', '잠실', '판교', '여의도', '을지로입구', '을지로3가', '양재', '정자', '평촌', '가산디지털단지', '왕십리', '홍대입구', '구로디지털단지', '명동', '서현', '마곡']",
            "3km이내백화점수":1,
            "5km이내아울렛몰수":1,
            "1km이내대형먀트수":2,
            "500m이내은행수":4,
            "500m이내병원수":0,
            "5km이내대형병원수":12,
            "500m이내공원수":1,
            "3km이내혐오시설수":0,
            "초등학교학업성취도":89.99,
            "중학교학업성취도":76.9,
            "용적률":253,
            "건폐율":26,
            "Y":37.559879,
            "X":127.037499,
            "rank":18.0,
            "area_info":"24평(81.77), 30평(101.23), 30평(102.23), 44평(146.88)",
            "last_sales":"2021-03-16,165000.0,44평(146.88)",
            "rank_history":[
                [
                    "202202",
                    18
                ],
                [
                    "202201",
                    18
                ]
            ],
            "rank_gap":0
        },
        {
            "index":111,
            "아파트명":"금호어울림",
            "투자타입":"일반",
            "전용면적(m2)":"80.45",
            "전용면적(평)":"24평",
            "법정동주소":"서울시 성동구 마장동 820",
            "도로명주소":"서울시 성동구 마조로 57",
            "세대수":30,
            "입주년차":40,
            "용적률점수":"--",
            "건폐율점수":"--",
            "세대당주차수":30,
            "난방방식":30,
            "공급면적":"--",
            "전용률":"--",
            "욕실수":50,
            "현관타입":100,
            "주거총점":41.0,
            "지역구공급총점":100.0,
            "역세권":80,
            "30분내 이동가능 거점":100,
            "1시간내 이동가능 거점":100,
            "교통총점":90.0,
            "백화점":100,
            "아울렛몰":80,
            "대형마트":80,
            "은행":70,
            "병원":0,
            "종합병원":100,
            "공원":100,
            "혐오시설":0,
            "인프라총점":80.0,
            "초등학군":90.0,
            "중학군":47.3,
            "학군총점":55.84,
            "인구수":32.17,
            "인구증감":-14.67,
            "인구총점":18.118,
            "일자리":21.43,
            "소득수준":63.3,
            "일자리총점":33.991,
            "가치 총점":72.076,
            "매매실거래년":20201221.0,
            "매매실거래가":138000.0,
            "전세실거래년":20210327.0,
            "전세실거래가":60000.0,
            "전세가율":78.43,
            "장기전세가율평균":67.55,
            "전세가율거품지수":-10.88,
            "검색코드":9124,
            "세대수":367.0,
            "준공년월":"2006-09-27",
            "준공년차":17.0,
            "가까운역이름":"왕십리",
            "가까운역거리":318.79,
            "역세권여부":"역세권",
            "30분이내주요거점역":6,
            "30분거점역이름":"['강남', '역삼', '을지로입구', '을지로3가', '왕십리', '명동']",
            "1시간이내주요거점역":17,
            "1시간거점역이름":"['강남', '역삼', '잠실', '판교', '여의도', '을지로입구', '을지로3가', '양재', '정자', '평촌', '가산디지털단지', '왕십리', '홍대입구', '구로디지털단지', '명동', '서현', '마곡']",
            "3km이내백화점수":1,
            "5km이내아울렛몰수":1,
            "1km이내대형먀트수":1,
            "500m이내은행수":3,
            "500m이내병원수":0,
            "5km이내대형병원수":13,
            "500m이내공원수":2,
            "3km이내혐오시설수":0,
            "초등학교학업성취도":90.0,
            "중학교학업성취도":76.9,
            "용적률":280,
            "건폐율":18,
            "Y":37.562979,
            "X":127.040855,
            "rank":19.0,
            "area_info":"24평(80.45), 29평(96.29), 32평(106.66), 32평(107.68), 37평(123.84), 41평(136.35), 41평(137.75)",
            "last_sales":"2020-12-21,138000.0,41평(137.75)",
            "rank_history":[
                [
                    "202202",
                    19
                ],
                [
                    "202201",
                    23
                ]
            ],
            "rank_gap":4
        },
        {
            "index":560,
            "아파트명":"신동아",
            "투자타입":"일반",
            "전용면적(m2)":"76.68",
            "전용면적(평)":"23평",
            "법정동주소":"서울시 성동구 행당동 344",
            "도로명주소":"서울시 성동구 독서당로 441",
            "세대수":50,
            "입주년차":0,
            "용적률점수":"--",
            "건폐율점수":"--",
            "세대당주차수":0,
            "난방방식":30,
            "공급면적":"--",
            "전용률":"--",
            "욕실수":50,
            "현관타입":100,
            "주거총점":35.5,
            "지역구공급총점":100.0,
            "역세권":80,
            "30분내 이동가능 거점":100,
            "1시간내 이동가능 거점":100,
            "교통총점":90.0,
            "백화점":100,
            "아울렛몰":80,
            "대형마트":100,
            "은행":70,
            "병원":0,
            "종합병원":100,
            "공원":100,
            "혐오시설":0,
            "인프라총점":83.0,
            "초등학군":89.99,
            "중학군":48.8,
            "학군총점":57.038,
            "인구수":32.17,
            "인구증감":-14.67,
            "인구총점":18.118,
            "일자리":21.43,
            "소득수준":63.3,
            "일자리총점":33.991,
            "가치 총점":72.0557,
            "매매실거래년":20210407.0,
            "매매실거래가":119000.0,
            "전세실거래년":20210407.0,
            "전세실거래가":36000.0,
            "전세가율":45.0,
            "장기전세가율평균":67.55,
            "전세가율거품지수":22.55,
            "검색코드":332,
            "세대수":636.0,
            "준공년월":"1995-05-22",
            "준공년차":28.0,
            "가까운역이름":"행당",
            "가까운역거리":442.14,
            "역세권여부":"역세권",
            "30분이내주요거점역":6,
            "30분거점역이름":"['강남', '역삼', '을지로입구', '을지로3가', '왕십리', '명동']",
            "1시간이내주요거점역":15,
            "1시간거점역이름":"['강남', '역삼', '잠실', '판교', '여의도', '을지로입구', '을지로3가', '양재', '정자', '가산디지털단지', '왕십리', '홍대입구', '구로디지털단지', '명동', '마곡']",
            "3km이내백화점수":1,
            "5km이내아울렛몰수":1,
            "1km이내대형먀트수":2,
            "500m이내은행수":3,
            "500m이내병원수":0,
            "5km이내대형병원수":12,
            "500m이내공원수":6,
            "3km이내혐오시설수":0,
            "초등학교학업성취도":89.99,
            "중학교학업성취도":80.6,
            "용적률":258,
            "건폐율":20,
            "Y":37.554372,
            "X":127.032839,
            "rank":20.0,
            "area_info":"23평(76.68), 24평(81.55), 28평(95.19), 28평(95.55), 30평(102.07), 30평(102.17), 40평(134.56)",
            "last_sales":"2021-04-07,119000.0,40평(134.56)",
            "rank_history":[
                [
                    "202202",
                    20
                ],
                [
                    "202201",
                    78
                ]
            ],
            "rank_gap":58
        },
        {
            "index":150,
            "아파트명":"세림",
            "투자타입":"재건축",
            "전용면적(m2)":"61.11",
            "전용면적(평)":"18평",
            "법정동주소":"서울시 성동구 마장동 784",
            "도로명주소":"서울시 성동구 마장로42길 16",
            "세대수":80,
            "입주년차":"--",
            "용적률점수":80,
            "건폐율점수":0,
            "세대당주차수":"--",
            "난방방식":"--",
            "공급면적":50,
            "전용률":40,
            "욕실수":"--",
            "현관타입":"--",
            "주거총점":60.5,
            "지역구공급총점":100.0,
            "역세권":80,
            "30분내 이동가능 거점":80,
            "1시간내 이동가능 거점":100,
            "교통총점":84.0,
            "백화점":100,
            "아울렛몰":80,
            "대형마트":80,
            "은행":20,
            "병원":0,
            "종합병원":100,
            "공원":100,
            "혐오시설":0,
            "인프라총점":75.0,
            "초등학군":89.96,
            "중학군":42.44,
            "학군총점":51.944,
            "인구수":32.17,
            "인구증감":-14.67,
            "인구총점":18.118,
            "일자리":21.43,
            "소득수준":63.3,
            "일자리총점":33.991,
            "가치 총점":71.7916,
            "매매실거래년":20210910.0,
            "매매실거래가":85000.0,
            "전세실거래년":20220115.0,
            "전세실거래가":24000.0,
            "전세가율":28.24,
            "장기전세가율평균":67.55,
            "전세가율거품지수":39.31,
            "검색코드":549,
            "세대수":811.0,
            "준공년월":"1986-12-27",
            "준공년차":37.0,
            "가까운역이름":"마장",
            "가까운역거리":217.22,
            "역세권여부":"역세권",
            "30분이내주요거점역":4,
            "30분거점역이름":"['을지로입구', '을지로3가', '왕십리', '명동']",
            "1시간이내주요거점역":16,
            "1시간거점역이름":"['강남', '역삼', '잠실', '판교', '여의도', '을지로입구', '을지로3가', '양재', '정자', '가산디지털단지', '왕십리', '홍대입구', '구로디지털단지', '명동', '서현', '마곡']",
            "3km이내백화점수":1,
            "5km이내아울렛몰수":1,
            "1km이내대형먀트수":1,
            "500m이내은행수":2,
            "500m이내병원수":0,
            "5km이내대형병원수":13,
            "500m이내공원수":3,
            "3km이내혐오시설수":0,
            "초등학교학업성취도":89.96,
            "중학교학업성취도":70.4,
            "용적률":183,
            "건폐율":0,
            "Y":37.564922,
            "X":127.044939,
            "rank":21.0,
            "area_info":"18평(61.11), 27평(90.06), 31평(103.02)",
            "last_sales":"2021-09-10,85000.0,18평(61.11)",
            "rank_history":[
                [
                    "202202",
                    21
                ],
                [
                    "202201",
                    29
                ]
            ],
            "rank_gap":8
        },
        {
            "index":551,
            "아파트명":"서울숲한신더휴",
            "투자타입":"일반",
            "전용면적(m2)":"80.99",
            "전용면적(평)":"24평",
            "법정동주소":"서울시 성동구 행당동 349",
            "도로명주소":"서울시 성동구 고산자로 164",
            "세대수":90,
            "입주년차":20,
            "용적률점수":"--",
            "건폐율점수":"--",
            "세대당주차수":30,
            "난방방식":30,
            "공급면적":"--",
            "전용률":"--",
            "욕실수":50,
            "현관타입":100,
            "주거총점":58.0,
            "지역구공급총점":100.0,
            "역세권":50,
            "30분내 이동가능 거점":100,
            "1시간내 이동가능 거점":100,
            "교통총점":75.0,
            "백화점":100,
            "아울렛몰":80,
            "대형마트":100,
            "은행":70,
            "병원":0,
            "종합병원":100,
            "공원":100,
            "혐오시설":0,
            "인프라총점":83.0,
            "초등학군":89.99,
            "중학군":52.34,
            "학군총점":59.87,
            "인구수":32.17,
            "인구증감":-14.67,
            "인구총점":18.118,
            "일자리":21.43,
            "소득수준":63.3,
            "일자리총점":33.991,
            "가치 총점":71.7305,
            "매매실거래년":20211023.0,
            "매매실거래가":155000.0,
            "전세실거래년":20210910.0,
            "전세실거래가":63000.0,
            "전세가율":50.4,
            "장기전세가율평균":67.55,
            "전세가율거품지수":17.15,
            "검색코드":2977,
            "세대수":1410.0,
            "준공년월":"2003-12-23",
            "준공년차":20.0,
            "가까운역이름":"응봉",
            "가까운역거리":579.72,
            "역세권여부":"준역세권",
            "30분이내주요거점역":6,
            "30분거점역이름":"['강남', '역삼', '을지로입구', '을지로3가', '왕십리', '명동']",
            "1시간이내주요거점역":14,
            "1시간거점역이름":"['강남', '역삼', '잠실', '판교', '여의도', '을지로입구', '을지로3가', '양재', '가산디지털단지', '왕십리', '홍대입구', '구로디지털단지', '명동', '서현']",
            "3km이내백화점수":1,
            "5km이내아울렛몰수":1,
            "1km이내대형먀트수":2,
            "500m이내은행수":4,
            "500m이내병원수":0,
            "5km이내대형병원수":12,
            "500m이내공원수":5,
            "3km이내혐오시설수":0,
            "초등학교학업성취도":89.99,
            "중학교학업성취도":85.9,
            "용적률":295,
            "건폐율":18,
            "Y":37.554894,
            "X":127.03661,
            "rank":22.0,
            "area_info":"24평(80.99), 24평(81.27), 32평(108.56), 43평(142.42)",
            "last_sales":"2021-10-23,155000.0,32평(108.56)",
            "rank_history":[
                [
                    "202202",
                    22
                ],
                [
                    "202201",
                    27
                ]
            ],
            "rank_gap":5
        },
        {
            "index":124,
            "아파트명":"마장현대",
            "투자타입":"일반",
            "전용면적(m2)":"81.77",
            "전용면적(평)":"24평",
            "법정동주소":"서울시 성동구 마장동 818",
            "도로명주소":"서울시 성동구 살곶이길 50",
            "세대수":90,
            "입주년차":0,
            "용적률점수":"--",
            "건폐율점수":"--",
            "세대당주차수":30,
            "난방방식":30,
            "공급면적":"--",
            "전용률":"--",
            "욕실수":50,
            "현관타입":10,
            "주거총점":45.0,
            "지역구공급총점":100.0,
            "역세권":80,
            "30분내 이동가능 거점":80,
            "1시간내 이동가능 거점":100,
            "교통총점":84.0,
            "백화점":100,
            "아울렛몰":80,
            "대형마트":100,
            "은행":70,
            "병원":0,
            "종합병원":100,
            "공원":100,
            "혐오시설":-50,
            "인프라총점":82.0,
            "초등학군":90.0,
            "중학군":48.1,
            "학군총점":56.48,
            "인구수":32.17,
            "인구증감":-14.67,
            "인구총점":18.118,
            "일자리":21.43,
            "소득수준":63.3,
            "일자리총점":33.991,
            "가치 총점":71.472,
            "매매실거래년":20211129.0,
            "매매실거래가":147000.0,
            "전세실거래년":20211015.0,
            "전세실거래가":35700.0,
            "전세가율":36.43,
            "장기전세가율평균":67.55,
            "전세가율거품지수":31.12,
            "검색코드":877,
            "세대수":1017.0,
            "준공년월":"1998-04-14",
            "준공년차":25.0,
            "가까운역이름":"신답",
            "가까운역거리":355.19,
            "역세권여부":"역세권",
            "30분이내주요거점역":4,
            "30분거점역이름":"['을지로입구', '을지로3가', '왕십리', '명동']",
            "1시간이내주요거점역":15,
            "1시간거점역이름":"['강남', '역삼', '잠실', '판교', '여의도', '을지로입구', '을지로3가', '양재', '가산디지털단지', '왕십리', '홍대입구', '구로디지털단지', '명동', '서현', '마곡']",
            "3km이내백화점수":1,
            "5km이내아울렛몰수":1,
            "1km이내대형먀트수":2,
            "500m이내은행수":3,
            "500m이내병원수":0,
            "5km이내대형병원수":11,
            "500m이내공원수":2,
            "3km이내혐오시설수":1,
            "초등학교학업성취도":90.0,
            "중학교학업성취도":78.5,
            "용적률":334,
            "건폐율":20,
            "Y":37.569966,
            "X":127.042452,
            "rank":23.0,
            "area_info":"24평(81.77), 24평(81.92), 32평(108.11), 49평(162.31), 61평(203.48)",
            "last_sales":"2021-11-29,147000.0,49평(162.31)",
            "rank_history":[
                [
                    "202202",
                    23
                ],
                [
                    "202201",
                    26
                ]
            ],
            "rank_gap":3
        },
        {
            "index":409,
            "아파트명":"옥수현대",
            "투자타입":"재건축",
            "전용면적(m2)":"76.97",
            "전용면적(평)":"23평",
            "법정동주소":"서울시 성동구 옥수동 4",
            "도로명주소":"서울시 성동구 독서당로40길 25",
            "세대수":50,
            "입주년차":"--",
            "용적률점수":80,
            "건폐율점수":0,
            "세대당주차수":"--",
            "난방방식":"--",
            "공급면적":50,
            "전용률":60,
            "욕실수":"--",
            "현관타입":"--",
            "주거총점":52.5,
            "지역구공급총점":100.0,
            "역세권":80,
            "30분내 이동가능 거점":100,
            "1시간내 이동가능 거점":100,
            "교통총점":90.0,
            "백화점":100,
            "아울렛몰":100,
            "대형마트":0,
            "은행":70,
            "병원":0,
            "종합병원":100,
            "공원":100,
            "혐오시설":0,
            "인프라총점":70.0,
            "초등학군":89.98,
            "중학군":47.98,
            "학군총점":56.38,
            "인구수":32.17,
            "인구증감":-14.67,
            "인구총점":18.118,
            "일자리":21.43,
            "소득수준":63.3,
            "일자리총점":33.991,
            "가치 총점":71.457,
            "매매실거래년":20210821.0,
            "매매실거래가":183000.0,
            "전세실거래년":20210529.0,
            "전세실거래가":55000.0,
            "전세가율":61.11,
            "장기전세가율평균":67.55,
            "전세가율거품지수":6.44,
            "검색코드":567,
            "세대수":566.0,
            "준공년월":"1990-05-25",
            "준공년차":33.0,
            "가까운역이름":"옥수",
            "가까운역거리":404.1,
            "역세권여부":"역세권",
            "30분이내주요거점역":6,
            "30분거점역이름":"['역삼', '을지로입구', '을지로3가', '양재', '왕십리', '명동']",
            "1시간이내주요거점역":15,
            "1시간거점역이름":"['강남', '역삼', '잠실', '판교', '여의도', '을지로입구', '을지로3가', '양재', '정자', '평촌', '가산디지털단지', '왕십리', '홍대입구', '구로디지털단지', '명동']",
            "3km이내백화점수":2,
            "5km이내아울렛몰수":2,
            "1km이내대형먀트수":0,
            "500m이내은행수":3,
            "500m이내병원수":0,
            "5km이내대형병원수":10,
            "500m이내공원수":2,
            "3km이내혐오시설수":0,
            "초등학교학업성취도":89.98,
            "중학교학업성취도":78.9,
            "용적률":200,
            "건폐율":0,
            "Y":37.544185,
            "X":127.019199,
            "rank":24.0,
            "area_info":"23평(76.97), 25평(82.82), 27평(91.82), 28평(92.57), 29평(98.91), 29평(98.24), 35평(118.44), 35평(118.9), 42평(140.76)",
            "last_sales":"2021-08-21,183000.0,42평(140.76)",
            "rank_history":[
                [
                    "202202",
                    24
                ],
                [
                    "202201",
                    22
                ]
            ],
            "rank_gap":-2
        },
        {
            "index":423,
            "아파트명":"금호현대",
            "투자타입":"재건축",
            "전용면적(m2)":"81.05",
            "전용면적(평)":"24평",
            "법정동주소":"서울시 성동구 응봉동 98",
            "도로명주소":"서울시 성동구 독서당로 377",
            "세대수":50,
            "입주년차":"--",
            "용적률점수":80,
            "건폐율점수":0,
            "세대당주차수":"--",
            "난방방식":"--",
            "공급면적":70,
            "전용률":60,
            "욕실수":"--",
            "현관타입":"--",
            "주거총점":53.5,
            "지역구공급총점":100.0,
            "역세권":80,
            "30분내 이동가능 거점":80,
            "1시간내 이동가능 거점":100,
            "교통총점":84.0,
            "백화점":100,
            "아울렛몰":80,
            "대형마트":80,
            "은행":0,
            "병원":0,
            "종합병원":100,
            "공원":100,
            "혐오시설":0,
            "인프라총점":73.0,
            "초등학군":89.98,
            "중학군":52.34,
            "학군총점":59.868,
            "인구수":32.17,
            "인구증감":-14.67,
            "인구총점":18.118,
            "일자리":21.43,
            "소득수준":63.3,
            "일자리총점":33.991,
            "가치 총점":70.9802,
            "매매실거래년":20211118.0,
            "매매실거래가":100000.0,
            "전세실거래년":20220114.0,
            "전세실거래가":31000.0,
            "전세가율":31.0,
            "장기전세가율평균":67.55,
            "전세가율거품지수":36.55,
            "검색코드":572,
            "세대수":644.0,
            "준공년월":"1990-09-20",
            "준공년차":33.0,
            "가까운역이름":"응봉",
            "가까운역거리":360.3,
            "역세권여부":"역세권",
            "30분이내주요거점역":4,
            "30분거점역이름":"['역삼', '을지로3가', '왕십리', '명동']",
            "1시간이내주요거점역":14,
            "1시간거점역이름":"['강남', '역삼', '잠실', '판교', '여의도', '을지로입구', '을지로3가', '양재', '정자', '가산디지털단지', '왕십리', '홍대입구', '구로디지털단지', '명동']",
            "3km이내백화점수":2,
            "5km이내아울렛몰수":1,
            "1km이내대형먀트수":1,
            "500m이내은행수":0,
            "500m이내병원수":0,
            "5km이내대형병원수":11,
            "500m이내공원수":6,
            "3km이내혐오시설수":0,
            "초등학교학업성취도":89.98,
            "중학교학업성취도":85.9,
            "용적률":213,
            "건폐율":0,
            "Y":37.551418,
            "X":127.030897,
            "rank":25.0,
            "area_info":"24평(81.05), 31평(104.56), 43평(143.97)",
            "last_sales":"2021-11-18,100000.0,24평(81.05)",
            "rank_history":[
                [
                    "202202",
                    25
                ],
                [
                    "202201",
                    40
                ]
            ],
            "rank_gap":15
        },
        {
            "index":575,
            "아파트명":"행당브라운스톤",
            "투자타입":"일반",
            "전용면적(m2)":"77.44",
            "전용면적(평)":"23평",
            "법정동주소":"서울시 성동구 행당동 364",
            "도로명주소":"서울시 성동구 행당로 99",
            "세대수":0,
            "입주년차":40,
            "용적률점수":"--",
            "건폐율점수":"--",
            "세대당주차수":30,
            "난방방식":30,
            "공급면적":"--",
            "전용률":"--",
            "욕실수":100,
            "현관타입":100,
            "주거총점":35.5,
            "지역구공급총점":100.0,
            "역세권":80,
            "30분내 이동가능 거점":100,
            "1시간내 이동가능 거점":100,
            "교통총점":90.0,
            "백화점":100,
            "아울렛몰":80,
            "대형마트":100,
            "은행":20,
            "병원":0,
            "종합병원":100,
            "공원":100,
            "혐오시설":0,
            "인프라총점":78.0,
            "초등학군":89.96,
            "중학군":48.8,
            "학군총점":57.032,
            "인구수":32.17,
            "인구증감":-14.67,
            "인구총점":18.118,
            "일자리":21.43,
            "소득수준":63.3,
            "일자리총점":33.991,
            "가치 총점":70.5548,
            "매매실거래년":20210925.0,
            "매매실거래가":144000.0,
            "전세실거래년":20211101.0,
            "전세실거래가":53550.0,
            "전세가율":52.5,
            "장기전세가율평균":67.55,
            "전세가율거품지수":15.05,
            "검색코드":8562,
            "세대수":208.0,
            "준공년월":"2005-09-01",
            "준공년차":18.0,
            "가까운역이름":"행당",
            "가까운역거리":182.58,
            "역세권여부":"역세권",
            "30분이내주요거점역":6,
            "30분거점역이름":"['역삼', '여의도', '을지로입구', '을지로3가', '왕십리', '명동']",
            "1시간이내주요거점역":16,
            "1시간거점역이름":"['강남', '역삼', '잠실', '판교', '여의도', '을지로입구', '을지로3가', '양재', '평촌', '가산디지털단지', '왕십리', '홍대입구', '구로디지털단지', '명동', '서현', '마곡']",
            "3km이내백화점수":1,
            "5km이내아울렛몰수":1,
            "1km이내대형먀트수":2,
            "500m이내은행수":2,
            "500m이내병원수":0,
            "5km이내대형병원수":11,
            "500m이내공원수":5,
            "3km이내혐오시설수":0,
            "초등학교학업성취도":89.96,
            "중학교학업성취도":80.6,
            "용적률":219,
            "건폐율":20,
            "Y":37.558899,
            "X":127.030053,
            "rank":26.0,
            "area_info":"23평(77.44), 31평(103.77), 42평(141.4)",
            "last_sales":"2021-09-25,144000.0,31평(103.77)",
            "rank_history":[
                [
                    "202202",
                    26
                ],
                [
                    "202201",
                    24
                ]
            ],
            "rank_gap":-2
        },
        {
            "index":500,
            "아파트명":"텐즈힐1",
            "투자타입":"일반",
            "전용면적(m2)":"83.91",
            "전용면적(평)":"25평",
            "법정동주소":"서울시 성동구 하왕십리동 1066",
            "도로명주소":"서울시 성동구 무학로 33",
            "세대수":100,
            "입주년차":80,
            "용적률점수":"--",
            "건폐율점수":"--",
            "세대당주차수":60,
            "난방방식":30,
            "공급면적":"--",
            "전용률":"--",
            "욕실수":100,
            "현관타입":100,
            "주거총점":83.0,
            "지역구공급총점":100.0,
            "역세권":50,
            "30분내 이동가능 거점":80,
            "1시간내 이동가능 거점":100,
            "교통총점":69.0,
            "백화점":100,
            "아울렛몰":80,
            "대형마트":80,
            "은행":0,
            "병원":0,
            "종합병원":100,
            "공원":100,
            "혐오시설":-100,
            "인프라총점":71.0,
            "초등학군":89.97,
            "중학군":48.22,
            "학군총점":56.57,
            "인구수":32.17,
            "인구증감":-14.67,
            "인구총점":18.118,
            "일자리":21.43,
            "소득수준":63.3,
            "일자리총점":33.991,
            "가치 총점":70.5355,
            "매매실거래년":20220103.0,
            "매매실거래가":230000.0,
            "전세실거래년":20220123.0,
            "전세실거래가":75000.0,
            "전세가율":53.57,
            "장기전세가율평균":67.55,
            "전세가율거품지수":13.98,
            "검색코드":107240,
            "세대수":1702.0,
            "준공년월":"2015-04-24",
            "준공년차":8.0,
            "가까운역이름":"상왕십리",
            "가까운역거리":515.07,
            "역세권여부":"준역세권",
            "30분이내주요거점역":4,
            "30분거점역이름":"['을지로입구', '을지로3가', '왕십리', '명동']",
            "1시간이내주요거점역":14,
            "1시간거점역이름":"['강남', '역삼', '잠실', '판교', '여의도', '을지로입구', '을지로3가', '양재', '평촌', '가산디지털단지', '왕십리', '홍대입구', '구로디지털단지', '명동']",
            "3km이내백화점수":1,
            "5km이내아울렛몰수":1,
            "1km이내대형먀트수":1,
            "500m이내은행수":1,
            "500m이내병원수":0,
            "5km이내대형병원수":11,
            "500m이내공원수":7,
            "3km이내혐오시설수":3,
            "초등학교학업성취도":89.97,
            "중학교학업성취도":79.3,
            "용적률":224,
            "건폐율":21,
            "Y":37.568901,
            "X":127.028239,
            "rank":27.0,
            "area_info":"25평(83.91), 25평(84.87), 30평(100.25), 32평(107.21), 33평(110.52), 33평(110.66), 33평(111.3), 48평(160.11), 53평(176.36), 54평(179.28)",
            "last_sales":"2022-01-03,230000.0,48평(160.11)",
            "rank_history":[
                [
                    "202202",
                    27
                ],
                [
                    "202201",
                    28
                ]
            ],
            "rank_gap":1
        },
        {
            "index":387,
            "아파트명":"옥수극동",
            "투자타입":"재건축",
            "전용면적(m2)":"80.09",
            "전용면적(평)":"24평",
            "법정동주소":"서울시 성동구 옥수동 428",
            "도로명주소":"서울시 성동구 독서당로 191",
            "세대수":90,
            "입주년차":"--",
            "용적률점수":80,
            "건폐율점수":100,
            "세대당주차수":"--",
            "난방방식":"--",
            "공급면적":50,
            "전용률":60,
            "욕실수":"--",
            "현관타입":"--",
            "주거총점":84.5,
            "지역구공급총점":100.0,
            "역세권":50,
            "30분내 이동가능 거점":100,
            "1시간내 이동가능 거점":100,
            "교통총점":75.0,
            "백화점":100,
            "아울렛몰":100,
            "대형마트":0,
            "은행":0,
            "병원":0,
            "종합병원":100,
            "공원":100,
            "혐오시설":0,
            "인프라총점":63.0,
            "초등학군":89.96,
            "중학군":47.98,
            "학군총점":56.376,
            "인구수":32.17,
            "인구증감":-14.67,
            "인구총점":18.118,
            "일자리":21.43,
            "소득수준":63.3,
            "일자리총점":33.991,
            "가치 총점":70.5064,
            "매매실거래년":20211207.0,
            "매매실거래가":136500.0,
            "전세실거래년":20220118.0,
            "전세실거래가":36750.0,
            "전세가율":28.71,
            "장기전세가율평균":67.55,
            "전세가율거품지수":38.84,
            "검색코드":562,
            "세대수":900.0,
            "준공년월":"1986-12-24",
            "준공년차":37.0,
            "가까운역이름":"옥수",
            "가까운역거리":637.88,
            "역세권여부":"준역세권",
            "30분이내주요거점역":5,
            "30분거점역이름":"['역삼', '을지로입구', '을지로3가', '왕십리', '명동']",
            "1시간이내주요거점역":16,
            "1시간거점역이름":"['강남', '역삼', '잠실', '판교', '여의도', '을지로입구', '을지로3가', '양재', '정자', '평촌', '가산디지털단지', '왕십리', '홍대입구', '구로디지털단지', '명동', '마곡']",
            "3km이내백화점수":1,
            "5km이내아울렛몰수":2,
            "1km이내대형먀트수":0,
            "500m이내은행수":1,
            "500m이내병원수":0,
            "5km이내대형병원수":10,
            "500m이내공원수":2,
            "3km이내혐오시설수":0,
            "초등학교학업성취도":89.96,
            "중학교학업성취도":78.9,
            "용적률":219,
            "건폐율":17,
            "Y":37.54326,
            "X":127.0115,
            "rank":28.0,
            "area_info":"24평(80.09), 27평(91.34), 30평(101.0), 49평(164.06), 51평(170.42)",
            "last_sales":"2021-12-07,136500.0,27평(91.34)",
            "rank_history":[
                [
                    "202202",
                    28
                ],
                [
                    "202201",
                    32
                ]
            ],
            "rank_gap":4
        },
        {
            "index":392,
            "아파트명":"옥수삼성",
            "투자타입":"일반",
            "전용면적(m2)":"85.69",
            "전용면적(평)":"25평",
            "법정동주소":"서울시 성동구 옥수동 250",
            "도로명주소":"서울시 성동구 독서당로 218",
            "세대수":90,
            "입주년차":20,
            "용적률점수":"--",
            "건폐율점수":"--",
            "세대당주차수":30,
            "난방방식":80,
            "공급면적":"--",
            "전용률":"--",
            "욕실수":50,
            "현관타입":10,
            "주거총점":54.0,
            "지역구공급총점":100.0,
            "역세권":80,
            "30분내 이동가능 거점":100,
            "1시간내 이동가능 거점":100,
            "교통총점":90.0,
            "백화점":100,
            "아울렛몰":100,
            "대형마트":0,
            "은행":20,
            "병원":0,
            "종합병원":100,
            "공원":100,
            "혐오시설":0,
            "인프라총점":65.0,
            "초등학군":89.96,
            "중학군":47.98,
            "학군총점":56.376,
            "인구수":32.17,
            "인구증감":-14.67,
            "인구총점":18.118,
            "일자리":21.43,
            "소득수준":63.3,
            "일자리총점":33.991,
            "가치 총점":70.2564,
            "매매실거래년":20211118.0,
            "매매실거래가":183000.0,
            "전세실거래년":20220115.0,
            "전세실거래가":68000.0,
            "전세가율":47.89,
            "장기전세가율평균":67.55,
            "전세가율거품지수":19.66,
            "검색코드":1179,
            "세대수":1114.0,
            "준공년월":"1999-04-20",
            "준공년차":24.0,
            "가까운역이름":"옥수",
            "가까운역거리":400.65,
            "역세권여부":"역세권",
            "30분이내주요거점역":7,
            "30분거점역이름":"['강남', '역삼', '을지로입구', '을지로3가', '양재', '왕십리', '명동']",
            "1시간이내주요거점역":15,
            "1시간거점역이름":"['강남', '역삼', '잠실', '판교', '여의도', '을지로입구', '을지로3가', '양재', '정자', '평촌', '가산디지털단지', '왕십리', '홍대입구', '구로디지털단지', '명동']",
            "3km이내백화점수":2,
            "5km이내아울렛몰수":2,
            "1km이내대형먀트수":0,
            "500m이내은행수":2,
            "500m이내병원수":0,
            "5km이내대형병원수":10,
            "500m이내공원수":2,
            "3km이내혐오시설수":0,
            "초등학교학업성취도":89.96,
            "중학교학업성취도":78.9,
            "용적률":263,
            "건폐율":18,
            "Y":37.542421,
            "X":127.013983,
            "rank":29.0,
            "area_info":"25평(85.69), 32평(106.94), 43평(144.57)",
            "last_sales":"2021-11-18,183000.0,43평(144.57)",
            "rank_history":[
                [
                    "202202",
                    29
                ],
                [
                    "202201",
                    33
                ]
            ],
            "rank_gap":4
        },
        {
            "index":56,
            "아파트명":"금호한신휴플러스",
            "투자타입":"일반",
            "전용면적(m2)":"80.96",
            "전용면적(평)":"24평",
            "법정동주소":"서울시 성동구 금호동3가 1662",
            "도로명주소":"서울시 성동구 금호산길 27",
            "세대수":30,
            "입주년차":40,
            "용적률점수":"--",
            "건폐율점수":"--",
            "세대당주차수":30,
            "난방방식":30,
            "공급면적":"--",
            "전용률":"--",
            "욕실수":100,
            "현관타입":100,
            "주거총점":46.0,
            "지역구공급총점":100.0,
            "역세권":80,
            "30분내 이동가능 거점":100,
            "1시간내 이동가능 거점":100,
            "교통총점":90.0,
            "백화점":100,
            "아울렛몰":100,
            "대형마트":0,
            "은행":70,
            "병원":0,
            "종합병원":100,
            "공원":100,
            "혐오시설":0,
            "인프라총점":70.0,
            "초등학군":89.97,
            "중학군":48.36,
            "학군총점":56.682,
            "인구수":32.17,
            "인구증감":-14.67,
            "인구총점":18.118,
            "일자리":21.43,
            "소득수준":63.3,
            "일자리총점":33.991,
            "가치 총점":70.2023,
            "매매실거래년":20211009.0,
            "매매실거래가":105500.0,
            "전세실거래년":20210930.0,
            "전세실거래가":64000.0,
            "전세가율":60.66,
            "장기전세가율평균":67.55,
            "전세가율거품지수":6.89,
            "검색코드":10647,
            "세대수":323.0,
            "준공년월":"2005-07-29",
            "준공년차":18.0,
            "가까운역이름":"금호",
            "가까운역거리":296.16,
            "역세권여부":"역세권",
            "30분이내주요거점역":7,
            "30분거점역이름":"['강남', '역삼', '을지로입구', '을지로3가', '양재', '왕십리', '명동']",
            "1시간이내주요거점역":17,
            "1시간거점역이름":"['강남', '역삼', '잠실', '판교', '여의도', '을지로입구', '을지로3가', '양재', '정자', '평촌', '가산디지털단지', '왕십리', '홍대입구', '구로디지털단지', '명동', '서현', '마곡']",
            "3km이내백화점수":1,
            "5km이내아울렛몰수":2,
            "1km이내대형먀트수":0,
            "500m이내은행수":3,
            "500m이내병원수":0,
            "5km이내대형병원수":11,
            "500m이내공원수":3,
            "3km이내혐오시설수":0,
            "초등학교학업성취도":89.97,
            "중학교학업성취도":80.2,
            "용적률":243,
            "건폐율":21,
            "Y":37.550033,
            "X":127.018092,
            "rank":30.0,
            "area_info":"24평(80.96), 32평(107.0), 32평(108.21), 40평(134.47), 46평(154.11)",
            "last_sales":"2021-10-09,105500.0,24평(80.96)",
            "rank_history":[
                [
                    "202202",
                    30
                ],
                [
                    "202201",
                    31
                ]
            ],
            "rank_gap":1
        },
        {
            "index":162,
            "아파트명":"텐즈힐2",
            "투자타입":"일반",
            "전용면적(m2)":"80.9",
            "전용면적(평)":"24평",
            "법정동주소":"서울시 성동구 상왕십리동 811",
            "도로명주소":"서울시 성동구 마장로 137",
            "세대수":90,
            "입주년차":80,
            "용적률점수":"--",
            "건폐율점수":"--",
            "세대당주차수":30,
            "난방방식":30,
            "공급면적":"--",
            "전용률":"--",
            "욕실수":50,
            "현관타입":100,
            "주거총점":70.0,
            "지역구공급총점":100.0,
            "역세권":50,
            "30분내 이동가능 거점":80,
            "1시간내 이동가능 거점":100,
            "교통총점":69.0,
            "백화점":100,
            "아울렛몰":80,
            "대형마트":80,
            "은행":70,
            "병원":0,
            "종합병원":100,
            "공원":100,
            "혐오시설":-100,
            "인프라총점":78.0,
            "초등학군":89.97,
            "중학군":48.22,
            "학군총점":56.57,
            "인구수":32.17,
            "인구증감":-14.67,
            "인구총점":18.118,
            "일자리":21.43,
            "소득수준":63.3,
            "일자리총점":33.991,
            "가치 총점":70.0355,
            "매매실거래년":20211220.0,
            "매매실거래가":134000.0,
            "전세실거래년":20210930.0,
            "전세실거래가":54600.0,
            "전세가율":45.5,
            "장기전세가율평균":67.55,
            "전세가율거품지수":22.05,
            "검색코드":104190,
            "세대수":1148.0,
            "준공년월":"2014-06-26",
            "준공년차":9.0,
            "가까운역이름":"신설동",
            "가까운역거리":671.94,
            "역세권여부":"준역세권",
            "30분이내주요거점역":4,
            "30분거점역이름":"['을지로입구', '을지로3가', '왕십리', '명동']",
            "1시간이내주요거점역":13,
            "1시간거점역이름":"['강남', '역삼', '잠실', '판교', '여의도', '을지로입구', '을지로3가', '양재', '가산디지털단지', '왕십리', '홍대입구', '구로디지털단지', '명동']",
            "3km이내백화점수":1,
            "5km이내아울렛몰수":1,
            "1km이내대형먀트수":1,
            "500m이내은행수":3,
            "500m이내병원수":0,
            "5km이내대형병원수":10,
            "500m이내공원수":6,
            "3km이내혐오시설수":3,
            "초등학교학업성취도":89.97,
            "중학교학업성취도":79.3,
            "용적률":246,
            "건폐율":34,
            "Y":37.569258,
            "X":127.024814,
            "rank":31.0,
            "area_info":"24평(80.9), 26평(86.3), 26평(86.29), 32평(106.7), 32평(107.1), 33평(109.93), 33평(111.53), 46평(155.15), 48평(159.92), 59평(195.24)",
            "last_sales":"2021-12-20,134000.0,26평(86.29)",
            "rank_history":[
                [
                    "202202",
                    31
                ],
                [
                    "202201",
                    34
                ]
            ],
            "rank_gap":3
        },
        {
            "index":275,
            "아파트명":"중앙하이츠빌",
            "투자타입":"일반",
            "전용면적(m2)":"107.92",
            "전용면적(평)":"32평",
            "법정동주소":"서울시 성동구 성수동1가 715",
            "도로명주소":"서울시 성동구 상원길 47",
            "세대수":0,
            "입주년차":20,
            "용적률점수":"--",
            "건폐율점수":"--",
            "세대당주차수":30,
            "난방방식":30,
            "공급면적":"--",
            "전용률":"--",
            "욕실수":100,
            "현관타입":100,
            "주거총점":31.5,
            "지역구공급총점":100.0,
            "역세권":100,
            "30분내 이동가능 거점":100,
            "1시간내 이동가능 거점":100,
            "교통총점":100.0,
            "백화점":100,
            "아울렛몰":80,
            "대형마트":0,
            "은행":70,
            "병원":0,
            "종합병원":100,
            "공원":100,
            "혐오시설":-50,
            "인프라총점":67.0,
            "초등학군":89.98,
            "중학군":47.68,
            "학군총점":56.14,
            "인구수":32.17,
            "인구증감":-14.67,
            "인구총점":18.118,
            "일자리":21.43,
            "소득수준":63.3,
            "일자리총점":33.991,
            "가치 총점":69.821,
            "매매실거래년":20201229.0,
            "매매실거래가":145000.0,
            "전세실거래년":20211228.0,
            "전세실거래가":66000.0,
            "전세가율":45.52,
            "장기전세가율평균":67.55,
            "전세가율거품지수":22.03,
            "검색코드":8578,
            "세대수":256.0,
            "준공년월":"2003-10-27",
            "준공년차":20.0,
            "가까운역이름":"뚝섬",
            "가까운역거리":82.69,
            "역세권여부":"초역세권",
            "30분이내주요거점역":5,
            "30분거점역이름":"['역삼', '을지로입구', '을지로3가', '왕십리', '명동']",
            "1시간이내주요거점역":16,
            "1시간거점역이름":"['강남', '역삼', '잠실', '판교', '여의도', '을지로입구', '을지로3가', '양재', '정자', '평촌', '가산디지털단지', '왕십리', '홍대입구', '구로디지털단지', '명동', '서현']",
            "3km이내백화점수":3,
            "5km이내아울렛몰수":1,
            "1km이내대형먀트수":0,
            "500m이내은행수":4,
            "500m이내병원수":0,
            "5km이내대형병원수":10,
            "500m이내공원수":3,
            "3km이내혐오시설수":1,
            "초등학교학업성취도":89.98,
            "중학교학업성취도":79.0,
            "용적률":249,
            "건폐율":17,
            "Y":37.547888,
            "X":127.047669,
            "rank":32.0,
            "area_info":"32평(107.92), 32평(108.16)",
            "last_sales":"2020-12-29,145000.0,32평(107.92)",
            "rank_history":[
                [
                    "202202",
                    32
                ],
                [
                    "202201",
                    36
                ]
            ],
            "rank_gap":4
        },
        {
            "index":451,
            "아파트명":"금호베스트빌",
            "투자타입":"일반",
            "전용면적(m2)":"87.07",
            "전용면적(평)":"26평",
            "법정동주소":"서울시 성동구 하왕십리동 1052",
            "도로명주소":"서울시 성동구 난계로 114-31",
            "세대수":50,
            "입주년차":20,
            "용적률점수":"--",
            "건폐율점수":"--",
            "세대당주차수":30,
            "난방방식":30,
            "공급면적":"--",
            "전용률":"--",
            "욕실수":50,
            "현관타입":10,
            "주거총점":35.0,
            "지역구공급총점":100.0,
            "역세권":80,
            "30분내 이동가능 거점":100,
            "1시간내 이동가능 거점":100,
            "교통총점":90.0,
            "백화점":100,
            "아울렛몰":100,
            "대형마트":80,
            "은행":0,
            "병원":0,
            "종합병원":100,
            "공원":100,
            "혐오시설":0,
            "인프라총점":75.0,
            "초등학군":90.0,
            "중학군":50.68,
            "학군총점":58.544,
            "인구수":32.17,
            "인구증감":-14.67,
            "인구총점":18.118,
            "일자리":21.43,
            "소득수준":63.3,
            "일자리총점":33.991,
            "가치 총점":69.7816,
            "매매실거래년":20210909.0,
            "매매실거래가":88000.0,
            "전세실거래년":20220122.0,
            "전세실거래가":36750.0,
            "전세가율":41.76,
            "장기전세가율평균":67.55,
            "전세가율거품지수":25.79,
            "검색코드":3532,
            "세대수":458.0,
            "준공년월":"2001-10-05",
            "준공년차":22.0,
            "가까운역이름":"상왕십리",
            "가까운역거리":424.54,
            "역세권여부":"역세권",
            "30분이내주요거점역":5,
            "30분거점역이름":"['역삼', '을지로입구', '을지로3가', '왕십리', '명동']",
            "1시간이내주요거점역":13,
            "1시간거점역이름":"['강남', '역삼', '잠실', '여의도', '을지로입구', '을지로3가', '양재', '가산디지털단지', '왕십리', '홍대입구', '구로디지털단지', '명동', '마곡']",
            "3km이내백화점수":1,
            "5km이내아울렛몰수":2,
            "1km이내대형먀트수":1,
            "500m이내은행수":0,
            "500m이내병원수":0,
            "5km이내대형병원수":11,
            "500m이내공원수":5,
            "3km이내혐오시설수":0,
            "초등학교학업성취도":90.0,
            "중학교학업성취도":83.6,
            "용적률":318,
            "건폐율":23,
            "Y":37.561641,
            "X":127.025965,
            "rank":33.0,
            "area_info":"26평(87.07), 33평(110.16), 43평(144.36), 45평(150.03)",
            "last_sales":"2021-09-09,88000.0,26평(87.07)",
            "rank_history":[
                [
                    "202202",
                    33
                ],
                [
                    "202201",
                    49
                ]
            ],
            "rank_gap":16
        },
        {
            "index":406,
            "아파트명":"옥수하이츠",
            "투자타입":"일반",
            "전용면적(m2)":"105.8",
            "전용면적(평)":"32평",
            "법정동주소":"서울시 성동구 옥수동 100",
            "도로명주소":"서울시 성동구 한림말길 50",
            "세대수":80,
            "입주년차":0,
            "용적률점수":"--",
            "건폐율점수":"--",
            "세대당주차수":30,
            "난방방식":30,
            "공급면적":"--",
            "전용률":"--",
            "욕실수":100,
            "현관타입":100,
            "주거총점":55.5,
            "지역구공급총점":100.0,
            "역세권":80,
            "30분내 이동가능 거점":100,
            "1시간내 이동가능 거점":100,
            "교통총점":90.0,
            "백화점":100,
            "아울렛몰":100,
            "대형마트":0,
            "은행":0,
            "병원":0,
            "종합병원":100,
            "공원":80,
            "혐오시설":0,
            "인프라총점":62.4,
            "초등학군":89.96,
            "중학군":47.98,
            "학군총점":56.376,
            "인구수":32.17,
            "인구증감":-14.67,
            "인구총점":18.118,
            "일자리":21.43,
            "소득수준":63.3,
            "일자리총점":33.991,
            "가치 총점":69.7764,
            "매매실거래년":20211122.0,
            "매매실거래가":213000.0,
            "전세실거래년":20220115.0,
            "전세실거래가":58800.0,
            "전세가율":30.95,
            "장기전세가율평균":67.55,
            "전세가율거품지수":36.6,
            "검색코드":564,
            "세대수":774.0,
            "준공년월":"1998-03-30",
            "준공년차":25.0,
            "가까운역이름":"옥수",
            "가까운역거리":156.94,
            "역세권여부":"역세권",
            "30분이내주요거점역":7,
            "30분거점역이름":"['강남', '역삼', '을지로입구', '을지로3가', '양재', '왕십리', '명동']",
            "1시간이내주요거점역":16,
            "1시간거점역이름":"['강남', '역삼', '잠실', '판교', '여의도', '을지로입구', '을지로3가', '양재', '정자', '평촌', '가산디지털단지', '왕십리', '홍대입구', '구로디지털단지', '명동', '서현']",
            "3km이내백화점수":2,
            "5km이내아울렛몰수":2,
            "1km이내대형먀트수":0,
            "500m이내은행수":1,
            "500m이내병원수":0,
            "5km이내대형병원수":9,
            "500m이내공원수":1,
            "3km이내혐오시설수":0,
            "초등학교학업성취도":89.96,
            "중학교학업성취도":78.9,
            "용적률":212,
            "건폐율":20,
            "Y":37.540242,
            "X":127.016275,
            "rank":34.0,
            "area_info":"32평(105.8), 42평(139.68), 42평(139.44)",
            "last_sales":"2021-11-22,213000.0,42평(139.68)",
            "rank_history":[
                [
                    "202202",
                    34
                ],
                [
                    "202201",
                    37
                ]
            ],
            "rank_gap":3
        },
        {
            "index":567,
            "아파트명":"지웰홈스왕십리(도시형)",
            "투자타입":"일반",
            "전용면적(m2)":"26.7",
            "전용면적(평)":"8평",
            "법정동주소":"서울시 성동구 행당동 387",
            "도로명주소":"서울시 성동구 고산자로14길 26",
            "세대수":0,
            "입주년차":100,
            "용적률점수":"--",
            "건폐율점수":"--",
            "세대당주차수":0,
            "난방방식":30,
            "공급면적":"--",
            "전용률":"--",
            "욕실수":50,
            "현관타입":10,
            "주거총점":29.0,
            "지역구공급총점":100.0,
            "역세권":80,
            "30분내 이동가능 거점":100,
            "1시간내 이동가능 거점":100,
            "교통총점":90.0,
            "백화점":100,
            "아울렛몰":80,
            "대형마트":80,
            "은행":70,
            "병원":0,
            "종합병원":100,
            "공원":100,
            "혐오시설":0,
            "인프라총점":80.0,
            "초등학군":89.97,
            "중학군":47.3,
            "학군총점":55.834,
            "인구수":32.17,
            "인구증감":-14.67,
            "인구총점":18.118,
            "일자리":21.43,
            "소득수준":63.3,
            "일자리총점":33.991,
            "가치 총점":69.6751,
            "매매실거래년":"18000101",
            "매매실거래가":null,
            "전세실거래년":null,
            "전세실거래가":null,
            "전세가율":null,
            "장기전세가율평균":67.55,
            "전세가율거품지수":null,
            "검색코드":138174,
            "세대수":299.0,
            "준공년월":"2020-08-31",
            "준공년차":3.0,
            "가까운역이름":"왕십리",
            "가까운역거리":208.51,
            "역세권여부":"역세권",
            "30분이내주요거점역":6,
            "30분거점역이름":"['강남', '역삼', '을지로입구', '을지로3가', '왕십리', '명동']",
            "1시간이내주요거점역":17,
            "1시간거점역이름":"['강남', '역삼', '잠실', '판교', '여의도', '을지로입구', '을지로3가', '양재', '정자', '평촌', '가산디지털단지', '왕십리', '홍대입구', '구로디지털단지', '명동', '서현', '마곡']",
            "3km이내백화점수":1,
            "5km이내아울렛몰수":1,
            "1km이내대형먀트수":1,
            "500m이내은행수":3,
            "500m이내병원수":0,
            "5km이내대형병원수":12,
            "500m이내공원수":2,
            "3km이내혐오시설수":0,
            "초등학교학업성취도":89.97,
            "중학교학업성취도":76.9,
            "용적률":272,
            "건폐율":34,
            "Y":37.563408,
            "X":127.037765,
            "rank":35.0,
            "area_info":"8평(26.7), 10평(35.1), 16평(52.98), 16평(54.71), 17평(57.56)",
            "last_sales":"1800-01-01,nan,8평(26.7)",
            "rank_history":[
                [
                    "202202",
                    35
                ],
                [
                    "202201",
                    30
                ]
            ],
            "rank_gap":-5
        },
        {
            "index":0,
            "아파트명":"e편한세상금호파크힐스",
            "투자타입":"일반",
            "전용면적(m2)":"85.84",
            "전용면적(평)":"25평",
            "법정동주소":"서울시 성동구 금호동1가 1823",
            "도로명주소":"서울시 성동구 금호로 140",
            "세대수":90,
            "입주년차":100,
            "용적률점수":"--",
            "건폐율점수":"--",
            "세대당주차수":30,
            "난방방식":30,
            "공급면적":"--",
            "전용률":"--",
            "욕실수":100,
            "현관타입":100,
            "주거총점":79.0,
            "지역구공급총점":100.0,
            "역세권":80,
            "30분내 이동가능 거점":100,
            "1시간내 이동가능 거점":100,
            "교통총점":90.0,
            "백화점":0,
            "아울렛몰":100,
            "대형마트":80,
            "은행":0,
            "병원":0,
            "종합병원":100,
            "공원":100,
            "혐오시설":0,
            "인프라총점":45.0,
            "초등학군":89.98,
            "중학군":50.68,
            "학군총점":58.54,
            "인구수":32.17,
            "인구증감":-14.67,
            "인구총점":18.118,
            "일자리":21.43,
            "소득수준":63.3,
            "일자리총점":33.991,
            "가치 총점":69.581,
            "매매실거래년":20220104.0,
            "매매실거래가":175000.0,
            "전세실거래년":20220122.0,
            "전세실거래가":64050.0,
            "전세가율":40.54,
            "장기전세가율평균":67.55,
            "전세가율거품지수":27.01,
            "검색코드":110936,
            "세대수":1330.0,
            "준공년월":"2019-05-09",
            "준공년차":4.0,
            "가까운역이름":"신금호",
            "가까운역거리":229.05,
            "역세권여부":"역세권",
            "30분이내주요거점역":5,
            "30분거점역이름":"['여의도', '을지로입구', '을지로3가', '왕십리', '명동']",
            "1시간이내주요거점역":16,
            "1시간거점역이름":"['강남', '역삼', '잠실', '판교', '여의도', '을지로입구', '을지로3가', '양재', '평촌', '가산디지털단지', '왕십리', '홍대입구', '구로디지털단지', '명동', '서현', '마곡']",
            "3km이내백화점수":0,
            "5km이내아울렛몰수":2,
            "1km이내대형먀트수":1,
            "500m이내은행수":1,
            "500m이내병원수":0,
            "5km이내대형병원수":9,
            "500m이내공원수":5,
            "3km이내혐오시설수":0,
            "초등학교학업성취도":89.98,
            "중학교학업성취도":83.6,
            "용적률":253,
            "건폐율":21,
            "Y":37.554416,
            "X":127.022924,
            "rank":36.0,
            "area_info":"25평(85.84), 26평(86.89), 27평(90.26), 33평(110.59), 34평(113.01), 35평(118.68), 45평(151.35), 49평(164.78)",
            "last_sales":"2022-01-04,175000.0,33평(110.59)",
            "rank_history":[
                [
                    "202202",
                    36
                ],
                [
                    "202201",
                    39
                ]
            ],
            "rank_gap":3
        },
        {
            "index":437,
            "아파트명":"서울숲리버그린동아",
            "투자타입":"일반",
            "전용면적(m2)":"81.69",
            "전용면적(평)":"24평",
            "법정동주소":"서울시 성동구 응봉동 276",
            "도로명주소":"서울시 성동구 고산자로4길 34",
            "세대수":30,
            "입주년차":20,
            "용적률점수":"--",
            "건폐율점수":"--",
            "세대당주차수":30,
            "난방방식":30,
            "공급면적":"--",
            "전용률":"--",
            "욕실수":100,
            "현관타입":100,
            "주거총점":42.0,
            "지역구공급총점":100.0,
            "역세권":80,
            "30분내 이동가능 거점":60,
            "1시간내 이동가능 거점":100,
            "교통총점":78.0,
            "백화점":100,
            "아울렛몰":80,
            "대형마트":100,
            "은행":70,
            "병원":0,
            "종합병원":100,
            "공원":100,
            "혐오시설":0,
            "인프라총점":83.0,
            "초등학군":89.99,
            "중학군":52.34,
            "학군총점":59.87,
            "인구수":32.17,
            "인구증감":-14.67,
            "인구총점":18.118,
            "일자리":21.43,
            "소득수준":63.3,
            "일자리총점":33.991,
            "가치 총점":69.5805,
            "매매실거래년":20211011.0,
            "매매실거래가":119500.0,
            "전세실거래년":20211218.0,
            "전세실거래가":60000.0,
            "전세가율":50.21,
            "장기전세가율평균":67.55,
            "전세가율거품지수":17.34,
            "검색코드":7993,
            "세대수":375.0,
            "준공년월":"2003-06-07",
            "준공년차":20.0,
            "가까운역이름":"응봉",
            "가까운역거리":477.64,
            "역세권여부":"역세권",
            "30분이내주요거점역":3,
            "30분거점역이름":"['을지로입구', '을지로3가', '왕십리']",
            "1시간이내주요거점역":14,
            "1시간거점역이름":"['강남', '역삼', '잠실', '판교', '여의도', '을지로입구', '을지로3가', '양재', '평촌', '가산디지털단지', '왕십리', '홍대입구', '구로디지털단지', '명동']",
            "3km이내백화점수":1,
            "5km이내아울렛몰수":1,
            "1km이내대형먀트수":2,
            "500m이내은행수":3,
            "500m이내병원수":0,
            "5km이내대형병원수":12,
            "500m이내공원수":4,
            "3km이내혐오시설수":0,
            "초등학교학업성취도":89.99,
            "중학교학업성취도":85.9,
            "용적률":295,
            "건폐율":19,
            "Y":37.5535,
            "X":127.037581,
            "rank":37.0,
            "area_info":"24평(81.69), 32평(107.97), 32평(108.21), 42평(141.57)",
            "last_sales":"2021-10-11,119500.0,24평(81.69)",
            "rank_history":[
                [
                    "202202",
                    37
                ],
                [
                    "202201",
                    51
                ]
            ],
            "rank_gap":14
        },
        {
            "index":121,
            "아파트명":"마장신성미소지움",
            "투자타입":"일반",
            "전용면적(m2)":"76.37",
            "전용면적(평)":"23평",
            "법정동주소":"서울시 성동구 마장동 822",
            "도로명주소":"서울시 성동구 마장로39길 43",
            "세대수":0,
            "입주년차":40,
            "용적률점수":"--",
            "건폐율점수":"--",
            "세대당주차수":30,
            "난방방식":30,
            "공급면적":"--",
            "전용률":"--",
            "욕실수":100,
            "현관타입":100,
            "주거총점":35.5,
            "지역구공급총점":100.0,
            "역세권":80,
            "30분내 이동가능 거점":80,
            "1시간내 이동가능 거점":100,
            "교통총점":84.0,
            "백화점":100,
            "아울렛몰":80,
            "대형마트":100,
            "은행":70,
            "병원":0,
            "종합병원":100,
            "공원":100,
            "혐오시설":-50,
            "인프라총점":82.0,
            "초등학군":90.0,
            "중학군":48.1,
            "학군총점":56.48,
            "인구수":32.17,
            "인구증감":-14.67,
            "인구총점":18.118,
            "일자리":21.43,
            "소득수준":63.3,
            "일자리총점":33.991,
            "가치 총점":69.572,
            "매매실거래년":20210123.0,
            "매매실거래가":105000.0,
            "전세실거래년":20210625.0,
            "전세실거래가":38850.0,
            "전세가율":43.41,
            "장기전세가율평균":67.55,
            "전세가율거품지수":24.14,
            "검색코드":8828,
            "세대수":286.0,
            "준공년월":"2004-06-04",
            "준공년차":19.0,
            "가까운역이름":"신답",
            "가까운역거리":284.74,
            "역세권여부":"역세권",
            "30분이내주요거점역":4,
            "30분거점역이름":"['을지로입구', '을지로3가', '왕십리', '명동']",
            "1시간이내주요거점역":15,
            "1시간거점역이름":"['강남', '역삼', '잠실', '판교', '여의도', '을지로입구', '을지로3가', '양재', '가산디지털단지', '왕십리', '홍대입구', '구로디지털단지', '명동', '서현', '마곡']",
            "3km이내백화점수":1,
            "5km이내아울렛몰수":1,
            "1km이내대형먀트수":2,
            "500m이내은행수":3,
            "500m이내병원수":0,
            "5km이내대형병원수":11,
            "500m이내공원수":2,
            "3km이내혐오시설수":1,
            "초등학교학업성취도":90.0,
            "중학교학업성취도":78.5,
            "용적률":285,
            "건폐율":20,
            "Y":37.568831,
            "X":127.043633,
            "rank":38.0,
            "area_info":"23평(76.37), 32평(106.6), 32평(106.37)",
            "last_sales":"2021-01-23,105000.0,32평(106.37)",
            "rank_history":[
                [
                    "202202",
                    38
                ],
                [
                    "202201",
                    44
                ]
            ],
            "rank_gap":6
        },
        {
            "index":129,
            "아파트명":"삼성",
            "투자타입":"일반",
            "전용면적(m2)":"85.72",
            "전용면적(평)":"25평",
            "법정동주소":"서울시 성동구 마장동 817",
            "도로명주소":"서울시 성동구 마장로 271",
            "세대수":50,
            "입주년차":0,
            "용적률점수":"--",
            "건폐율점수":"--",
            "세대당주차수":30,
            "난방방식":80,
            "공급면적":"--",
            "전용률":"--",
            "욕실수":50,
            "현관타입":10,
            "주거총점":36.0,
            "지역구공급총점":100.0,
            "역세권":80,
            "30분내 이동가능 거점":80,
            "1시간내 이동가능 거점":100,
            "교통총점":84.0,
            "백화점":100,
            "아울렛몰":80,
            "대형마트":100,
            "은행":70,
            "병원":0,
            "종합병원":100,
            "공원":100,
            "혐오시설":-100,
            "인프라총점":81.0,
            "초등학군":90.0,
            "중학군":48.1,
            "학군총점":56.48,
            "인구수":32.17,
            "인구증감":-14.67,
            "인구총점":18.118,
            "일자리":21.43,
            "소득수준":63.3,
            "일자리총점":33.991,
            "가치 총점":69.372,
            "매매실거래년":20211016.0,
            "매매실거래가":105000.0,
            "전세실거래년":20220112.0,
            "전세실거래가":52000.0,
            "전세가율":49.52,
            "장기전세가율평균":67.55,
            "전세가율거품지수":18.03,
            "검색코드":548,
            "세대수":430.0,
            "준공년월":"1996-12-14",
            "준공년차":27.0,
            "가까운역이름":"마장",
            "가까운역거리":278.12,
            "역세권여부":"역세권",
            "30분이내주요거점역":4,
            "30분거점역이름":"['을지로입구', '을지로3가', '왕십리', '명동']",
            "1시간이내주요거점역":17,
            "1시간거점역이름":"['강남', '역삼', '잠실', '판교', '여의도', '을지로입구', '을지로3가', '양재', '정자', '평촌', '가산디지털단지', '왕십리', '홍대입구', '구로디지털단지', '명동', '서현', '마곡']",
            "3km이내백화점수":1,
            "5km이내아울렛몰수":1,
            "1km이내대형먀트수":2,
            "500m이내은행수":4,
            "500m이내병원수":0,
            "5km이내대형병원수":12,
            "500m이내공원수":2,
            "3km이내혐오시설수":4,
            "초등학교학업성취도":90.0,
            "중학교학업성취도":78.5,
            "용적률":241,
            "건폐율":18,
            "Y":37.566304,
            "X":127.039828,
            "rank":39.0,
            "area_info":"25평(85.72), 33평(110.28), 50평(167.63)",
            "last_sales":"2021-10-16,105000.0,25평(85.72)",
            "rank_history":[
                [
                    "202202",
                    39
                ],
                [
                    "202201",
                    42
                ]
            ],
            "rank_gap":3
        },
        {
            "index":43,
            "아파트명":"금호1차푸르지오",
            "투자타입":"일반",
            "전용면적(m2)":"78.7",
            "전용면적(평)":"23평",
            "법정동주소":"서울시 성동구 금호동3가 917",
            "도로명주소":"서울시 성동구 금호산8길 5",
            "세대수":30,
            "입주년차":40,
            "용적률점수":"--",
            "건폐율점수":"--",
            "세대당주차수":30,
            "난방방식":30,
            "공급면적":"--",
            "전용률":"--",
            "욕실수":50,
            "현관타입":100,
            "주거총점":41.0,
            "지역구공급총점":100.0,
            "역세권":80,
            "30분내 이동가능 거점":100,
            "1시간내 이동가능 거점":100,
            "교통총점":90.0,
            "백화점":100,
            "아울렛몰":100,
            "대형마트":0,
            "은행":70,
            "병원":0,
            "종합병원":100,
            "공원":100,
            "혐오시설":0,
            "인프라총점":70.0,
            "초등학군":89.97,
            "중학군":48.36,
            "학군총점":56.682,
            "인구수":32.17,
            "인구증감":-14.67,
            "인구총점":18.118,
            "일자리":21.43,
            "소득수준":63.3,
            "일자리총점":33.991,
            "가치 총점":69.2023,
            "매매실거래년":20211227.0,
            "매매실거래가":100000.0,
            "전세실거래년":20211228.0,
            "전세실거래가":52500.0,
            "전세가율":52.5,
            "장기전세가율평균":67.55,
            "전세가율거품지수":15.05,
            "검색코드":10316,
            "세대수":336.0,
            "준공년월":"2005-05-31",
            "준공년차":18.0,
            "가까운역이름":"금호",
            "가까운역거리":485.19,
            "역세권여부":"역세권",
            "30분이내주요거점역":6,
            "30분거점역이름":"['역삼', '을지로입구', '을지로3가', '양재', '왕십리', '명동']",
            "1시간이내주요거점역":16,
            "1시간거점역이름":"['강남', '역삼', '잠실', '판교', '여의도', '을지로입구', '을지로3가', '양재', '정자', '평촌', '가산디지털단지', '왕십리', '홍대입구', '구로디지털단지', '명동', '마곡']",
            "3km이내백화점수":2,
            "5km이내아울렛몰수":2,
            "1km이내대형먀트수":0,
            "500m이내은행수":3,
            "500m이내병원수":0,
            "5km이내대형병원수":10,
            "500m이내공원수":5,
            "3km이내혐오시설수":0,
            "초등학교학업성취도":89.97,
            "중학교학업성취도":80.2,
            "용적률":192,
            "건폐율":18,
            "Y":37.549741,
            "X":127.020937,
            "rank":40.0,
            "area_info":"23평(78.7), 31평(102.79), 40평(133.86), 40평(135.33)",
            "last_sales":"2021-12-27,100000.0,23평(78.7)",
            "rank_history":[
                [
                    "202202",
                    40
                ],
                [
                    "202201",
                    35
                ]
            ],
            "rank_gap":-5
        },
        {
            "index":476,
            "아파트명":"왕십리KCC스위첸",
            "투자타입":"일반",
            "전용면적(m2)":"78.51",
            "전용면적(평)":"23평",
            "법정동주소":"서울시 성동구 하왕십리동 1002",
            "도로명주소":"서울시 성동구 무학봉길 35",
            "세대수":0,
            "입주년차":80,
            "용적률점수":"--",
            "건폐율점수":"--",
            "세대당주차수":30,
            "난방방식":30,
            "공급면적":"--",
            "전용률":"--",
            "욕실수":100,
            "현관타입":100,
            "주거총점":43.5,
            "지역구공급총점":100.0,
            "역세권":80,
            "30분내 이동가능 거점":80,
            "1시간내 이동가능 거점":100,
            "교통총점":84.0,
            "백화점":100,
            "아울렛몰":100,
            "대형마트":80,
            "은행":0,
            "병원":0,
            "종합병원":100,
            "공원":100,
            "혐오시설":0,
            "인프라총점":75.0,
            "초등학군":90.0,
            "중학군":48.8,
            "학군총점":57.04,
            "인구수":32.17,
            "인구증감":-14.67,
            "인구총점":18.118,
            "일자리":21.43,
            "소득수준":63.3,
            "일자리총점":33.991,
            "가치 총점":69.156,
            "매매실거래년":20220112.0,
            "매매실거래가":111000.0,
            "전세실거래년":20211006.0,
            "전세실거래가":52900.0,
            "전세가율":47.66,
            "장기전세가율평균":67.55,
            "전세가율거품지수":19.89,
            "검색코드":107508,
            "세대수":272.0,
            "준공년월":"2016-04-28",
            "준공년차":7.0,
            "가까운역이름":"상왕십리",
            "가까운역거리":430.29,
            "역세권여부":"역세권",
            "30분이내주요거점역":4,
            "30분거점역이름":"['을지로입구', '을지로3가', '왕십리', '명동']",
            "1시간이내주요거점역":14,
            "1시간거점역이름":"['강남', '역삼', '잠실', '여의도', '을지로입구', '을지로3가', '양재', '가산디지털단지', '왕십리', '홍대입구', '구로디지털단지', '명동', '서현', '마곡']",
            "3km이내백화점수":1,
            "5km이내아울렛몰수":2,
            "1km이내대형먀트수":1,
            "500m이내은행수":1,
            "500m이내병원수":0,
            "5km이내대형병원수":11,
            "500m이내공원수":5,
            "3km이내혐오시설수":0,
            "초등학교학업성취도":90.0,
            "중학교학업성취도":80.6,
            "용적률":211,
            "건폐율":21,
            "Y":37.560982,
            "X":127.026959,
            "rank":41.0,
            "area_info":"23평(78.51), 23평(78.51), 25평(84.01), 25평(84.01), 25평(84.01), 26평(89.23), 27평(89.75), 29평(96.24), 33평(110.05), 33평(110.05), 33평(110.84)",
            "last_sales":"2022-01-12,111000.0,23평(78.51)",
            "rank_history":[
                [
                    "202202",
                    41
                ],
                [
                    "202201",
                    47
                ]
            ],
            "rank_gap":6
        },
        {
            "index":118,
            "아파트명":"대성유니드",
            "투자타입":"일반",
            "전용면적(m2)":"77.27",
            "전용면적(평)":"23평",
            "법정동주소":"서울시 성동구 마장동 825",
            "도로명주소":"서울시 성동구 마장로37길 7",
            "세대수":0,
            "입주년차":40,
            "용적률점수":"--",
            "건폐율점수":"--",
            "세대당주차수":30,
            "난방방식":30,
            "공급면적":"--",
            "전용률":"--",
            "욕실수":100,
            "현관타입":100,
            "주거총점":35.5,
            "지역구공급총점":100.0,
            "역세권":80,
            "30분내 이동가능 거점":80,
            "1시간내 이동가능 거점":100,
            "교통총점":84.0,
            "백화점":100,
            "아울렛몰":80,
            "대형마트":100,
            "은행":70,
            "병원":0,
            "종합병원":100,
            "공원":80,
            "혐오시설":-100,
            "인프라총점":80.4,
            "초등학군":89.97,
            "중학군":48.1,
            "학군총점":56.474,
            "인구수":32.17,
            "인구증감":-14.67,
            "인구총점":18.118,
            "일자리":21.43,
            "소득수준":63.3,
            "일자리총점":33.991,
            "가치 총점":69.0911,
            "매매실거래년":20210912.0,
            "매매실거래가":106000.0,
            "전세실거래년":20220108.0,
            "전세실거래가":54000.0,
            "전세가율":50.94,
            "장기전세가율평균":67.55,
            "전세가율거품지수":16.61,
            "검색코드":10898,
            "세대수":248.0,
            "준공년월":"2004-11-30",
            "준공년차":19.0,
            "가까운역이름":"마장",
            "가까운역거리":418.1,
            "역세권여부":"역세권",
            "30분이내주요거점역":4,
            "30분거점역이름":"['을지로입구', '을지로3가', '왕십리', '명동']",
            "1시간이내주요거점역":16,
            "1시간거점역이름":"['강남', '역삼', '잠실', '판교', '여의도', '을지로입구', '을지로3가', '양재', '정자', '가산디지털단지', '왕십리', '홍대입구', '구로디지털단지', '명동', '서현', '마곡']",
            "3km이내백화점수":1,
            "5km이내아울렛몰수":1,
            "1km이내대형먀트수":2,
            "500m이내은행수":3,
            "500m이내병원수":0,
            "5km이내대형병원수":12,
            "500m이내공원수":1,
            "3km이내혐오시설수":4,
            "초등학교학업성취도":89.97,
            "중학교학업성취도":78.5,
            "용적률":241,
            "건폐율":15,
            "Y":37.56704,
            "X":127.03838,
            "rank":42.0,
            "area_info":"23평(77.27), 31평(104.61), 40평(134.9)",
            "last_sales":"2021-09-12,106000.0,23평(77.27)",
            "rank_history":[
                [
                    "202202",
                    42
                ],
                [
                    "202201",
                    43
                ]
            ],
            "rank_gap":1
        },
        {
            "index":132,
            "아파트명":"삼성홈타운(도시형)",
            "투자타입":"일반",
            "전용면적(m2)":"22.76",
            "전용면적(평)":"6평",
            "법정동주소":"서울시 성동구 마장동 834",
            "도로명주소":"서울시 성동구 마조로15길 23",
            "세대수":0,
            "입주년차":80,
            "용적률점수":"--",
            "건폐율점수":"--",
            "세대당주차수":0,
            "난방방식":30,
            "공급면적":"--",
            "전용률":"--",
            "욕실수":50,
            "현관타입":10,
            "주거총점":25.0,
            "지역구공급총점":100.0,
            "역세권":80,
            "30분내 이동가능 거점":100,
            "1시간내 이동가능 거점":100,
            "교통총점":90.0,
            "백화점":100,
            "아울렛몰":80,
            "대형마트":80,
            "은행":70,
            "병원":0,
            "종합병원":100,
            "공원":100,
            "혐오시설":0,
            "인프라총점":80.0,
            "초등학군":90.0,
            "중학군":47.3,
            "학군총점":55.84,
            "인구수":32.17,
            "인구증감":-14.67,
            "인구총점":18.118,
            "일자리":21.43,
            "소득수준":63.3,
            "일자리총점":33.991,
            "가치 총점":68.876,
            "매매실거래년":20190909.0,
            "매매실거래가":25500.0,
            "전세실거래년":null,
            "전세실거래가":null,
            "전세가율":null,
            "장기전세가율평균":67.55,
            "전세가율거품지수":null,
            "검색코드":112462,
            "세대수":123.0,
            "준공년월":"2015-03-12",
            "준공년차":8.0,
            "가까운역이름":"왕십리",
            "가까운역거리":257.88,
            "역세권여부":"역세권",
            "30분이내주요거점역":6,
            "30분거점역이름":"['강남', '역삼', '을지로입구', '을지로3가', '왕십리', '명동']",
            "1시간이내주요거점역":17,
            "1시간거점역이름":"['강남', '역삼', '잠실', '판교', '여의도', '을지로입구', '을지로3가', '양재', '정자', '평촌', '가산디지털단지', '왕십리', '홍대입구', '구로디지털단지', '명동', '서현', '마곡']",
            "3km이내백화점수":1,
            "5km이내아울렛몰수":1,
            "1km이내대형먀트수":1,
            "500m이내은행수":3,
            "500m이내병원수":0,
            "5km이내대형병원수":12,
            "500m이내공원수":2,
            "3km이내혐오시설수":0,
            "초등학교학업성취도":90.0,
            "중학교학업성취도":76.9,
            "용적률":197,
            "건폐율":44,
            "Y":37.563586,
            "X":127.039093,
            "rank":43.0,
            "area_info":"6평(22.76), 7평(23.61), 7평(23.58), 7평(24.1), 7평(26.25), 8평(26.75), 8평(28.36), 8평(29.74), 9평(30.24), 9평(30.58), 9평(32.12), 11평(38.51), 11평(38.81), 11평(38.83), 13평(45.11), 14평(46.61), 15평(50.12), 17평(59.48)",
            "last_sales":"2019-09-09,25500.0,11평(38.81)",
            "rank_history":[
                [
                    "202202",
                    43
                ],
                [
                    "202201",
                    41
                ]
            ],
            "rank_gap":-2
        },
        {
            "index":302,
            "아파트명":"서울숲금강아미움",
            "투자타입":"일반",
            "전용면적(m2)":"83.23",
            "전용면적(평)":"25평",
            "법정동주소":"서울시 성동구 성수동2가 836",
            "도로명주소":"서울시 성동구 아차산로9길 34",
            "세대수":0,
            "입주년차":40,
            "용적률점수":"--",
            "건폐율점수":"--",
            "세대당주차수":30,
            "난방방식":30,
            "공급면적":"--",
            "전용률":"--",
            "욕실수":100,
            "현관타입":100,
            "주거총점":35.5,
            "지역구공급총점":100.0,
            "역세권":80,
            "30분내 이동가능 거점":100,
            "1시간내 이동가능 거점":100,
            "교통총점":90.0,
            "백화점":100,
            "아울렛몰":0,
            "대형마트":80,
            "은행":100,
            "병원":0,
            "종합병원":100,
            "공원":100,
            "혐오시설":-50,
            "인프라총점":74.0,
            "초등학군":89.98,
            "중학군":41.6,
            "학군총점":51.276,
            "인구수":32.17,
            "인구증감":-14.67,
            "인구총점":18.118,
            "일자리":21.43,
            "소득수준":63.3,
            "일자리총점":33.991,
            "가치 총점":68.4914,
            "매매실거래년":20210827.0,
            "매매실거래가":111000.0,
            "전세실거래년":20171113.0,
            "전세실거래가":8000.0,
            "전세가율":10.67,
            "장기전세가율평균":67.55,
            "전세가율거품지수":56.88,
            "검색코드":11485,
            "세대수":130.0,
            "준공년월":"2004-03-30",
            "준공년차":19.0,
            "가까운역이름":"성수",
            "가까운역거리":399.11,
            "역세권여부":"역세권",
            "30분이내주요거점역":6,
            "30분거점역이름":"['역삼', '잠실', '을지로입구', '을지로3가', '왕십리', '명동']",
            "1시간이내주요거점역":15,
            "1시간거점역이름":"['강남', '역삼', '잠실', '판교', '여의도', '을지로입구', '을지로3가', '양재', '정자', '가산디지털단지', '왕십리', '홍대입구', '구로디지털단지', '명동', '서현']",
            "3km이내백화점수":2,
            "5km이내아울렛몰수":0,
            "1km이내대형먀트수":1,
            "500m이내은행수":9,
            "500m이내병원수":0,
            "5km이내대형병원수":9,
            "500m이내공원수":2,
            "3km이내혐오시설수":1,
            "초등학교학업성취도":89.98,
            "중학교학업성취도":68.6,
            "용적률":250,
            "건폐율":28,
            "Y":37.546587,
            "X":127.059715,
            "rank":44.0,
            "area_info":"25평(83.23), 30평(99.98), 30평(99.96), 30평(100.14)",
            "last_sales":"2021-08-27,111000.0,30평(100.14)",
            "rank_history":[
                [
                    "202202",
                    44
                ],
                [
                    "202201",
                    46
                ]
            ],
            "rank_gap":2
        },
        {
            "index":175,
            "아파트명":"갤러리아포레",
            "투자타입":"일반",
            "전용면적(m2)":"231.99",
            "전용면적(평)":"70평",
            "법정동주소":"서울시 성동구 성수동1가 685-696",
            "도로명주소":"서울시 성동구 서울숲2길 32-14",
            "세대수":0,
            "입주년차":60,
            "용적률점수":"--",
            "건폐율점수":"--",
            "세대당주차수":100,
            "난방방식":30,
            "공급면적":"--",
            "전용률":"--",
            "욕실수":100,
            "현관타입":100,
            "주거총점":50.0,
            "지역구공급총점":100.0,
            "역세권":80,
            "30분내 이동가능 거점":100,
            "1시간내 이동가능 거점":100,
            "교통총점":90.0,
            "백화점":100,
            "아울렛몰":80,
            "대형마트":0,
            "은행":0,
            "병원":0,
            "종합병원":100,
            "공원":80,
            "혐오시설":0,
            "인프라총점":60.4,
            "초등학군":89.96,
            "중학군":50.44,
            "학군총점":58.344,
            "인구수":32.17,
            "인구증감":-14.67,
            "인구총점":18.118,
            "일자리":21.43,
            "소득수준":63.3,
            "일자리총점":33.991,
            "가치 총점":68.3716,
            "매매실거래년":20210623.0,
            "매매실거래가":650000.0,
            "전세실거래년":20210208.0,
            "전세실거래가":300000.0,
            "전세가율":81.08,
            "장기전세가율평균":67.55,
            "전세가율거품지수":-13.53,
            "검색코드":27620,
            "세대수":230.0,
            "준공년월":"2011-07-29",
            "준공년차":12.0,
            "가까운역이름":"서울숲",
            "가까운역거리":313.64,
            "역세권여부":"역세권",
            "30분이내주요거점역":6,
            "30분거점역이름":"['강남', '역삼', '을지로입구', '을지로3가', '왕십리', '명동']",
            "1시간이내주요거점역":16,
            "1시간거점역이름":"['강남', '역삼', '잠실', '판교', '여의도', '을지로입구', '을지로3가', '양재', '정자', '평촌', '가산디지털단지', '왕십리', '홍대입구', '구로디지털단지', '명동', '서현']",
            "3km이내백화점수":3,
            "5km이내아울렛몰수":1,
            "1km이내대형먀트수":0,
            "500m이내은행수":1,
            "500m이내병원수":0,
            "5km이내대형병원수":9,
            "500m이내공원수":1,
            "3km이내혐오시설수":0,
            "초등학교학업성취도":89.96,
            "중학교학업성취도":82.4,
            "용적률":399,
            "건폐율":41,
            "Y":37.545722,
            "X":127.042339,
            "rank":45.0,
            "area_info":"70평(231.99), 70평(232.59), 70평(232.15), 70평(232.48), 70평(232.59), 70평(232.54), 70평(233.32), 70평(233.33), 80평(266.75), 80평(266.35), 80평(266.58), 80평(266.42), 90평(297.69), 90평(297.86), 90평(297.59), 89평(297.48), 90평(297.94), 90평(297.92), 90평(298.81), 90평(298.23), 99평(329.46), 99평(329.44), 99평(329.58), 100평(332.87), 111평(369.51), 112평(371.8), 112평(371.48), 113평(375.32)",
            "last_sales":"2021-06-23,650000.0,99평(329.44)",
            "rank_history":[
                [
                    "202202",
                    45
                ],
                [
                    "202201",
                    60
                ]
            ],
            "rank_gap":15
        },
        {
            "index":36,
            "아파트명":"신금호파크자이",
            "투자타입":"일반",
            "전용면적(m2)":"81.2",
            "전용면적(평)":"24평",
            "법정동주소":"서울시 성동구 금호동2가 1",
            "도로명주소":"서울시 성동구 금호로 173",
            "세대수":90,
            "입주년차":80,
            "용적률점수":"--",
            "건폐율점수":"--",
            "세대당주차수":30,
            "난방방식":30,
            "공급면적":"--",
            "전용률":"--",
            "욕실수":100,
            "현관타입":100,
            "주거총점":75.0,
            "지역구공급총점":100.0,
            "역세권":80,
            "30분내 이동가능 거점":100,
            "1시간내 이동가능 거점":100,
            "교통총점":90.0,
            "백화점":0,
            "아울렛몰":100,
            "대형마트":80,
            "은행":0,
            "병원":0,
            "종합병원":100,
            "공원":80,
            "혐오시설":0,
            "인프라총점":44.4,
            "초등학군":90.0,
            "중학군":48.36,
            "학군총점":56.688,
            "인구수":32.17,
            "인구증감":-14.67,
            "인구총점":18.118,
            "일자리":21.43,
            "소득수준":63.3,
            "일자리총점":33.991,
            "가치 총점":68.3232,
            "매매실거래년":20210802.0,
            "매매실거래가":185000.0,
            "전세실거래년":null,
            "전세실거래가":null,
            "전세가율":null,
            "장기전세가율평균":67.55,
            "전세가율거품지수":null,
            "검색코드":110226,
            "세대수":1156.0,
            "준공년월":"2016-04-20",
            "준공년차":7.0,
            "가까운역이름":"신금호",
            "가까운역거리":179.35,
            "역세권여부":"역세권",
            "30분이내주요거점역":5,
            "30분거점역이름":"['여의도', '을지로입구', '을지로3가', '왕십리', '명동']",
            "1시간이내주요거점역":16,
            "1시간거점역이름":"['강남', '역삼', '잠실', '판교', '여의도', '을지로입구', '을지로3가', '양재', '평촌', '가산디지털단지', '왕십리', '홍대입구', '구로디지털단지', '명동', '서현', '마곡']",
            "3km이내백화점수":0,
            "5km이내아울렛몰수":2,
            "1km이내대형먀트수":1,
            "500m이내은행수":1,
            "500m이내병원수":0,
            "5km이내대형병원수":11,
            "500m이내공원수":1,
            "3km이내혐오시설수":0,
            "초등학교학업성취도":90.0,
            "중학교학업성취도":80.2,
            "용적률":217,
            "건폐율":18,
            "Y":37.555393,
            "X":127.018598,
            "rank":46.0,
            "area_info":"24평(81.2), 24평(81.54), 33평(109.15), 33평(109.1), 33평(109.1), 33평(110.61), 43평(142.92)",
            "last_sales":"2021-08-02,185000.0,43평(142.92)",
            "rank_history":[
                [
                    "202202",
                    46
                ],
                [
                    "202201",
                    48
                ]
            ],
            "rank_gap":2
        },
        {
            "index":522,
            "아파트명":"두산위브",
            "투자타입":"일반",
            "전용면적(m2)":"82.55",
            "전용면적(평)":"24평",
            "법정동주소":"서울시 성동구 행당동 375",
            "도로명주소":"서울시 성동구 행당로8길 8",
            "세대수":50,
            "입주년차":60,
            "용적률점수":"--",
            "건폐율점수":"--",
            "세대당주차수":30,
            "난방방식":30,
            "공급면적":"--",
            "전용률":"--",
            "욕실수":100,
            "현관타입":100,
            "주거총점":57.0,
            "지역구공급총점":100.0,
            "역세권":80,
            "30분내 이동가능 거점":100,
            "1시간내 이동가능 거점":100,
            "교통총점":90.0,
            "백화점":0,
            "아울렛몰":80,
            "대형마트":100,
            "은행":100,
            "병원":0,
            "종합병원":100,
            "공원":100,
            "혐오시설":0,
            "인프라총점":56.0,
            "초등학군":89.99,
            "중학군":48.8,
            "학군총점":57.038,
            "인구수":32.17,
            "인구증감":-14.67,
            "인구총점":18.118,
            "일자리":21.43,
            "소득수준":63.3,
            "일자리총점":33.991,
            "가치 총점":68.2557,
            "매매실거래년":20211022.0,
            "매매실거래가":130000.0,
            "전세실거래년":20220115.0,
            "전세실거래가":55650.0,
            "전세가율":42.81,
            "장기전세가율평균":67.55,
            "전세가율거품지수":24.74,
            "검색코드":26215,
            "세대수":465.0,
            "준공년월":"2009-12-01",
            "준공년차":14.0,
            "가까운역이름":"행당",
            "가까운역거리":260.86,
            "역세권여부":"역세권",
            "30분이내주요거점역":7,
            "30분거점역이름":"['강남', '역삼', '여의도', '을지로입구', '을지로3가', '왕십리', '명동']",
            "1시간이내주요거점역":15,
            "1시간거점역이름":"['강남', '역삼', '잠실', '판교', '여의도', '을지로입구', '을지로3가', '양재', '가산디지털단지', '왕십리', '홍대입구', '구로디지털단지', '명동', '서현', '마곡']",
            "3km이내백화점수":0,
            "5km이내아울렛몰수":1,
            "1km이내대형먀트수":2,
            "500m이내은행수":5,
            "500m이내병원수":0,
            "5km이내대형병원수":11,
            "500m이내공원수":4,
            "3km이내혐오시설수":0,
            "초등학교학업성취도":89.99,
            "중학교학업성취도":80.6,
            "용적률":231,
            "건폐율":22,
            "Y":37.55643,
            "X":127.032213,
            "rank":47.0,
            "area_info":"24평(82.55), 29평(99.14), 32평(107.62), 33평(110.6), 43평(143.33)",
            "last_sales":"2021-10-22,130000.0,24평(82.55)",
            "rank_history":[
                [
                    "202202",
                    47
                ],
                [
                    "202201",
                    3
                ]
            ],
            "rank_gap":-44
        },
        {
            "index":420,
            "아파트명":"힐데스하임(도시형)",
            "투자타입":"일반",
            "전용면적(m2)":"25.24",
            "전용면적(평)":"7평",
            "법정동주소":"서울시 성동구 용답동 233-1",
            "도로명주소":"서울시 성동구 천호대로 416",
            "세대수":0,
            "입주년차":100,
            "용적률점수":"--",
            "건폐율점수":"--",
            "세대당주차수":0,
            "난방방식":30,
            "공급면적":"--",
            "전용률":"--",
            "욕실수":50,
            "현관타입":100,
            "주거총점":38.0,
            "지역구공급총점":100.0,
            "역세권":100,
            "30분내 이동가능 거점":100,
            "1시간내 이동가능 거점":100,
            "교통총점":100.0,
            "백화점":100,
            "아울렛몰":0,
            "대형마트":0,
            "은행":100,
            "병원":0,
            "종합병원":100,
            "공원":0,
            "혐오시설":0,
            "인프라총점":60.0,
            "초등학군":90.01,
            "중학군":40.12,
            "학군총점":50.098,
            "인구수":32.17,
            "인구증감":-14.67,
            "인구총점":18.118,
            "일자리":21.43,
            "소득수준":63.3,
            "일자리총점":33.991,
            "가치 총점":68.1147,
            "매매실거래년":"18000101",
            "매매실거래가":null,
            "전세실거래년":null,
            "전세실거래가":null,
            "전세가율":null,
            "장기전세가율평균":67.55,
            "전세가율거품지수":null,
            "검색코드":132743,
            "세대수":170.0,
            "준공년월":"2020-03-02",
            "준공년차":3.0,
            "가까운역이름":"장한평",
            "가까운역거리":66.44,
            "역세권여부":"초역세권",
            "30분이내주요거점역":5,
            "30분거점역이름":"['잠실', '을지로입구', '을지로3가', '왕십리', '명동']",
            "1시간이내주요거점역":15,
            "1시간거점역이름":"['강남', '역삼', '잠실', '판교', '여의도', '을지로입구', '을지로3가', '양재', '가산디지털단지', '왕십리', '홍대입구', '구로디지털단지', '명동', '서현', '마곡']",
            "3km이내백화점수":2,
            "5km이내아울렛몰수":0,
            "1km이내대형먀트수":0,
            "500m이내은행수":5,
            "500m이내병원수":0,
            "5km이내대형병원수":9,
            "500m이내공원수":0,
            "3km이내혐오시설수":0,
            "초등학교학업성취도":90.01,
            "중학교학업성취도":66.2,
            "용적률":795,
            "건폐율":63,
            "Y":37.56098,
            "X":127.065104,
            "rank":48.0,
            "area_info":"7평(25.24), 11평(37.54), 14평(48.67)",
            "last_sales":"1800-01-01,nan,7평(25.24)",
            "rank_history":[
                [
                    "202202",
                    48
                ],
                [
                    "202201",
                    66
                ]
            ],
            "rank_gap":18
        },
        {
            "index":455,
            "아파트명":"무학현대",
            "투자타입":"일반",
            "전용면적(m2)":"97.86",
            "전용면적(평)":"29평",
            "법정동주소":"서울시 성동구 하왕십리동 992",
            "도로명주소":"서울시 성동구 무학봉길 49",
            "세대수":0,
            "입주년차":0,
            "용적률점수":"--",
            "건폐율점수":"--",
            "세대당주차수":0,
            "난방방식":30,
            "공급면적":"--",
            "전용률":"--",
            "욕실수":100,
            "현관타입":100,
            "주거총점":23.0,
            "지역구공급총점":100.0,
            "역세권":80,
            "30분내 이동가능 거점":100,
            "1시간내 이동가능 거점":100,
            "교통총점":90.0,
            "백화점":100,
            "아울렛몰":80,
            "대형마트":100,
            "은행":20,
            "병원":0,
            "종합병원":100,
            "공원":100,
            "혐오시설":0,
            "인프라총점":78.0,
            "초등학군":90.0,
            "중학군":48.8,
            "학군총점":57.04,
            "인구수":32.17,
            "인구증감":-14.67,
            "인구총점":18.118,
            "일자리":21.43,
            "소득수준":63.3,
            "일자리총점":33.991,
            "가치 총점":68.056,
            "매매실거래년":20211009.0,
            "매매실거래가":96000.0,
            "전세실거래년":20210726.0,
            "전세실거래가":35700.0,
            "전세가율":37.46,
            "장기전세가율평균":67.55,
            "전세가율거품지수":30.09,
            "검색코드":838,
            "세대수":277.0,
            "준공년월":"1996-03-15",
            "준공년차":27.0,
            "가까운역이름":"상왕십리",
            "가까운역거리":344.19,
            "역세권여부":"역세권",
            "30분이내주요거점역":6,
            "30분거점역이름":"['역삼', '을지로입구', '을지로3가', '왕십리', '홍대입구', '명동']",
            "1시간이내주요거점역":15,
            "1시간거점역이름":"['강남', '역삼', '잠실', '판교', '여의도', '을지로입구', '을지로3가', '양재', '가산디지털단지', '왕십리', '홍대입구', '구로디지털단지', '명동', '서현', '마곡']",
            "3km이내백화점수":1,
            "5km이내아울렛몰수":1,
            "1km이내대형먀트수":2,
            "500m이내은행수":2,
            "500m이내병원수":0,
            "5km이내대형병원수":11,
            "500m이내공원수":4,
            "3km이내혐오시설수":0,
            "초등학교학업성취도":90.0,
            "중학교학업성취도":80.6,
            "용적률":220,
            "건폐율":21,
            "Y":37.561433,
            "X":127.028062,
            "rank":49.0,
            "area_info":"29평(97.86), 29평(98.44)",
            "last_sales":"2021-10-09,96000.0,29평(98.44)",
            "rank_history":[
                [
                    "202202",
                    49
                ],
                [
                    "202201",
                    45
                ]
            ],
            "rank_gap":-4
        },
        {
            "index":231,
            "아파트명":"쌍용",
            "투자타입":"일반",
            "전용면적(m2)":"75.31",
            "전용면적(평)":"22평",
            "법정동주소":"서울시 성동구 성수동1가 706",
            "도로명주소":"서울시 성동구 상원길 63",
            "세대수":80,
            "입주년차":0,
            "용적률점수":"--",
            "건폐율점수":"--",
            "세대당주차수":30,
            "난방방식":30,
            "공급면적":"--",
            "전용률":"--",
            "욕실수":50,
            "현관타입":100,
            "주거총점":50.5,
            "지역구공급총점":100.0,
            "역세권":80,
            "30분내 이동가능 거점":80,
            "1시간내 이동가능 거점":100,
            "교통총점":84.0,
            "백화점":100,
            "아울렛몰":80,
            "대형마트":0,
            "은행":70,
            "병원":0,
            "종합병원":100,
            "공원":100,
            "혐오시설":-50,
            "인프라총점":67.0,
            "초등학군":89.98,
            "중학군":47.68,
            "학군총점":56.14,
            "인구수":32.17,
            "인구증감":-14.67,
            "인구총점":18.118,
            "일자리":21.43,
            "소득수준":63.3,
            "일자리총점":33.991,
            "가치 총점":68.021,
            "매매실거래년":20211211.0,
            "매매실거래가":139000.0,
            "전세실거래년":20220117.0,
            "전세실거래가":45000.0,
            "전세가율":32.37,
            "장기전세가율평균":67.55,
            "전세가율거품지수":35.18,
            "검색코드":556,
            "세대수":777.0,
            "준공년월":"1997-10-07",
            "준공년차":26.0,
            "가까운역이름":"뚝섬",
            "가까운역거리":238.2,
            "역세권여부":"역세권",
            "30분이내주요거점역":4,
            "30분거점역이름":"['을지로입구', '을지로3가', '왕십리', '명동']",
            "1시간이내주요거점역":15,
            "1시간거점역이름":"['강남', '역삼', '잠실', '판교', '여의도', '을지로입구', '을지로3가', '양재', '정자', '가산디지털단지', '왕십리', '홍대입구', '구로디지털단지', '명동', '서현']",
            "3km이내백화점수":2,
            "5km이내아울렛몰수":1,
            "1km이내대형먀트수":0,
            "500m이내은행수":3,
            "500m이내병원수":0,
            "5km이내대형병원수":11,
            "500m이내공원수":3,
            "3km이내혐오시설수":1,
            "초등학교학업성취도":89.98,
            "중학교학업성취도":79.0,
            "용적률":0,
            "건폐율":0,
            "Y":37.549326,
            "X":127.047333,
            "rank":50.0,
            "area_info":"22평(75.31), 30평(99.79)",
            "last_sales":"2021-12-11,139000.0,22평(75.31)",
            "rank_history":[
                [
                    "202202",
                    50
                ],
                [
                    "202201",
                    54
                ]
            ],
            "rank_gap":4
        },
        {
            "index":211,
            "아파트명":"서울숲대림",
            "투자타입":"일반",
            "전용면적(m2)":"83.25",
            "전용면적(평)":"25평",
            "법정동주소":"서울시 성동구 성수동1가 656-234",
            "도로명주소":"서울시 성동구 뚝섬로 311",
            "세대수":30,
            "입주년차":20,
            "용적률점수":"--",
            "건폐율점수":"--",
            "세대당주차수":30,
            "난방방식":30,
            "공급면적":"--",
            "전용률":"--",
            "욕실수":50,
            "현관타입":10,
            "주거총점":28.0,
            "지역구공급총점":100.0,
            "역세권":80,
            "30분내 이동가능 거점":100,
            "1시간내 이동가능 거점":100,
            "교통총점":90.0,
            "백화점":100,
            "아울렛몰":80,
            "대형마트":80,
            "은행":20,
            "병원":0,
            "종합병원":100,
            "공원":100,
            "혐오시설":0,
            "인프라총점":75.0,
            "초등학군":89.96,
            "중학군":47.68,
            "학군총점":56.136,
            "인구수":32.17,
            "인구증감":-14.67,
            "인구총점":18.118,
            "일자리":21.43,
            "소득수준":63.3,
            "일자리총점":33.991,
            "가치 총점":68.0204,
            "매매실거래년":20210830.0,
            "매매실거래가":145000.0,
            "전세실거래년":20220112.0,
            "전세실거래가":66000.0,
            "전세가율":45.52,
            "장기전세가율평균":67.55,
            "전세가율거품지수":22.03,
            "검색코드":3530,
            "세대수":372.0,
            "준공년월":"2000-10-27",
            "준공년차":23.0,
            "가까운역이름":"서울숲",
            "가까운역거리":187.39,
            "역세권여부":"역세권",
            "30분이내주요거점역":7,
            "30분거점역이름":"['강남', '역삼', '을지로입구', '을지로3가', '양재', '왕십리', '명동']",
            "1시간이내주요거점역":16,
            "1시간거점역이름":"['강남', '역삼', '잠실', '판교', '여의도', '을지로입구', '을지로3가', '양재', '정자', '평촌', '가산디지털단지', '왕십리', '홍대입구', '구로디지털단지', '명동', '서현']",
            "3km이내백화점수":3,
            "5km이내아울렛몰수":1,
            "1km이내대형먀트수":1,
            "500m이내은행수":2,
            "500m이내병원수":0,
            "5km이내대형병원수":8,
            "500m이내공원수":2,
            "3km이내혐오시설수":0,
            "초등학교학업성취도":89.96,
            "중학교학업성취도":79.0,
            "용적률":281,
            "건폐율":27,
            "Y":37.541984,
            "X":127.045232,
            "rank":51.0,
            "area_info":"25평(83.25), 28평(94.22), 29평(98.5), 31평(102.61)",
            "last_sales":"2021-08-30,145000.0,25평(83.25)",
            "rank_history":[
                [
                    "202202",
                    51
                ],
                [
                    "202201",
                    52
                ]
            ],
            "rank_gap":1
        },
        {
            "index":581,
            "아파트명":"청계대주파크빌",
            "투자타입":"일반",
            "전용면적(m2)":"90.68",
            "전용면적(평)":"27평",
            "법정동주소":"서울시 성동구 홍익동 53",
            "도로명주소":"서울시 성동구 무학로12길 11",
            "세대수":0,
            "입주년차":40,
            "용적률점수":"--",
            "건폐율점수":"--",
            "세대당주차수":30,
            "난방방식":30,
            "공급면적":"--",
            "전용률":"--",
            "욕실수":100,
            "현관타입":100,
            "주거총점":35.5,
            "지역구공급총점":100.0,
            "역세권":80,
            "30분내 이동가능 거점":80,
            "1시간내 이동가능 거점":100,
            "교통총점":84.0,
            "백화점":100,
            "아울렛몰":80,
            "대형마트":100,
            "은행":20,
            "병원":0,
            "종합병원":100,
            "공원":100,
            "혐오시설":-100,
            "인프라총점":76.0,
            "초등학군":89.97,
            "중학군":47.3,
            "학군총점":55.834,
            "인구수":32.17,
            "인구증감":-14.67,
            "인구총점":18.118,
            "일자리":21.43,
            "소득수준":63.3,
            "일자리총점":33.991,
            "가치 총점":67.6751,
            "매매실거래년":20211129.0,
            "매매실거래가":104000.0,
            "전세실거래년":null,
            "전세실거래가":null,
            "전세가율":null,
            "장기전세가율평균":67.55,
            "전세가율거품지수":null,
            "검색코드":22692,
            "세대수":101.0,
            "준공년월":"2005-11-23",
            "준공년차":18.0,
            "가까운역이름":"상왕십리",
            "가까운역거리":369.16,
            "역세권여부":"역세권",
            "30분이내주요거점역":4,
            "30분거점역이름":"['을지로입구', '을지로3가', '왕십리', '명동']",
            "1시간이내주요거점역":16,
            "1시간거점역이름":"['강남', '역삼', '잠실', '판교', '여의도', '을지로입구', '을지로3가', '양재', '평촌', '가산디지털단지', '왕십리', '홍대입구', '구로디지털단지', '명동', '서현', '마곡']",
            "3km이내백화점수":1,
            "5km이내아울렛몰수":1,
            "1km이내대형먀트수":2,
            "500m이내은행수":2,
            "500m이내병원수":0,
            "5km이내대형병원수":11,
            "500m이내공원수":4,
            "3km이내혐오시설수":4,
            "초등학교학업성취도":89.97,
            "중학교학업성취도":76.9,
            "용적률":248,
            "건폐율":19,
            "Y":37.567307,
            "X":127.031268,
            "rank":52.0,
            "area_info":"27평(90.68), 28평(94.7), 29평(97.21), 30평(100.04), 30평(102.23), 30평(102.32), 30평(102.4)",
            "last_sales":"2021-11-29,104000.0,30평(102.4)",
            "rank_history":[
                [
                    "202202",
                    52
                ],
                [
                    "202201",
                    56
                ]
            ],
            "rank_gap":4
        },
        {
            "index":8,
            "아파트명":"금호삼성래미안",
            "투자타입":"일반",
            "전용면적(m2)":"78.46",
            "전용면적(평)":"23평",
            "법정동주소":"서울시 성동구 금호동1가 1500",
            "도로명주소":"서울시 성동구 독서당로 343",
            "세대수":50,
            "입주년차":20,
            "용적률점수":"--",
            "건폐율점수":"--",
            "세대당주차수":30,
            "난방방식":30,
            "공급면적":"--",
            "전용률":"--",
            "욕실수":100,
            "현관타입":100,
            "주거총점":49.0,
            "지역구공급총점":100.0,
            "역세권":50,
            "30분내 이동가능 거점":100,
            "1시간내 이동가능 거점":100,
            "교통총점":75.0,
            "백화점":100,
            "아울렛몰":80,
            "대형마트":80,
            "은행":20,
            "병원":0,
            "종합병원":100,
            "공원":100,
            "혐오시설":0,
            "인프라총점":75.0,
            "초등학군":89.98,
            "중학군":52.34,
            "학군총점":59.868,
            "인구수":32.17,
            "인구증감":-14.67,
            "인구총점":18.118,
            "일자리":21.43,
            "소득수준":63.3,
            "일자리총점":33.991,
            "가치 총점":67.5302,
            "매매실거래년":20211201.0,
            "매매실거래가":120000.0,
            "전세실거래년":20220125.0,
            "전세실거래가":46200.0,
            "전세가율":38.5,
            "장기전세가율평균":67.55,
            "전세가율거품지수":29.05,
            "검색코드":3417,
            "세대수":582.0,
            "준공년월":"2001-10-31",
            "준공년차":22.0,
            "가까운역이름":"응봉",
            "가까운역거리":637.4,
            "역세권여부":"준역세권",
            "30분이내주요거점역":5,
            "30분거점역이름":"['강남', '역삼', '을지로3가', '왕십리', '명동']",
            "1시간이내주요거점역":12,
            "1시간거점역이름":"['강남', '역삼', '잠실', '판교', '여의도', '을지로입구', '을지로3가', '양재', '가산디지털단지', '왕십리', '홍대입구', '명동']",
            "3km이내백화점수":2,
            "5km이내아울렛몰수":1,
            "1km이내대형먀트수":1,
            "500m이내은행수":2,
            "500m이내병원수":0,
            "5km이내대형병원수":10,
            "500m이내공원수":4,
            "3km이내혐오시설수":0,
            "초등학교학업성취도":89.98,
            "중학교학업성취도":85.9,
            "용적률":227,
            "건폐율":20,
            "Y":37.549587,
            "X":127.027322,
            "rank":53.0,
            "area_info":"23평(78.46), 31평(105.33), 42평(138.88)",
            "last_sales":"2021-12-01,120000.0,23평(78.46)",
            "rank_history":[
                [
                    "202202",
                    53
                ],
                [
                    "202201",
                    58
                ]
            ],
            "rank_gap":5
        },
        {
            "index":288,
            "아파트명":"한양현대",
            "투자타입":"일반",
            "전용면적(m2)":"84.24",
            "전용면적(평)":"25평",
            "법정동주소":"서울시 성동구 성수동1가 707",
            "도로명주소":"서울시 성동구 상원1길 17",
            "세대수":0,
            "입주년차":20,
            "용적률점수":"--",
            "건폐율점수":"--",
            "세대당주차수":0,
            "난방방식":30,
            "공급면적":"--",
            "전용률":"--",
            "욕실수":50,
            "현관타입":10,
            "주거총점":13.0,
            "지역구공급총점":100.0,
            "역세권":80,
            "30분내 이동가능 거점":100,
            "1시간내 이동가능 거점":100,
            "교통총점":90.0,
            "백화점":100,
            "아울렛몰":80,
            "대형마트":80,
            "은행":100,
            "병원":0,
            "종합병원":100,
            "공원":100,
            "혐오시설":0,
            "인프라총점":83.0,
            "초등학군":89.98,
            "중학군":47.68,
            "학군총점":56.14,
            "인구수":32.17,
            "인구증감":-14.67,
            "인구총점":18.118,
            "일자리":21.43,
            "소득수준":63.3,
            "일자리총점":33.991,
            "가치 총점":67.421,
            "매매실거래년":20210911.0,
            "매매실거래가":115000.0,
            "전세실거래년":20211117.0,
            "전세실거래가":50000.0,
            "전세가율":43.48,
            "장기전세가율평균":67.55,
            "전세가율거품지수":24.07,
            "검색코드":1176,
            "세대수":168.0,
            "준공년월":"1999-01-13",
            "준공년차":24.0,
            "가까운역이름":"뚝섬",
            "가까운역거리":187.15,
            "역세권여부":"역세권",
            "30분이내주요거점역":7,
            "30분거점역이름":"['강남', '역삼', '잠실', '을지로입구', '을지로3가', '왕십리', '명동']",
            "1시간이내주요거점역":15,
            "1시간거점역이름":"['강남', '역삼', '잠실', '판교', '여의도', '을지로입구', '을지로3가', '양재', '정자', '가산디지털단지', '왕십리', '홍대입구', '구로디지털단지', '명동', '서현']",
            "3km이내백화점수":3,
            "5km이내아울렛몰수":1,
            "1km이내대형먀트수":1,
            "500m이내은행수":6,
            "500m이내병원수":0,
            "5km이내대형병원수":10,
            "500m이내공원수":3,
            "3km이내혐오시설수":0,
            "초등학교학업성취도":89.98,
            "중학교학업성취도":79.0,
            "용적률":314,
            "건폐율":31,
            "Y":37.545565,
            "X":127.047947,
            "rank":54.0,
            "area_info":"25평(84.24), 32평(107.77)",
            "last_sales":"2021-09-11,115000.0,25평(84.24)",
            "rank_history":[
                [
                    "202202",
                    54
                ],
                [
                    "202201",
                    54
                ]
            ],
            "rank_gap":0
        },
        {
            "index":78,
            "아파트명":"서울숲푸르지오1차",
            "투자타입":"일반",
            "전용면적(m2)":"73.07",
            "전용면적(평)":"22평",
            "법정동주소":"서울시 성동구 금호동4가 340",
            "도로명주소":"서울시 성동구 금호로 15",
            "세대수":80,
            "입주년차":40,
            "용적률점수":"--",
            "건폐율점수":"--",
            "세대당주차수":30,
            "난방방식":30,
            "공급면적":"--",
            "전용률":"--",
            "욕실수":50,
            "현관타입":100,
            "주거총점":58.5,
            "지역구공급총점":100.0,
            "역세권":50,
            "30분내 이동가능 거점":100,
            "1시간내 이동가능 거점":100,
            "교통총점":75.0,
            "백화점":100,
            "아울렛몰":100,
            "대형마트":0,
            "은행":70,
            "병원":0,
            "종합병원":100,
            "공원":100,
            "혐오시설":0,
            "인프라총점":70.0,
            "초등학군":89.97,
            "중학군":47.98,
            "학군총점":56.378,
            "인구수":32.17,
            "인구증감":-14.67,
            "인구총점":18.118,
            "일자리":21.43,
            "소득수준":63.3,
            "일자리총점":33.991,
            "가치 총점":67.4067,
            "매매실거래년":20211222.0,
            "매매실거래가":171000.0,
            "전세실거래년":20220122.0,
            "전세실거래가":52500.0,
            "전세가율":35.0,
            "장기전세가율평균":67.55,
            "전세가율거품지수":32.55,
            "검색코드":18541,
            "세대수":888.0,
            "준공년월":"2007-07-31",
            "준공년차":16.0,
            "가까운역이름":"옥수",
            "가까운역거리":604.84,
            "역세권여부":"준역세권",
            "30분이내주요거점역":5,
            "30분거점역이름":"['역삼', '을지로입구', '을지로3가', '왕십리', '명동']",
            "1시간이내주요거점역":14,
            "1시간거점역이름":"['강남', '역삼', '잠실', '판교', '여의도', '을지로입구', '을지로3가', '양재', '정자', '가산디지털단지', '왕십리', '홍대입구', '구로디지털단지', '명동']",
            "3km이내백화점수":2,
            "5km이내아울렛몰수":2,
            "1km이내대형먀트수":0,
            "500m이내은행수":3,
            "500m이내병원수":0,
            "5km이내대형병원수":9,
            "500m이내공원수":2,
            "3km이내혐오시설수":0,
            "초등학교학업성취도":89.97,
            "중학교학업성취도":78.9,
            "용적률":228,
            "건폐율":22,
            "Y":37.544958,
            "X":127.02221,
            "rank":55.0,
            "area_info":"22평(73.07), 23평(76.26), 23평(77.67), 31평(102.79), 31평(102.69), 31평(103.06), 38평(125.65), 41평(135.57), 41평(136.2)",
            "last_sales":"2021-12-22,171000.0,31평(102.69)",
            "rank_history":[
                [
                    "202202",
                    55
                ],
                [
                    "202201",
                    53
                ]
            ],
            "rank_gap":-2
        },
        {
            "index":555,
            "아파트명":"서울숲행당푸르지오",
            "투자타입":"일반",
            "전용면적(m2)":"79.53",
            "전용면적(평)":"24평",
            "법정동주소":"서울시 성동구 행당동 376",
            "도로명주소":"서울시 성동구 고산자로 177",
            "세대수":50,
            "입주년차":60,
            "용적률점수":"--",
            "건폐율점수":"--",
            "세대당주차수":30,
            "난방방식":30,
            "공급면적":"--",
            "전용률":"--",
            "욕실수":100,
            "현관타입":100,
            "주거총점":57.0,
            "지역구공급총점":100.0,
            "역세권":80,
            "30분내 이동가능 거점":100,
            "1시간내 이동가능 거점":100,
            "교통총점":90.0,
            "백화점":0,
            "아울렛몰":80,
            "대형마트":100,
            "은행":70,
            "병원":0,
            "종합병원":100,
            "공원":100,
            "혐오시설":0,
            "인프라총점":53.0,
            "초등학군":89.99,
            "중학군":48.8,
            "학군총점":57.038,
            "인구수":32.17,
            "인구증감":-14.67,
            "인구총점":18.118,
            "일자리":21.43,
            "소득수준":63.3,
            "일자리총점":33.991,
            "가치 총점":67.3557,
            "매매실거래년":20210914.0,
            "매매실거래가":134800.0,
            "전세실거래년":20211208.0,
            "전세실거래가":75000.0,
            "전세가율":57.69,
            "장기전세가율평균":67.55,
            "전세가율거품지수":9.86,
            "검색코드":27044,
            "세대수":457.0,
            "준공년월":"2011-05-02",
            "준공년차":12.0,
            "가까운역이름":"행당",
            "가까운역거리":389.17,
            "역세권여부":"역세권",
            "30분이내주요거점역":6,
            "30분거점역이름":"['강남', '역삼', '을지로입구', '을지로3가', '왕십리', '명동']",
            "1시간이내주요거점역":15,
            "1시간거점역이름":"['강남', '역삼', '잠실', '판교', '여의도', '을지로입구', '을지로3가', '양재', '가산디지털단지', '왕십리', '홍대입구', '구로디지털단지', '명동', '서현', '마곡']",
            "3km이내백화점수":0,
            "5km이내아울렛몰수":1,
            "1km이내대형먀트수":2,
            "500m이내은행수":4,
            "500m이내병원수":0,
            "5km이내대형병원수":12,
            "500m이내공원수":3,
            "3km이내혐오시설수":0,
            "초등학교학업성취도":89.99,
            "중학교학업성취도":80.6,
            "용적률":224,
            "건폐율":24,
            "Y":37.5559,
            "X":127.03351,
            "rank":56.0,
            "area_info":"24평(79.53), 25평(82.97), 33평(111.38), 33평(111.11), 43평(143.75)",
            "last_sales":"2021-09-14,134800.0,33평(111.38)",
            "rank_history":[
                [
                    "202202",
                    56
                ],
                [
                    "202201",
                    4
                ]
            ],
            "rank_gap":-52
        },
        {
            "index":172,
            "아파트명":"강변건영",
            "투자타입":"일반",
            "전용면적(m2)":"95.56",
            "전용면적(평)":"28평",
            "법정동주소":"서울시 성동구 성수동1가 710",
            "도로명주소":"서울시 성동구 왕십리로 36",
            "세대수":50,
            "입주년차":20,
            "용적률점수":"--",
            "건폐율점수":"--",
            "세대당주차수":30,
            "난방방식":30,
            "공급면적":"--",
            "전용률":"--",
            "욕실수":100,
            "현관타입":100,
            "주거총점":49.0,
            "지역구공급총점":100.0,
            "역세권":80,
            "30분내 이동가능 거점":60,
            "1시간내 이동가능 거점":100,
            "교통총점":78.0,
            "백화점":100,
            "아울렛몰":80,
            "대형마트":80,
            "은행":0,
            "병원":0,
            "종합병원":100,
            "공원":80,
            "혐오시설":0,
            "인프라총점":72.4,
            "초등학군":89.96,
            "중학군":47.68,
            "학군총점":56.136,
            "인구수":32.17,
            "인구증감":-14.67,
            "인구총점":18.118,
            "일자리":21.43,
            "소득수준":63.3,
            "일자리총점":33.991,
            "가치 총점":67.2404,
            "매매실거래년":20211124.0,
            "매매실거래가":179500.0,
            "전세실거래년":20211125.0,
            "전세실거래가":85000.0,
            "전세가율":42.61,
            "장기전세가율평균":67.55,
            "전세가율거품지수":24.94,
            "검색코드":3418,
            "세대수":580.0,
            "준공년월":"2002-02-19",
            "준공년차":21.0,
            "가까운역이름":"서울숲",
            "가까운역거리":375.59,
            "역세권여부":"역세권",
            "30분이내주요거점역":3,
            "30분거점역이름":"['강남', '역삼', '왕십리']",
            "1시간이내주요거점역":16,
            "1시간거점역이름":"['강남', '역삼', '잠실', '판교', '여의도', '을지로입구', '을지로3가', '양재', '정자', '평촌', '가산디지털단지', '왕십리', '홍대입구', '구로디지털단지', '명동', '서현']",
            "3km이내백화점수":3,
            "5km이내아울렛몰수":1,
            "1km이내대형먀트수":1,
            "500m이내은행수":0,
            "500m이내병원수":0,
            "5km이내대형병원수":8,
            "500m이내공원수":1,
            "3km이내혐오시설수":0,
            "초등학교학업성취도":89.96,
            "중학교학업성취도":79.0,
            "용적률":301,
            "건폐율":20,
            "Y":37.540242,
            "X":127.04488,
            "rank":57.0,
            "area_info":"28평(95.56), 33평(109.84), 33평(109.82)",
            "last_sales":"2021-11-24,179500.0,33평(109.82)",
            "rank_history":[
                [
                    "202202",
                    57
                ],
                [
                    "202201",
                    70
                ]
            ],
            "rank_gap":13
        },
        {
            "index":203,
            "아파트명":"동아",
            "투자타입":"재건축",
            "전용면적(m2)":"57.76",
            "전용면적(평)":"17평",
            "법정동주소":"서울시 성동구 성수동1가 656-320",
            "도로명주소":"서울시 성동구 왕십리로 80",
            "세대수":30,
            "입주년차":"--",
            "용적률점수":0,
            "건폐율점수":0,
            "세대당주차수":"--",
            "난방방식":"--",
            "공급면적":50,
            "전용률":100,
            "욕실수":"--",
            "현관타입":"--",
            "주거총점":16.5,
            "지역구공급총점":100.0,
            "역세권":80,
            "30분내 이동가능 거점":100,
            "1시간내 이동가능 거점":100,
            "교통총점":90.0,
            "백화점":100,
            "아울렛몰":80,
            "대형마트":80,
            "은행":70,
            "병원":0,
            "종합병원":100,
            "공원":100,
            "혐오시설":0,
            "인프라총점":80.0,
            "초등학군":89.98,
            "중학군":47.68,
            "학군총점":56.14,
            "인구수":32.17,
            "인구증감":-14.67,
            "인구총점":18.118,
            "일자리":21.43,
            "소득수준":63.3,
            "일자리총점":33.991,
            "가치 총점":67.221,
            "매매실거래년":20210627.0,
            "매매실거래가":172500.0,
            "전세실거래년":20220124.0,
            "전세실거래가":29000.0,
            "전세가율":26.48,
            "장기전세가율평균":67.55,
            "전세가율거품지수":41.07,
            "검색코드":553,
            "세대수":390.0,
            "준공년월":"1983-09-03",
            "준공년차":40.0,
            "가까운역이름":"서울숲",
            "가까운역거리":170.3,
            "역세권여부":"역세권",
            "30분이내주요거점역":8,
            "30분거점역이름":"['강남', '역삼', '여의도', '을지로입구', '을지로3가', '양재', '왕십리', '명동']",
            "1시간이내주요거점역":16,
            "1시간거점역이름":"['강남', '역삼', '잠실', '판교', '여의도', '을지로입구', '을지로3가', '양재', '정자', '평촌', '가산디지털단지', '왕십리', '홍대입구', '구로디지털단지', '명동', '서현']",
            "3km이내백화점수":3,
            "5km이내아울렛몰수":1,
            "1km이내대형먀트수":1,
            "500m이내은행수":4,
            "500m이내병원수":0,
            "5km이내대형병원수":8,
            "500m이내공원수":3,
            "3km이내혐오시설수":0,
            "초등학교학업성취도":89.98,
            "중학교학업성취도":79.0,
            "용적률":0,
            "건폐율":0,
            "Y":37.544605,
            "X":127.046183,
            "rank":58.0,
            "area_info":"17평(57.76), 17평(57.07), 17평(57.35), 17평(57.37), 31평(104.53), 31평(104.2), 31평(104.18), 31평(105.45)",
            "last_sales":"2021-06-27,172500.0,31평(105.45)",
            "rank_history":[
                [
                    "202202",
                    58
                ],
                [
                    "202201",
                    61
                ]
            ],
            "rank_gap":3
        },
        {
            "index":510,
            "아파트명":"한신무학",
            "투자타입":"재건축",
            "전용면적(m2)":"74.15",
            "전용면적(평)":"22평",
            "법정동주소":"서울시 성동구 하왕십리동 990",
            "도로명주소":"서울시 성동구 왕십리로31나길 22",
            "세대수":50,
            "입주년차":"--",
            "용적률점수":0,
            "건폐율점수":0,
            "세대당주차수":"--",
            "난방방식":"--",
            "공급면적":50,
            "전용률":80,
            "욕실수":"--",
            "현관타입":"--",
            "주거총점":21.5,
            "지역구공급총점":100.0,
            "역세권":80,
            "30분내 이동가능 거점":100,
            "1시간내 이동가능 거점":100,
            "교통총점":90.0,
            "백화점":100,
            "아울렛몰":80,
            "대형마트":100,
            "은행":20,
            "병원":0,
            "종합병원":100,
            "공원":100,
            "혐오시설":-100,
            "인프라총점":76.0,
            "초등학군":90.0,
            "중학군":48.8,
            "학군총점":57.04,
            "인구수":32.17,
            "인구증감":-14.67,
            "인구총점":18.118,
            "일자리":21.43,
            "소득수준":63.3,
            "일자리총점":33.991,
            "가치 총점":67.156,
            "매매실거래년":20210708.0,
            "매매실거래가":134000.0,
            "전세실거래년":20211006.0,
            "전세실거래가":37485.0,
            "전세가율":43.14,
            "장기전세가율평균":67.55,
            "전세가율거품지수":24.41,
            "검색코드":574,
            "세대수":480.0,
            "준공년월":"1989-03-30",
            "준공년차":34.0,
            "가까운역이름":"상왕십리",
            "가까운역거리":186.2,
            "역세권여부":"역세권",
            "30분이내주요거점역":5,
            "30분거점역이름":"['을지로입구', '을지로3가', '왕십리', '홍대입구', '명동']",
            "1시간이내주요거점역":15,
            "1시간거점역이름":"['강남', '역삼', '잠실', '판교', '여의도', '을지로입구', '을지로3가', '양재', '가산디지털단지', '왕십리', '홍대입구', '구로디지털단지', '명동', '서현', '마곡']",
            "3km이내백화점수":1,
            "5km이내아울렛몰수":1,
            "1km이내대형먀트수":2,
            "500m이내은행수":2,
            "500m이내병원수":0,
            "5km이내대형병원수":11,
            "500m이내공원수":5,
            "3km이내혐오시설수":3,
            "초등학교학업성취도":90.0,
            "중학교학업성취도":80.6,
            "용적률":0,
            "건폐율":0,
            "Y":37.56278,
            "X":127.028633,
            "rank":59.0,
            "area_info":"22평(74.15), 27평(90.29), 28평(93.73), 34평(113.41), 36평(119.1), 41평(136.03), 43평(143.51)",
            "last_sales":"2021-07-08,134000.0,41평(136.03)",
            "rank_history":[
                [
                    "202202",
                    59
                ],
                [
                    "202201",
                    62
                ]
            ],
            "rank_gap":3
        },
        {
            "index":11,
            "아파트명":"벽산",
            "투자타입":"일반",
            "전용면적(m2)":"78.09",
            "전용면적(평)":"23평",
            "법정동주소":"서울시 성동구 금호동1가 633",
            "도로명주소":"서울시 성동구 금호로 100",
            "세대수":100,
            "입주년차":20,
            "용적률점수":"--",
            "건폐율점수":"--",
            "세대당주차수":60,
            "난방방식":30,
            "공급면적":"--",
            "전용률":"--",
            "욕실수":50,
            "현관타입":10,
            "주거총점":57.0,
            "지역구공급총점":100.0,
            "역세권":50,
            "30분내 이동가능 거점":80,
            "1시간내 이동가능 거점":100,
            "교통총점":69.0,
            "백화점":100,
            "아울렛몰":100,
            "대형마트":80,
            "은행":0,
            "병원":0,
            "종합병원":100,
            "공원":100,
            "혐오시설":0,
            "인프라총점":75.0,
            "초등학군":89.98,
            "중학군":52.34,
            "학군총점":59.868,
            "인구수":32.17,
            "인구증감":-14.67,
            "인구총점":18.118,
            "일자리":21.43,
            "소득수준":63.3,
            "일자리총점":33.991,
            "가치 총점":67.0302,
            "매매실거래년":20210914.0,
            "매매실거래가":160000.0,
            "전세실거래년":null,
            "전세실거래가":null,
            "전세가율":null,
            "장기전세가율평균":67.55,
            "전세가율거품지수":null,
            "검색코드":1286,
            "세대수":1707.0,
            "준공년월":"2001-12-03",
            "준공년차":22.0,
            "가까운역이름":"응봉",
            "가까운역거리":644.47,
            "역세권여부":"준역세권",
            "30분이내주요거점역":4,
            "30분거점역이름":"['강남', '역삼', '왕십리', '명동']",
            "1시간이내주요거점역":12,
            "1시간거점역이름":"['강남', '역삼', '잠실', '판교', '여의도', '을지로입구', '을지로3가', '양재', '평촌', '왕십리', '홍대입구', '명동']",
            "3km이내백화점수":2,
            "5km이내아울렛몰수":2,
            "1km이내대형먀트수":1,
            "500m이내은행수":0,
            "500m이내병원수":0,
            "5km이내대형병원수":9,
            "500m이내공원수":4,
            "3km이내혐오시설수":0,
            "초등학교학업성취도":89.98,
            "중학교학업성취도":85.9,
            "용적률":219,
            "건폐율":16,
            "Y":37.551453,
            "X":127.027479,
            "rank":60.0,
            "area_info":"23평(78.09), 26평(86.44), 32평(108.59), 33평(110.58), 42평(141.41)",
            "last_sales":"2021-09-14,160000.0,42평(141.41)",
            "rank_history":[
                [
                    "202202",
                    60
                ],
                [
                    "202201",
                    72
                ]
            ],
            "rank_gap":12
        },
        {
            "index":338,
            "아파트명":"성수우방2차",
            "투자타입":"일반",
            "전용면적(m2)":"80.25",
            "전용면적(평)":"24평",
            "법정동주소":"서울시 성동구 성수동2가 286",
            "도로명주소":"서울시 성동구 성수일로10길 3",
            "세대수":0,
            "입주년차":20,
            "용적률점수":"--",
            "건폐율점수":"--",
            "세대당주차수":0,
            "난방방식":30,
            "공급면적":"--",
            "전용률":"--",
            "욕실수":50,
            "현관타입":50,
            "주거총점":17.0,
            "지역구공급총점":100.0,
            "역세권":80,
            "30분내 이동가능 거점":100,
            "1시간내 이동가능 거점":100,
            "교통총점":90.0,
            "백화점":100,
            "아울렛몰":80,
            "대형마트":80,
            "은행":70,
            "병원":0,
            "종합병원":100,
            "공원":100,
            "혐오시설":-50,
            "인프라총점":79.0,
            "초등학군":89.98,
            "중학군":47.68,
            "학군총점":56.14,
            "인구수":32.17,
            "인구증감":-14.67,
            "인구총점":18.118,
            "일자리":21.43,
            "소득수준":63.3,
            "일자리총점":33.991,
            "가치 총점":67.021,
            "매매실거래년":20211022.0,
            "매매실거래가":120000.0,
            "전세실거래년":20210924.0,
            "전세실거래가":36750.0,
            "전세가율":43.24,
            "장기전세가율평균":67.55,
            "전세가율거품지수":24.31,
            "검색코드":324,
            "세대수":221.0,
            "준공년월":"1999-12-08",
            "준공년차":24.0,
            "가까운역이름":"뚝섬",
            "가까운역거리":406.24,
            "역세권여부":"역세권",
            "30분이내주요거점역":5,
            "30분거점역이름":"['잠실', '을지로입구', '을지로3가', '왕십리', '명동']",
            "1시간이내주요거점역":16,
            "1시간거점역이름":"['강남', '역삼', '잠실', '판교', '여의도', '을지로입구', '을지로3가', '양재', '정자', '평촌', '가산디지털단지', '왕십리', '홍대입구', '구로디지털단지', '명동', '서현']",
            "3km이내백화점수":2,
            "5km이내아울렛몰수":1,
            "1km이내대형먀트수":1,
            "500m이내은행수":4,
            "500m이내병원수":0,
            "5km이내대형병원수":11,
            "500m이내공원수":4,
            "3km이내혐오시설수":1,
            "초등학교학업성취도":89.98,
            "중학교학업성취도":79.0,
            "용적률":372,
            "건폐율":26,
            "Y":37.548371,
            "X":127.051725,
            "rank":61.0,
            "area_info":"24평(80.25), 28평(95.63), 34평(113.56), 34평(113.69)",
            "last_sales":"2021-10-22,120000.0,34평(113.56)",
            "rank_history":[
                [
                    "202202",
                    61
                ],
                [
                    "202201",
                    59
                ]
            ],
            "rank_gap":-2
        },
        {
            "index":61,
            "아파트명":"두산",
            "투자타입":"일반",
            "전용면적(m2)":"82.29",
            "전용면적(평)":"24평",
            "법정동주소":"서울시 성동구 금호동3가 1331",
            "도로명주소":"서울시 성동구 동호로 100",
            "세대수":90,
            "입주년차":0,
            "용적률점수":"--",
            "건폐율점수":"--",
            "세대당주차수":0,
            "난방방식":30,
            "공급면적":"--",
            "전용률":"--",
            "욕실수":50,
            "현관타입":10,
            "주거총점":40.5,
            "지역구공급총점":100.0,
            "역세권":80,
            "30분내 이동가능 거점":100,
            "1시간내 이동가능 거점":100,
            "교통총점":90.0,
            "백화점":100,
            "아울렛몰":100,
            "대형마트":0,
            "은행":0,
            "병원":0,
            "종합병원":100,
            "공원":100,
            "혐오시설":0,
            "인프라총점":63.0,
            "초등학군":89.97,
            "중학군":48.36,
            "학군총점":56.682,
            "인구수":32.17,
            "인구증감":-14.67,
            "인구총점":18.118,
            "일자리":21.43,
            "소득수준":63.3,
            "일자리총점":33.991,
            "가치 총점":67.0023,
            "매매실거래년":20211025.0,
            "매매실거래가":120000.0,
            "전세실거래년":20220122.0,
            "전세실거래가":34650.0,
            "전세가율":28.88,
            "장기전세가율평균":67.55,
            "전세가율거품지수":38.67,
            "검색코드":547,
            "세대수":1267.0,
            "준공년월":"1994-09-16",
            "준공년차":29.0,
            "가까운역이름":"금호",
            "가까운역거리":299.15,
            "역세권여부":"역세권",
            "30분이내주요거점역":7,
            "30분거점역이름":"['강남', '역삼', '을지로입구', '을지로3가', '양재', '왕십리', '명동']",
            "1시간이내주요거점역":17,
            "1시간거점역이름":"['강남', '역삼', '잠실', '판교', '여의도', '을지로입구', '을지로3가', '양재', '정자', '평촌', '가산디지털단지', '왕십리', '홍대입구', '구로디지털단지', '명동', '서현', '마곡']",
            "3km이내백화점수":1,
            "5km이내아울렛몰수":2,
            "1km이내대형먀트수":0,
            "500m이내은행수":1,
            "500m이내병원수":0,
            "5km이내대형병원수":10,
            "500m이내공원수":2,
            "3km이내혐오시설수":0,
            "초등학교학업성취도":89.97,
            "중학교학업성취도":80.2,
            "용적률":249,
            "건폐율":21,
            "Y":37.550686,
            "X":127.016443,
            "rank":62.0,
            "area_info":"24평(82.29), 29평(96.92), 31평(104.52), 41평(136.35), 43평(144.3), 43평(145.16)",
            "last_sales":"2021-10-25,120000.0,24평(82.29)",
            "rank_history":[
                [
                    "202202",
                    62
                ],
                [
                    "202201",
                    63
                ]
            ],
            "rank_gap":1
        },
        {
            "index":517,
            "아파트명":"한진해모로",
            "투자타입":"일반",
            "전용면적(m2)":"77.88",
            "전용면적(평)":"23평",
            "법정동주소":"서울시 성동구 하왕십리동 1050",
            "도로명주소":"서울시 성동구 왕십리로31길 20",
            "세대수":30,
            "입주년차":20,
            "용적률점수":"--",
            "건폐율점수":"--",
            "세대당주차수":0,
            "난방방식":30,
            "공급면적":"--",
            "전용률":"--",
            "욕실수":50,
            "현관타입":10,
            "주거총점":23.5,
            "지역구공급총점":100.0,
            "역세권":80,
            "30분내 이동가능 거점":100,
            "1시간내 이동가능 거점":100,
            "교통총점":90.0,
            "백화점":100,
            "아울렛몰":80,
            "대형마트":100,
            "은행":0,
            "병원":0,
            "종합병원":100,
            "공원":100,
            "혐오시설":-100,
            "인프라총점":74.0,
            "초등학군":90.0,
            "중학군":48.8,
            "학군총점":57.04,
            "인구수":32.17,
            "인구증감":-14.67,
            "인구총점":18.118,
            "일자리":21.43,
            "소득수준":63.3,
            "일자리총점":33.991,
            "가치 총점":66.956,
            "매매실거래년":20210710.0,
            "매매실거래가":97000.0,
            "전세실거래년":20220120.0,
            "전세실거래가":37485.0,
            "전세가율":42.12,
            "장기전세가율평균":67.55,
            "전세가율거품지수":25.43,
            "검색코드":8545,
            "세대수":362.0,
            "준공년월":"2001-06-18",
            "준공년차":22.0,
            "가까운역이름":"상왕십리",
            "가까운역거리":255.49,
            "역세권여부":"역세권",
            "30분이내주요거점역":6,
            "30분거점역이름":"['역삼', '을지로입구', '을지로3가', '왕십리', '홍대입구', '명동']",
            "1시간이내주요거점역":15,
            "1시간거점역이름":"['강남', '역삼', '잠실', '판교', '여의도', '을지로입구', '을지로3가', '양재', '가산디지털단지', '왕십리', '홍대입구', '구로디지털단지', '명동', '서현', '마곡']",
            "3km이내백화점수":1,
            "5km이내아울렛몰수":1,
            "1km이내대형먀트수":2,
            "500m이내은행수":0,
            "500m이내병원수":0,
            "5km이내대형병원수":11,
            "500m이내공원수":7,
            "3km이내혐오시설수":3,
            "초등학교학업성취도":90.0,
            "중학교학업성취도":80.6,
            "용적률":263,
            "건폐율":27,
            "Y":37.563296,
            "X":127.026781,
            "rank":63.0,
            "area_info":"23평(77.88), 33평(110.73), 44평(146.32)",
            "last_sales":"2021-07-10,97000.0,33평(110.73)",
            "rank_history":[
                [
                    "202202",
                    63
                ],
                [
                    "202201",
                    55
                ]
            ],
            "rank_gap":-8
        },
        {
            "index":520,
            "아파트명":"두산",
            "투자타입":"일반",
            "전용면적(m2)":"79.12",
            "전용면적(평)":"23평",
            "법정동주소":"서울시 성동구 행당동 345",
            "도로명주소":"서울시 성동구 고산자로14길 40",
            "세대수":0,
            "입주년차":0,
            "용적률점수":"--",
            "건폐율점수":"--",
            "세대당주차수":0,
            "난방방식":30,
            "공급면적":"--",
            "전용률":"--",
            "욕실수":50,
            "현관타입":100,
            "주거총점":18.0,
            "지역구공급총점":100.0,
            "역세권":80,
            "30분내 이동가능 거점":100,
            "1시간내 이동가능 거점":100,
            "교통총점":90.0,
            "백화점":100,
            "아울렛몰":80,
            "대형마트":80,
            "은행":70,
            "병원":0,
            "종합병원":100,
            "공원":100,
            "혐오시설":-100,
            "인프라총점":78.0,
            "초등학군":89.97,
            "중학군":47.3,
            "학군총점":55.834,
            "인구수":32.17,
            "인구증감":-14.67,
            "인구총점":18.118,
            "일자리":21.43,
            "소득수준":63.3,
            "일자리총점":33.991,
            "가치 총점":66.8751,
            "매매실거래년":20211203.0,
            "매매실거래가":101000.0,
            "전세실거래년":20211005.0,
            "전세실거래가":64000.0,
            "전세가율":63.37,
            "장기전세가율평균":67.55,
            "전세가율거품지수":4.18,
            "검색코드":8854,
            "세대수":251.0,
            "준공년월":"1997-07-04",
            "준공년차":26.0,
            "가까운역이름":"왕십리",
            "가까운역거리":358.19,
            "역세권여부":"역세권",
            "30분이내주요거점역":5,
            "30분거점역이름":"['역삼', '을지로입구', '을지로3가', '왕십리', '명동']",
            "1시간이내주요거점역":16,
            "1시간거점역이름":"['강남', '역삼', '잠실', '판교', '여의도', '을지로입구', '을지로3가', '양재', '정자', '가산디지털단지', '왕십리', '홍대입구', '구로디지털단지', '명동', '서현', '마곡']",
            "3km이내백화점수":1,
            "5km이내아울렛몰수":1,
            "1km이내대형먀트수":1,
            "500m이내은행수":4,
            "500m이내병원수":0,
            "5km이내대형병원수":12,
            "500m이내공원수":2,
            "3km이내혐오시설수":4,
            "초등학교학업성취도":89.97,
            "중학교학업성취도":76.9,
            "용적률":394,
            "건폐율":27,
            "Y":37.564724,
            "X":127.037176,
            "rank":64.0,
            "area_info":"23평(79.12), 31평(104.26)",
            "last_sales":"2021-12-03,101000.0,23평(79.12)",
            "rank_history":[
                [
                    "202202",
                    64
                ],
                [
                    "202201",
                    50
                ]
            ],
            "rank_gap":-14
        },
        {
            "index":153,
            "아파트명":"중앙하이츠",
            "투자타입":"일반",
            "전용면적(m2)":"87.53",
            "전용면적(평)":"26평",
            "법정동주소":"서울시 성동구 마장동 819",
            "도로명주소":"서울시 성동구 마장로 262",
            "세대수":0,
            "입주년차":20,
            "용적률점수":"--",
            "건폐율점수":"--",
            "세대당주차수":30,
            "난방방식":30,
            "공급면적":"--",
            "전용률":"--",
            "욕실수":50,
            "현관타입":10,
            "주거총점":17.5,
            "지역구공급총점":100.0,
            "역세권":80,
            "30분내 이동가능 거점":100,
            "1시간내 이동가능 거점":100,
            "교통총점":90.0,
            "백화점":100,
            "아울렛몰":80,
            "대형마트":80,
            "은행":70,
            "병원":0,
            "종합병원":100,
            "공원":100,
            "혐오시설":-100,
            "인프라총점":78.0,
            "초등학군":90.0,
            "중학군":47.3,
            "학군총점":55.84,
            "인구수":32.17,
            "인구증감":-14.67,
            "인구총점":18.118,
            "일자리":21.43,
            "소득수준":63.3,
            "일자리총점":33.991,
            "가치 총점":66.776,
            "매매실거래년":20211023.0,
            "매매실거래가":110000.0,
            "전세실거래년":20220119.0,
            "전세실거래가":50000.0,
            "전세가율":55.68,
            "장기전세가율평균":67.55,
            "전세가율거품지수":11.87,
            "검색코드":1171,
            "세대수":170.0,
            "준공년월":"1999-05-31",
            "준공년차":24.0,
            "가까운역이름":"마장",
            "가까운역거리":372.24,
            "역세권여부":"역세권",
            "30분이내주요거점역":5,
            "30분거점역이름":"['역삼', '을지로입구', '을지로3가', '왕십리', '명동']",
            "1시간이내주요거점역":17,
            "1시간거점역이름":"['강남', '역삼', '잠실', '판교', '여의도', '을지로입구', '을지로3가', '양재', '정자', '평촌', '가산디지털단지', '왕십리', '홍대입구', '구로디지털단지', '명동', '서현', '마곡']",
            "3km이내백화점수":1,
            "5km이내아울렛몰수":1,
            "1km이내대형먀트수":1,
            "500m이내은행수":4,
            "500m이내병원수":0,
            "5km이내대형병원수":12,
            "500m이내공원수":2,
            "3km이내혐오시설수":4,
            "초등학교학업성취도":90.0,
            "중학교학업성취도":76.9,
            "용적률":367,
            "건폐율":22,
            "Y":37.565611,
            "X":127.038795,
            "rank":65.0,
            "area_info":"26평(87.53), 33평(109.29)",
            "last_sales":"2021-10-23,110000.0,33평(109.29)",
            "rank_history":[
                [
                    "202202",
                    65
                ],
                [
                    "202201",
                    57
                ]
            ],
            "rank_gap":-8
        },
        {
            "index":395,
            "아파트명":"옥수어울림",
            "투자타입":"일반",
            "전용면적(m2)":"92.9",
            "전용면적(평)":"28평",
            "법정동주소":"서울시 성동구 옥수동 560",
            "도로명주소":"서울시 성동구 독서당로40길 37",
            "세대수":0,
            "입주년차":60,
            "용적률점수":"--",
            "건폐율점수":"--",
            "세대당주차수":60,
            "난방방식":30,
            "공급면적":"--",
            "전용률":"--",
            "욕실수":50,
            "현관타입":100,
            "주거총점":39.0,
            "지역구공급총점":100.0,
            "역세권":80,
            "30분내 이동가능 거점":100,
            "1시간내 이동가능 거점":100,
            "교통총점":90.0,
            "백화점":100,
            "아울렛몰":100,
            "대형마트":0,
            "은행":0,
            "병원":0,
            "종합병원":100,
            "공원":100,
            "혐오시설":0,
            "인프라총점":63.0,
            "초등학군":89.96,
            "중학군":47.98,
            "학군총점":56.376,
            "인구수":32.17,
            "인구증감":-14.67,
            "인구총점":18.118,
            "일자리":21.43,
            "소득수준":63.3,
            "일자리총점":33.991,
            "가치 총점":66.6564,
            "매매실거래년":20210403.0,
            "매매실거래가":184500.0,
            "전세실거래년":null,
            "전세실거래가":null,
            "전세가율":null,
            "장기전세가율평균":67.55,
            "전세가율거품지수":null,
            "검색코드":103136,
            "세대수":297.0,
            "준공년월":"2011-12-30",
            "준공년차":12.0,
            "가까운역이름":"옥수",
            "가까운역거리":163.0,
            "역세권여부":"역세권",
            "30분이내주요거점역":7,
            "30분거점역이름":"['강남', '역삼', '을지로입구', '을지로3가', '양재', '왕십리', '명동']",
            "1시간이내주요거점역":17,
            "1시간거점역이름":"['강남', '역삼', '잠실', '판교', '여의도', '을지로입구', '을지로3가', '양재', '정자', '평촌', '가산디지털단지', '왕십리', '홍대입구', '구로디지털단지', '명동', '서현', '마곡']",
            "3km이내백화점수":2,
            "5km이내아울렛몰수":2,
            "1km이내대형먀트수":0,
            "500m이내은행수":1,
            "500m이내병원수":0,
            "5km이내대형병원수":9,
            "500m이내공원수":2,
            "3km이내혐오시설수":0,
            "초등학교학업성취도":89.96,
            "중학교학업성취도":78.9,
            "용적률":248,
            "건폐율":36,
            "Y":37.542149,
            "X":127.01806,
            "rank":66.0,
            "area_info":"28평(92.9), 32평(107.14), 32평(107.74), 32평(107.16), 32평(108.85), 49평(162.19), 49평(162.88), 49평(162.19), 49평(162.88), 49평(162.19), 49평(162.88)",
            "last_sales":"2021-04-03,184500.0,49평(162.88)",
            "rank_history":[
                [
                    "202202",
                    66
                ],
                [
                    "202201",
                    64
                ]
            ],
            "rank_gap":-2
        },
        {
            "index":296,
            "아파트명":"금호2차",
            "투자타입":"일반",
            "전용면적(m2)":"81.79",
            "전용면적(평)":"24평",
            "법정동주소":"서울시 성동구 성수동2가 832",
            "도로명주소":"서울시 성동구 연무장길 31",
            "세대수":0,
            "입주년차":0,
            "용적률점수":"--",
            "건폐율점수":"--",
            "세대당주차수":0,
            "난방방식":30,
            "공급면적":"--",
            "전용률":"--",
            "욕실수":50,
            "현관타입":10,
            "주거총점":9.0,
            "지역구공급총점":100.0,
            "역세권":80,
            "30분내 이동가능 거점":100,
            "1시간내 이동가능 거점":100,
            "교통총점":90.0,
            "백화점":100,
            "아울렛몰":80,
            "대형마트":80,
            "은행":100,
            "병원":0,
            "종합병원":100,
            "공원":100,
            "혐오시설":0,
            "인프라총점":83.0,
            "초등학군":89.98,
            "중학군":47.68,
            "학군총점":56.14,
            "인구수":32.17,
            "인구증감":-14.67,
            "인구총점":18.118,
            "일자리":21.43,
            "소득수준":63.3,
            "일자리총점":33.991,
            "가치 총점":66.621,
            "매매실거래년":20211113.0,
            "매매실거래가":102000.0,
            "전세실거래년":20210119.0,
            "전세실거래가":34000.0,
            "전세가율":33.33,
            "장기전세가율평균":67.55,
            "전세가율거품지수":34.22,
            "검색코드":551,
            "세대수":141.0,
            "준공년월":"1997-08-14",
            "준공년차":26.0,
            "가까운역이름":"성수",
            "가까운역거리":251.76,
            "역세권여부":"역세권",
            "30분이내주요거점역":7,
            "30분거점역이름":"['강남', '역삼', '잠실', '을지로입구', '을지로3가', '왕십리', '명동']",
            "1시간이내주요거점역":15,
            "1시간거점역이름":"['강남', '역삼', '잠실', '판교', '여의도', '을지로입구', '을지로3가', '양재', '정자', '가산디지털단지', '왕십리', '홍대입구', '구로디지털단지', '명동', '서현']",
            "3km이내백화점수":3,
            "5km이내아울렛몰수":1,
            "1km이내대형먀트수":1,
            "500m이내은행수":10,
            "500m이내병원수":0,
            "5km이내대형병원수":8,
            "500m이내공원수":4,
            "3km이내혐오시설수":0,
            "초등학교학업성취도":89.98,
            "중학교학업성취도":79.0,
            "용적률":313,
            "건폐율":28,
            "Y":37.543573,
            "X":127.053404,
            "rank":67.0,
            "area_info":"24평(81.79), 32평(108.16)",
            "last_sales":"2021-11-13,102000.0,24평(81.79)",
            "rank_history":[
                [
                    "202202",
                    67
                ],
                [
                    "202201",
                    61
                ]
            ],
            "rank_gap":-6
        },
        {
            "index":94,
            "아파트명":"힐스테이트서울숲리버",
            "투자타입":"일반",
            "전용면적(m2)":"80.78",
            "전용면적(평)":"24평",
            "법정동주소":"서울시 성동구 금호동4가 1553",
            "도로명주소":"서울시 성동구 독서당로 344",
            "세대수":50,
            "입주년차":80,
            "용적률점수":"--",
            "건폐율점수":"--",
            "세대당주차수":30,
            "난방방식":30,
            "공급면적":"--",
            "전용률":"--",
            "욕실수":100,
            "현관타입":100,
            "주거총점":61.0,
            "지역구공급총점":100.0,
            "역세권":50,
            "30분내 이동가능 거점":80,
            "1시간내 이동가능 거점":100,
            "교통총점":69.0,
            "백화점":100,
            "아울렛몰":100,
            "대형마트":0,
            "은행":70,
            "병원":0,
            "종합병원":100,
            "공원":100,
            "혐오시설":0,
            "인프라총점":70.0,
            "초등학군":89.97,
            "중학군":52.34,
            "학군총점":59.866,
            "인구수":32.17,
            "인구증감":-14.67,
            "인구총점":18.118,
            "일자리":21.43,
            "소득수준":63.3,
            "일자리총점":33.991,
            "가치 총점":66.3299,
            "매매실거래년":20210428.0,
            "매매실거래가":157250.0,
            "전세실거래년":20220108.0,
            "전세실거래가":86000.0,
            "전세가율":59.11,
            "장기전세가율평균":67.55,
            "전세가율거품지수":8.44,
            "검색코드":110939,
            "세대수":606.0,
            "준공년월":"2018-02-01",
            "준공년차":5.0,
            "가까운역이름":"응봉",
            "가까운역거리":787.63,
            "역세권여부":"준역세권",
            "30분이내주요거점역":4,
            "30분거점역이름":"['강남', '역삼', '을지로3가', '왕십리']",
            "1시간이내주요거점역":12,
            "1시간거점역이름":"['강남', '역삼', '잠실', '판교', '여의도', '을지로입구', '을지로3가', '양재', '가산디지털단지', '왕십리', '홍대입구', '명동']",
            "3km이내백화점수":2,
            "5km이내아울렛몰수":2,
            "1km이내대형먀트수":0,
            "500m이내은행수":3,
            "500m이내병원수":0,
            "5km이내대형병원수":10,
            "500m이내공원수":2,
            "3km이내혐오시설수":0,
            "초등학교학업성취도":89.97,
            "중학교학업성취도":85.9,
            "용적률":200,
            "건폐율":24,
            "Y":37.547053,
            "X":127.026383,
            "rank":68.0,
            "area_info":"24평(80.78), 24평(80.54), 26평(88.33), 33평(110.61), 33평(110.15), 33평(110.9), 33평(111.77), 43평(142.39), 43평(142.69), 51평(168.87)",
            "last_sales":"2021-04-28,157250.0,43평(142.69)",
            "rank_history":[
                [
                    "202202",
                    68
                ],
                [
                    "202201",
                    71
                ]
            ],
            "rank_gap":3
        },
        {
            "index":290,
            "아파트명":"한진타운",
            "투자타입":"일반",
            "전용면적(m2)":"78.94",
            "전용면적(평)":"23평",
            "법정동주소":"서울시 성동구 성수동1가 704",
            "도로명주소":"서울시 성동구 뚝섬로 310",
            "세대수":30,
            "입주년차":0,
            "용적률점수":"--",
            "건폐율점수":"--",
            "세대당주차수":0,
            "난방방식":30,
            "공급면적":"--",
            "전용률":"--",
            "욕실수":50,
            "현관타입":10,
            "주거총점":19.5,
            "지역구공급총점":100.0,
            "역세권":80,
            "30분내 이동가능 거점":100,
            "1시간내 이동가능 거점":100,
            "교통총점":90.0,
            "백화점":100,
            "아울렛몰":80,
            "대형마트":80,
            "은행":20,
            "병원":0,
            "종합병원":100,
            "공원":100,
            "혐오시설":0,
            "인프라총점":75.0,
            "초등학군":89.96,
            "중학군":47.68,
            "학군총점":56.136,
            "인구수":32.17,
            "인구증감":-14.67,
            "인구총점":18.118,
            "일자리":21.43,
            "소득수준":63.3,
            "일자리총점":33.991,
            "가치 총점":66.3204,
            "매매실거래년":20211117.0,
            "매매실거래가":175000.0,
            "전세실거래년":20220128.0,
            "전세실거래가":47000.0,
            "전세가율":33.57,
            "장기전세가율평균":67.55,
            "전세가율거품지수":33.98,
            "검색코드":560,
            "세대수":378.0,
            "준공년월":"1994-04-04",
            "준공년차":29.0,
            "가까운역이름":"서울숲",
            "가까운역거리":287.25,
            "역세권여부":"역세권",
            "30분이내주요거점역":5,
            "30분거점역이름":"['강남', '역삼', '을지로3가', '양재', '왕십리']",
            "1시간이내주요거점역":16,
            "1시간거점역이름":"['강남', '역삼', '잠실', '판교', '여의도', '을지로입구', '을지로3가', '양재', '정자', '평촌', '가산디지털단지', '왕십리', '홍대입구', '구로디지털단지', '명동', '서현']",
            "3km이내백화점수":3,
            "5km이내아울렛몰수":1,
            "1km이내대형먀트수":1,
            "500m이내은행수":2,
            "500m이내병원수":0,
            "5km이내대형병원수":8,
            "500m이내공원수":2,
            "3km이내혐오시설수":0,
            "초등학교학업성취도":89.96,
            "중학교학업성취도":79.0,
            "용적률":294,
            "건폐율":28,
            "Y":37.541093,
            "X":127.045401,
            "rank":69.0,
            "area_info":"23평(78.94), 31평(103.53)",
            "last_sales":"2021-11-17,175000.0,31평(103.53)",
            "rank_history":[
                [
                    "202202",
                    69
                ],
                [
                    "202201",
                    73
                ]
            ],
            "rank_gap":4
        },
        {
            "index":155,
            "아파트명":"사근벽산",
            "투자타입":"일반",
            "전용면적(m2)":"31.35",
            "전용면적(평)":"9평",
            "법정동주소":"서울시 성동구 사근동 314",
            "도로명주소":"서울시 성동구 살곶이길 176",
            "세대수":0,
            "입주년차":20,
            "용적률점수":"--",
            "건폐율점수":"--",
            "세대당주차수":30,
            "난방방식":30,
            "공급면적":"--",
            "전용률":"--",
            "욕실수":50,
            "현관타입":100,
            "주거총점":26.5,
            "지역구공급총점":100.0,
            "역세권":80,
            "30분내 이동가능 거점":100,
            "1시간내 이동가능 거점":100,
            "교통총점":90.0,
            "백화점":100,
            "아울렛몰":80,
            "대형마트":80,
            "은행":0,
            "병원":0,
            "종합병원":100,
            "공원":80,
            "혐오시설":-50,
            "인프라총점":71.4,
            "초등학군":89.96,
            "중학군":42.44,
            "학군총점":51.944,
            "인구수":32.17,
            "인구증감":-14.67,
            "인구총점":18.118,
            "일자리":21.43,
            "소득수준":63.3,
            "일자리총점":33.991,
            "가치 총점":66.0116,
            "매매실거래년":20210713.0,
            "매매실거래가":89000.0,
            "전세실거래년":20180218.0,
            "전세실거래가":12000.0,
            "전세가율":150.0,
            "장기전세가율평균":67.55,
            "전세가율거품지수":-82.45,
            "검색코드":1172,
            "세대수":133.0,
            "준공년월":"2000-05-15",
            "준공년차":23.0,
            "가까운역이름":"용답",
            "가까운역거리":183.72,
            "역세권여부":"역세권",
            "30분이내주요거점역":5,
            "30분거점역이름":"['잠실', '을지로입구', '을지로3가', '왕십리', '명동']",
            "1시간이내주요거점역":13,
            "1시간거점역이름":"['강남', '역삼', '잠실', '판교', '여의도', '을지로입구', '을지로3가', '양재', '왕십리', '홍대입구', '구로디지털단지', '명동', '서현']",
            "3km이내백화점수":1,
            "5km이내아울렛몰수":1,
            "1km이내대형먀트수":1,
            "500m이내은행수":0,
            "500m이내병원수":0,
            "5km이내대형병원수":12,
            "500m이내공원수":1,
            "3km이내혐오시설수":1,
            "초등학교학업성취도":89.96,
            "중학교학업성취도":70.4,
            "용적률":373,
            "건폐율":25,
            "Y":37.560626,
            "X":127.049578,
            "rank":70.0,
            "area_info":"9평(31.35), 24평(80.58), 32평(108.08), 38평(127.51)",
            "last_sales":"2021-07-13,89000.0,38평(127.51)",
            "rank_history":[
                [
                    "202202",
                    70
                ],
                [
                    "202201",
                    76
                ]
            ],
            "rank_gap":6
        },
        {
            "index":75,
            "아파트명":"금호브라운스톤1차",
            "투자타입":"일반",
            "전용면적(m2)":"106.45",
            "전용면적(평)":"32평",
            "법정동주소":"서울시 성동구 금호동4가 1507",
            "도로명주소":"서울시 성동구 매봉길 24",
            "세대수":0,
            "입주년차":40,
            "용적률점수":"--",
            "건폐율점수":"--",
            "세대당주차수":30,
            "난방방식":30,
            "공급면적":"--",
            "전용률":"--",
            "욕실수":100,
            "현관타입":100,
            "주거총점":35.5,
            "지역구공급총점":100.0,
            "역세권":80,
            "30분내 이동가능 거점":100,
            "1시간내 이동가능 거점":100,
            "교통총점":90.0,
            "백화점":100,
            "아울렛몰":100,
            "대형마트":0,
            "은행":0,
            "병원":0,
            "종합병원":100,
            "공원":100,
            "혐오시설":0,
            "인프라총점":63.0,
            "초등학군":89.98,
            "중학군":47.98,
            "학군총점":56.38,
            "인구수":32.17,
            "인구증감":-14.67,
            "인구총점":18.118,
            "일자리":21.43,
            "소득수준":63.3,
            "일자리총점":33.991,
            "가치 총점":65.957,
            "매매실거래년":20210603.0,
            "매매실거래가":159000.0,
            "전세실거래년":20211125.0,
            "전세실거래가":85000.0,
            "전세가율":53.46,
            "장기전세가율평균":67.55,
            "전세가율거품지수":14.09,
            "검색코드":14019,
            "세대수":217.0,
            "준공년월":"2007-03-30",
            "준공년차":16.0,
            "가까운역이름":"금호",
            "가까운역거리":132.08,
            "역세권여부":"역세권",
            "30분이내주요거점역":8,
            "30분거점역이름":"['강남', '역삼', '을지로입구', '을지로3가', '양재', '왕십리', '홍대입구', '명동']",
            "1시간이내주요거점역":18,
            "1시간거점역이름":"['강남', '역삼', '잠실', '판교', '여의도', '을지로입구', '을지로3가', '양재', '정자', '평촌', '가산디지털단지', '왕십리', '홍대입구', '구로디지털단지', '명동', '서현', '대화', '마곡']",
            "3km이내백화점수":2,
            "5km이내아울렛몰수":2,
            "1km이내대형먀트수":0,
            "500m이내은행수":0,
            "500m이내병원수":0,
            "5km이내대형병원수":10,
            "500m이내공원수":3,
            "3km이내혐오시설수":0,
            "초등학교학업성취도":89.98,
            "중학교학업성취도":78.9,
            "용적률":243,
            "건폐율":20,
            "Y":37.546902,
            "X":127.015418,
            "rank":71.0,
            "area_info":"32평(106.45)",
            "last_sales":"2021-06-03,159000.0,32평(106.45)",
            "rank_history":[
                [
                    "202202",
                    71
                ],
                [
                    "202201",
                    65
                ]
            ],
            "rank_gap":-6
        },
        {
            "index":385,
            "아파트명":"옥수강변풍림아이원",
            "투자타입":"일반",
            "전용면적(m2)":"105.86",
            "전용면적(평)":"32평",
            "법정동주소":"서울시 성동구 옥수동 60",
            "도로명주소":"서울시 성동구 뚝섬로 51",
            "세대수":0,
            "입주년차":40,
            "용적률점수":"--",
            "건폐율점수":"--",
            "세대당주차수":30,
            "난방방식":30,
            "공급면적":"--",
            "전용률":"--",
            "욕실수":100,
            "현관타입":100,
            "주거총점":35.5,
            "지역구공급총점":100.0,
            "역세권":80,
            "30분내 이동가능 거점":100,
            "1시간내 이동가능 거점":100,
            "교통총점":90.0,
            "백화점":100,
            "아울렛몰":100,
            "대형마트":0,
            "은행":0,
            "병원":0,
            "종합병원":100,
            "공원":80,
            "혐오시설":0,
            "인프라총점":62.4,
            "초등학군":89.96,
            "중학군":47.98,
            "학군총점":56.376,
            "인구수":32.17,
            "인구증감":-14.67,
            "인구총점":18.118,
            "일자리":21.43,
            "소득수준":63.3,
            "일자리총점":33.991,
            "가치 총점":65.7764,
            "매매실거래년":20211011.0,
            "매매실거래가":186000.0,
            "전세실거래년":20220115.0,
            "전세실거래가":67000.0,
            "전세가율":36.02,
            "장기전세가율평균":67.55,
            "전세가율거품지수":31.53,
            "검색코드":8593,
            "세대수":269.0,
            "준공년월":"2004-10-29",
            "준공년차":19.0,
            "가까운역이름":"옥수",
            "가까운역거리":233.21,
            "역세권여부":"역세권",
            "30분이내주요거점역":7,
            "30분거점역이름":"['강남', '역삼', '을지로입구', '을지로3가', '양재', '왕십리', '명동']",
            "1시간이내주요거점역":15,
            "1시간거점역이름":"['강남', '역삼', '잠실', '판교', '여의도', '을지로입구', '을지로3가', '양재', '정자', '평촌', '가산디지털단지', '왕십리', '홍대입구', '구로디지털단지', '명동']",
            "3km이내백화점수":2,
            "5km이내아울렛몰수":2,
            "1km이내대형먀트수":0,
            "500m이내은행수":1,
            "500m이내병원수":0,
            "5km이내대형병원수":9,
            "500m이내공원수":1,
            "3km이내혐오시설수":0,
            "초등학교학업성취도":89.96,
            "중학교학업성취도":78.9,
            "용적률":247,
            "건폐율":18,
            "Y":37.542377,
            "X":127.019528,
            "rank":72.0,
            "area_info":"32평(105.86), 32평(105.86)",
            "last_sales":"2021-10-11,186000.0,32평(105.86)",
            "rank_history":[
                [
                    "202202",
                    72
                ],
                [
                    "202201",
                    69
                ]
            ],
            "rank_gap":-3
        },
        {
            "index":76,
            "아파트명":"롯데",
            "투자타입":"일반",
            "전용면적(m2)":"114.64",
            "전용면적(평)":"34평",
            "법정동주소":"서울시 성동구 금호동4가 1250",
            "도로명주소":"서울시 성동구 동호로 84",
            "세대수":0,
            "입주년차":20,
            "용적률점수":"--",
            "건폐율점수":"--",
            "세대당주차수":30,
            "난방방식":30,
            "공급면적":"--",
            "전용률":"--",
            "욕실수":100,
            "현관타입":100,
            "주거총점":31.5,
            "지역구공급총점":100.0,
            "역세권":80,
            "30분내 이동가능 거점":100,
            "1시간내 이동가능 거점":100,
            "교통총점":90.0,
            "백화점":100,
            "아울렛몰":100,
            "대형마트":0,
            "은행":20,
            "병원":0,
            "종합병원":100,
            "공원":100,
            "혐오시설":0,
            "인프라총점":65.0,
            "초등학군":89.98,
            "중학군":47.98,
            "학군총점":56.38,
            "인구수":32.17,
            "인구증감":-14.67,
            "인구총점":18.118,
            "일자리":21.43,
            "소득수준":63.3,
            "일자리총점":33.991,
            "가치 총점":65.757,
            "매매실거래년":20211203.0,
            "매매실거래가":139500.0,
            "전세실거래년":20211009.0,
            "전세실거래가":52500.0,
            "전세가율":37.63,
            "장기전세가율평균":67.55,
            "전세가율거품지수":29.92,
            "검색코드":9213,
            "세대수":249.0,
            "준공년월":"2003-01-09",
            "준공년차":20.0,
            "가까운역이름":"금호",
            "가까운역거리":168.2,
            "역세권여부":"역세권",
            "30분이내주요거점역":7,
            "30분거점역이름":"['강남', '역삼', '을지로입구', '을지로3가', '양재', '왕십리', '명동']",
            "1시간이내주요거점역":17,
            "1시간거점역이름":"['강남', '역삼', '잠실', '판교', '여의도', '을지로입구', '을지로3가', '양재', '정자', '평촌', '가산디지털단지', '왕십리', '홍대입구', '구로디지털단지', '명동', '서현', '마곡']",
            "3km이내백화점수":2,
            "5km이내아울렛몰수":2,
            "1km이내대형먀트수":0,
            "500m이내은행수":2,
            "500m이내병원수":0,
            "5km이내대형병원수":11,
            "500m이내공원수":4,
            "3km이내혐오시설수":0,
            "초등학교학업성취도":89.98,
            "중학교학업성취도":78.9,
            "용적률":298,
            "건폐율":20,
            "Y":37.546935,
            "X":127.017183,
            "rank":73.0,
            "area_info":"34평(114.64), 34평(114.79)",
            "last_sales":"2021-12-03,139500.0,34평(114.64)",
            "rank_history":[
                [
                    "202202",
                    73
                ],
                [
                    "202201",
                    67
                ]
            ],
            "rank_gap":-6
        },
        {
            "index":87,
            "아파트명":"서울숲푸르지오2차",
            "투자타입":"일반",
            "전용면적(m2)":"77.69",
            "전용면적(평)":"23평",
            "법정동주소":"서울시 성동구 금호동4가 235",
            "도로명주소":"서울시 성동구 금호로 17",
            "세대수":50,
            "입주년차":60,
            "용적률점수":"--",
            "건폐율점수":"--",
            "세대당주차수":30,
            "난방방식":30,
            "공급면적":"--",
            "전용률":"--",
            "욕실수":100,
            "현관타입":100,
            "주거총점":57.0,
            "지역구공급총점":100.0,
            "역세권":50,
            "30분내 이동가능 거점":80,
            "1시간내 이동가능 거점":100,
            "교통총점":69.0,
            "백화점":100,
            "아울렛몰":100,
            "대형마트":0,
            "은행":70,
            "병원":0,
            "종합병원":100,
            "공원":100,
            "혐오시설":0,
            "인프라총점":70.0,
            "초등학군":89.97,
            "중학군":52.34,
            "학군총점":59.866,
            "인구수":32.17,
            "인구증감":-14.67,
            "인구총점":18.118,
            "일자리":21.43,
            "소득수준":63.3,
            "일자리총점":33.991,
            "가치 총점":65.5299,
            "매매실거래년":20211106.0,
            "매매실거래가":160000.0,
            "전세실거래년":20211229.0,
            "전세실거래가":61740.0,
            "전세가율":39.58,
            "장기전세가율평균":67.55,
            "전세가율거품지수":27.97,
            "검색코드":101322,
            "세대수":586.0,
            "준공년월":"2012-08-16",
            "준공년차":11.0,
            "가까운역이름":"금호",
            "가까운역거리":739.5,
            "역세권여부":"준역세권",
            "30분이내주요거점역":4,
            "30분거점역이름":"['강남', '역삼', '을지로3가', '왕십리']",
            "1시간이내주요거점역":15,
            "1시간거점역이름":"['강남', '역삼', '잠실', '판교', '여의도', '을지로입구', '을지로3가', '양재', '정자', '평촌', '가산디지털단지', '왕십리', '홍대입구', '구로디지털단지', '명동']",
            "3km이내백화점수":2,
            "5km이내아울렛몰수":2,
            "1km이내대형먀트수":0,
            "500m이내은행수":3,
            "500m이내병원수":0,
            "5km이내대형병원수":10,
            "500m이내공원수":2,
            "3km이내혐오시설수":0,
            "초등학교학업성취도":89.97,
            "중학교학업성취도":85.9,
            "용적률":226,
            "건폐율":22,
            "Y":37.546451,
            "X":127.024019,
            "rank":74.0,
            "area_info":"23평(77.69), 23평(77.6), 23평(77.94), 32평(108.84), 33평(109.52), 33평(110.0), 44평(146.05)",
            "last_sales":"2021-11-06,160000.0,23평(77.6)",
            "rank_history":[
                [
                    "202202",
                    74
                ],
                [
                    "202201",
                    68
                ]
            ],
            "rank_gap":-6
        },
        {
            "index":497,
            "아파트명":"청계벽산",
            "투자타입":"일반",
            "전용면적(m2)":"88.99",
            "전용면적(평)":"26평",
            "법정동주소":"서울시 성동구 하왕십리동 258",
            "도로명주소":"서울시 성동구 무학로 50",
            "세대수":90,
            "입주년차":0,
            "용적률점수":"--",
            "건폐율점수":"--",
            "세대당주차수":0,
            "난방방식":30,
            "공급면적":"--",
            "전용률":"--",
            "욕실수":50,
            "현관타입":100,
            "주거총점":49.5,
            "지역구공급총점":100.0,
            "역세권":50,
            "30분내 이동가능 거점":80,
            "1시간내 이동가능 거점":100,
            "교통총점":69.0,
            "백화점":100,
            "아울렛몰":80,
            "대형마트":100,
            "은행":20,
            "병원":0,
            "종합병원":100,
            "공원":100,
            "혐오시설":-100,
            "인프라총점":76.0,
            "초등학군":89.97,
            "중학군":48.1,
            "학군총점":56.474,
            "인구수":32.17,
            "인구증감":-14.67,
            "인구총점":18.118,
            "일자리":21.43,
            "소득수준":63.3,
            "일자리총점":33.991,
            "가치 총점":65.3211,
            "매매실거래년":20211119.0,
            "매매실거래가":142000.0,
            "전세실거래년":20211023.0,
            "전세실거래가":43050.0,
            "전세가율":39.14,
            "장기전세가율평균":67.55,
            "전세가율거품지수":28.41,
            "검색코드":573,
            "세대수":1332.0,
            "준공년월":"1996-06-07",
            "준공년차":27.0,
            "가까운역이름":"상왕십리",
            "가까운역거리":532.46,
            "역세권여부":"준역세권",
            "30분이내주요거점역":4,
            "30분거점역이름":"['을지로입구', '을지로3가', '왕십리', '명동']",
            "1시간이내주요거점역":14,
            "1시간거점역이름":"['강남', '역삼', '잠실', '판교', '여의도', '을지로입구', '을지로3가', '양재', '평촌', '가산디지털단지', '왕십리', '홍대입구', '구로디지털단지', '명동']",
            "3km이내백화점수":1,
            "5km이내아울렛몰수":1,
            "1km이내대형먀트수":2,
            "500m이내은행수":2,
            "500m이내병원수":0,
            "5km이내대형병원수":11,
            "500m이내공원수":4,
            "3km이내혐오시설수":4,
            "초등학교학업성취도":89.97,
            "중학교학업성취도":78.5,
            "용적률":267,
            "건폐율":23,
            "Y":37.56889,
            "X":127.03129,
            "rank":75.0,
            "area_info":"26평(88.99), 32평(107.35), 42평(139.51)",
            "last_sales":"2021-11-19,142000.0,42평(139.51)",
            "rank_history":[
                [
                    "202202",
                    75
                ],
                [
                    "202201",
                    77
                ]
            ],
            "rank_gap":2
        },
        {
            "index":270,
            "아파트명":"장미",
            "투자타입":"재건축",
            "전용면적(m2)":"58.71",
            "전용면적(평)":"17평",
            "법정동주소":"서울시 성동구 성수동1가 656-421",
            "도로명주소":"서울시 성동구 왕십리로 66-15",
            "세대수":0,
            "입주년차":"--",
            "용적률점수":0,
            "건폐율점수":0,
            "세대당주차수":"--",
            "난방방식":"--",
            "공급면적":50,
            "전용률":80,
            "욕실수":"--",
            "현관타입":"--",
            "주거총점":6.5,
            "지역구공급총점":100.0,
            "역세권":80,
            "30분내 이동가능 거점":100,
            "1시간내 이동가능 거점":100,
            "교통총점":90.0,
            "백화점":100,
            "아울렛몰":80,
            "대형마트":80,
            "은행":70,
            "병원":0,
            "종합병원":100,
            "공원":100,
            "혐오시설":0,
            "인프라총점":80.0,
            "초등학군":89.96,
            "중학군":47.68,
            "학군총점":56.136,
            "인구수":32.17,
            "인구증감":-14.67,
            "인구총점":18.118,
            "일자리":21.43,
            "소득수준":63.3,
            "일자리총점":33.991,
            "가치 총점":65.2204,
            "매매실거래년":20200525.0,
            "매매실거래가":151000.0,
            "전세실거래년":20210220.0,
            "전세실거래가":20000.0,
            "전세가율":23.26,
            "장기전세가율평균":67.55,
            "전세가율거품지수":44.29,
            "검색코드":558,
            "세대수":173.0,
            "준공년월":"1982-04-30",
            "준공년차":41.0,
            "가까운역이름":"서울숲",
            "가까운역거리":129.81,
            "역세권여부":"역세권",
            "30분이내주요거점역":8,
            "30분거점역이름":"['강남', '역삼', '여의도', '을지로입구', '을지로3가', '양재', '왕십리', '명동']",
            "1시간이내주요거점역":16,
            "1시간거점역이름":"['강남', '역삼', '잠실', '판교', '여의도', '을지로입구', '을지로3가', '양재', '정자', '평촌', '가산디지털단지', '왕십리', '홍대입구', '구로디지털단지', '명동', '서현']",
            "3km이내백화점수":3,
            "5km이내아울렛몰수":1,
            "1km이내대형먀트수":1,
            "500m이내은행수":3,
            "500m이내병원수":0,
            "5km이내대형병원수":8,
            "500m이내공원수":2,
            "3km이내혐오시설수":0,
            "초등학교학업성취도":89.96,
            "중학교학업성취도":79.0,
            "용적률":0,
            "건폐율":0,
            "Y":37.543108,
            "X":127.046032,
            "rank":76.0,
            "area_info":"17평(58.71), 19평(64.23), 19평(65.95), 24평(79.48), 24평(81.8)",
            "last_sales":"2020-05-25,151000.0,24평(81.8)",
            "rank_history":[
                [
                    "202202",
                    76
                ],
                [
                    "202201",
                    75
                ]
            ],
            "rank_gap":-1
        },
        {
            "index":215,
            "아파트명":"성수금호베스트빌3차",
            "투자타입":"일반",
            "전용면적(m2)":"76.11",
            "전용면적(평)":"23평",
            "법정동주소":"서울시 성동구 성수동1가 714",
            "도로명주소":"서울시 성동구 뚝섬로5길 17",
            "세대수":0,
            "입주년차":20,
            "용적률점수":"--",
            "건폐율점수":"--",
            "세대당주차수":30,
            "난방방식":30,
            "공급면적":"--",
            "전용률":"--",
            "욕실수":50,
            "현관타입":100,
            "주거총점":26.5,
            "지역구공급총점":100.0,
            "역세권":50,
            "30분내 이동가능 거점":100,
            "1시간내 이동가능 거점":100,
            "교통총점":75.0,
            "백화점":100,
            "아울렛몰":80,
            "대형마트":80,
            "은행":100,
            "병원":0,
            "종합병원":100,
            "공원":100,
            "혐오시설":0,
            "인프라총점":83.0,
            "초등학군":89.98,
            "중학군":47.68,
            "학군총점":56.14,
            "인구수":32.17,
            "인구증감":-14.67,
            "인구총점":18.118,
            "일자리":21.43,
            "소득수준":63.3,
            "일자리총점":33.991,
            "가치 총점":64.871,
            "매매실거래년":20210814.0,
            "매매실거래가":129000.0,
            "전세실거래년":20211114.0,
            "전세실거래가":52500.0,
            "전세가율":40.7,
            "장기전세가율평균":67.55,
            "전세가율거품지수":26.85,
            "검색코드":9481,
            "세대수":159.0,
            "준공년월":"2003-09-25",
            "준공년차":20.0,
            "가까운역이름":"서울숲",
            "가까운역거리":536.23,
            "역세권여부":"준역세권",
            "30분이내주요거점역":5,
            "30분거점역이름":"['잠실', '을지로입구', '을지로3가', '왕십리', '명동']",
            "1시간이내주요거점역":15,
            "1시간거점역이름":"['강남', '역삼', '잠실', '판교', '여의도', '을지로입구', '을지로3가', '양재', '정자', '가산디지털단지', '왕십리', '홍대입구', '구로디지털단지', '명동', '서현']",
            "3km이내백화점수":3,
            "5km이내아울렛몰수":1,
            "1km이내대형먀트수":1,
            "500m이내은행수":6,
            "500m이내병원수":0,
            "5km이내대형병원수":8,
            "500m이내공원수":4,
            "3km이내혐오시설수":0,
            "초등학교학업성취도":89.98,
            "중학교학업성취도":79.0,
            "용적률":249,
            "건폐율":19,
            "Y":37.54192,
            "X":127.0504,
            "rank":77.0,
            "area_info":"23평(76.11), 32평(108.59), 32평(108.59)",
            "last_sales":"2021-08-14,129000.0,23평(76.11)",
            "rank_history":[
                [
                    "202202",
                    77
                ],
                [
                    "202201",
                    74
                ]
            ],
            "rank_gap":-3
        },
        {
            "index":159,
            "아파트명":"하이츠",
            "투자타입":"재건축",
            "전용면적(m2)":"90.0",
            "전용면적(평)":"27평",
            "법정동주소":"서울시 성동구 사근동 199",
            "도로명주소":"서울시 성동구 사근동길 65",
            "세대수":0,
            "입주년차":"--",
            "용적률점수":20,
            "건폐율점수":0,
            "세대당주차수":"--",
            "난방방식":"--",
            "공급면적":70,
            "전용률":80,
            "욕실수":"--",
            "현관타입":"--",
            "주거총점":15.5,
            "지역구공급총점":100.0,
            "역세권":80,
            "30분내 이동가능 거점":100,
            "1시간내 이동가능 거점":100,
            "교통총점":90.0,
            "백화점":100,
            "아울렛몰":80,
            "대형마트":80,
            "은행":0,
            "병원":0,
            "종합병원":100,
            "공원":80,
            "혐오시설":0,
            "인프라총점":72.4,
            "초등학군":89.96,
            "중학군":42.44,
            "학군총점":51.944,
            "인구수":32.17,
            "인구증감":-14.67,
            "인구총점":18.118,
            "일자리":21.43,
            "소득수준":63.3,
            "일자리총점":33.991,
            "가치 총점":64.1116,
            "매매실거래년":20210424.0,
            "매매실거래가":79500.0,
            "전세실거래년":20211130.0,
            "전세실거래가":33000.0,
            "전세가율":41.51,
            "장기전세가율평균":67.55,
            "전세가율거품지수":26.04,
            "검색코드":1173,
            "세대수":270.0,
            "준공년월":"1989-09-12",
            "준공년차":34.0,
            "가까운역이름":"용답",
            "가까운역거리":203.08,
            "역세권여부":"역세권",
            "30분이내주요거점역":5,
            "30분거점역이름":"['잠실', '을지로입구', '을지로3가', '왕십리', '명동']",
            "1시간이내주요거점역":13,
            "1시간거점역이름":"['강남', '역삼', '잠실', '판교', '여의도', '을지로입구', '을지로3가', '양재', '왕십리', '홍대입구', '구로디지털단지', '명동', '서현']",
            "3km이내백화점수":1,
            "5km이내아울렛몰수":1,
            "1km이내대형먀트수":1,
            "500m이내은행수":0,
            "500m이내병원수":0,
            "5km이내대형병원수":11,
            "500m이내공원수":1,
            "3km이내혐오시설수":0,
            "초등학교학업성취도":89.96,
            "중학교학업성취도":70.4,
            "용적률":275,
            "건폐율":0,
            "Y":37.561996,
            "X":127.048598,
            "rank":78.0,
            "area_info":"27평(90.0)",
            "last_sales":"2021-04-24,79500.0,27평(90.0)",
            "rank_history":[
                [
                    "202202",
                    78
                ],
                [
                    "202201",
                    81
                ]
            ],
            "rank_gap":3
        },
        {
            "index":160,
            "아파트명":"한양마이라움(도시형)",
            "투자타입":"일반",
            "전용면적(m2)":"25.8",
            "전용면적(평)":"7평",
            "법정동주소":"서울시 성동구 사근동 315",
            "도로명주소":"서울시 성동구 살곶이길 146",
            "세대수":0,
            "입주년차":80,
            "용적률점수":"--",
            "건폐율점수":"--",
            "세대당주차수":0,
            "난방방식":30,
            "공급면적":"--",
            "전용률":"--",
            "욕실수":50,
            "현관타입":10,
            "주거총점":25.0,
            "지역구공급총점":100.0,
            "역세권":80,
            "30분내 이동가능 거점":80,
            "1시간내 이동가능 거점":100,
            "교통총점":84.0,
            "백화점":100,
            "아울렛몰":80,
            "대형마트":80,
            "은행":0,
            "병원":0,
            "종합병원":100,
            "공원":100,
            "혐오시설":0,
            "인프라총점":73.0,
            "초등학군":89.96,
            "중학군":42.44,
            "학군총점":51.944,
            "인구수":32.17,
            "인구증감":-14.67,
            "인구총점":18.118,
            "일자리":21.43,
            "소득수준":63.3,
            "일자리총점":33.991,
            "가치 총점":64.0916,
            "매매실거래년":20211119.0,
            "매매실거래가":17500.0,
            "전세실거래년":20220111.0,
            "전세실거래가":16800.0,
            "전세가율":96.0,
            "장기전세가율평균":67.55,
            "전세가율거품지수":-28.45,
            "검색코드":122916,
            "세대수":107.0,
            "준공년월":"2018-02-20",
            "준공년차":5.0,
            "가까운역이름":"용답",
            "가까운역거리":289.2,
            "역세권여부":"역세권",
            "30분이내주요거점역":4,
            "30분거점역이름":"['잠실', '을지로3가', '왕십리', '명동']",
            "1시간이내주요거점역":13,
            "1시간거점역이름":"['강남', '역삼', '잠실', '판교', '여의도', '을지로입구', '을지로3가', '양재', '왕십리', '홍대입구', '구로디지털단지', '명동', '서현']",
            "3km이내백화점수":1,
            "5km이내아울렛몰수":1,
            "1km이내대형먀트수":1,
            "500m이내은행수":0,
            "500m이내병원수":0,
            "5km이내대형병원수":11,
            "500m이내공원수":2,
            "3km이내혐오시설수":0,
            "초등학교학업성취도":89.96,
            "중학교학업성취도":70.4,
            "용적률":199,
            "건폐율":49,
            "Y":37.56341,
            "X":127.048224,
            "rank":79.0,
            "area_info":"7평(25.8), 7평(26.33)",
            "last_sales":"2021-11-19,17500.0,7평(25.8)",
            "rank_history":[
                [
                    "202202",
                    79
                ],
                [
                    "202201",
                    82
                ]
            ],
            "rank_gap":3
        },
        {
            "index":218,
            "아파트명":"성수대우2차",
            "투자타입":"일반",
            "전용면적(m2)":"82.64",
            "전용면적(평)":"24평",
            "법정동주소":"서울시 성동구 성수동1가 709",
            "도로명주소":"서울시 성동구 상원6길 16",
            "세대수":0,
            "입주년차":20,
            "용적률점수":"--",
            "건폐율점수":"--",
            "세대당주차수":30,
            "난방방식":30,
            "공급면적":"--",
            "전용률":"--",
            "욕실수":50,
            "현관타입":10,
            "주거총점":17.5,
            "지역구공급총점":100.0,
            "역세권":80,
            "30분내 이동가능 거점":100,
            "1시간내 이동가능 거점":100,
            "교통총점":90.0,
            "백화점":100,
            "아울렛몰":80,
            "대형마트":0,
            "은행":70,
            "병원":0,
            "종합병원":100,
            "공원":100,
            "혐오시설":-50,
            "인프라총점":67.0,
            "초등학군":89.98,
            "중학군":47.68,
            "학군총점":56.14,
            "인구수":32.17,
            "인구증감":-14.67,
            "인구총점":18.118,
            "일자리":21.43,
            "소득수준":63.3,
            "일자리총점":33.991,
            "가치 총점":63.521,
            "매매실거래년":20210813.0,
            "매매실거래가":140000.0,
            "전세실거래년":20220122.0,
            "전세실거래가":43000.0,
            "전세가율":52.44,
            "장기전세가율평균":67.55,
            "전세가율거품지수":15.11,
            "검색코드":1175,
            "세대수":283.0,
            "준공년월":"1999-07-31",
            "준공년차":24.0,
            "가까운역이름":"뚝섬",
            "가까운역거리":292.98,
            "역세권여부":"역세권",
            "30분이내주요거점역":5,
            "30분거점역이름":"['잠실', '을지로입구', '을지로3가', '왕십리', '명동']",
            "1시간이내주요거점역":15,
            "1시간거점역이름":"['강남', '역삼', '잠실', '판교', '여의도', '을지로입구', '을지로3가', '양재', '정자', '가산디지털단지', '왕십리', '홍대입구', '구로디지털단지', '명동', '서현']",
            "3km이내백화점수":2,
            "5km이내아울렛몰수":1,
            "1km이내대형먀트수":0,
            "500m이내은행수":4,
            "500m이내병원수":0,
            "5km이내대형병원수":10,
            "500m이내공원수":5,
            "3km이내혐오시설수":1,
            "초등학교학업성취도":89.98,
            "중학교학업성취도":79.0,
            "용적률":297,
            "건폐율":22,
            "Y":37.548718,
            "X":127.050069,
            "rank":80.0,
            "area_info":"24평(82.64), 24평(82.64), 32평(108.7)",
            "last_sales":"2021-08-13,140000.0,32평(108.7)",
            "rank_history":[
                [
                    "202202",
                    80
                ],
                [
                    "202201",
                    79
                ]
            ],
            "rank_gap":-1
        },
        {
            "index":441,
            "아파트명":"신동아",
            "투자타입":"일반",
            "전용면적(m2)":"81.64",
            "전용면적(평)":"24평",
            "법정동주소":"서울시 성동구 응봉동 275",
            "도로명주소":"서울시 성동구 독서당로 375",
            "세대수":50,
            "입주년차":0,
            "용적률점수":"--",
            "건폐율점수":"--",
            "세대당주차수":0,
            "난방방식":30,
            "공급면적":"--",
            "전용률":"--",
            "욕실수":50,
            "현관타입":10,
            "주거총점":26.5,
            "지역구공급총점":100.0,
            "역세권":80,
            "30분내 이동가능 거점":60,
            "1시간내 이동가능 거점":100,
            "교통총점":78.0,
            "백화점":100,
            "아울렛몰":80,
            "대형마트":80,
            "은행":0,
            "병원":0,
            "종합병원":100,
            "공원":100,
            "혐오시설":0,
            "인프라총점":73.0,
            "초등학군":89.98,
            "중학군":52.34,
            "학군총점":59.868,
            "인구수":32.17,
            "인구증감":-14.67,
            "인구총점":18.118,
            "일자리":21.43,
            "소득수준":63.3,
            "일자리총점":33.991,
            "가치 총점":63.4802,
            "매매실거래년":20211122.0,
            "매매실거래가":115000.0,
            "전세실거래년":20220125.0,
            "전세실거래가":49000.0,
            "전세가율":46.23,
            "장기전세가율평균":67.55,
            "전세가율거품지수":21.32,
            "검색코드":568,
            "세대수":434.0,
            "준공년월":"1996-04-09",
            "준공년차":27.0,
            "가까운역이름":"응봉",
            "가까운역거리":462.11,
            "역세권여부":"역세권",
            "30분이내주요거점역":3,
            "30분거점역이름":"['강남', '역삼', '왕십리']",
            "1시간이내주요거점역":13,
            "1시간거점역이름":"['강남', '역삼', '잠실', '판교', '여의도', '을지로입구', '을지로3가', '양재', '평촌', '가산디지털단지', '왕십리', '홍대입구', '명동']",
            "3km이내백화점수":2,
            "5km이내아울렛몰수":1,
            "1km이내대형먀트수":1,
            "500m이내은행수":0,
            "500m이내병원수":0,
            "5km이내대형병원수":10,
            "500m이내공원수":3,
            "3km이내혐오시설수":0,
            "초등학교학업성취도":89.98,
            "중학교학업성취도":85.9,
            "용적률":282,
            "건폐율":26,
            "Y":37.54981,
            "X":127.029299,
            "rank":81.0,
            "area_info":"24평(81.64), 29평(97.4), 29평(97.49), 31평(103.65), 41평(136.39)",
            "last_sales":"2021-11-22,115000.0,31평(103.65)",
            "rank_history":[
                [
                    "202202",
                    81
                ],
                [
                    "202201",
                    83
                ]
            ],
            "rank_gap":2
        },
        {
            "index":578,
            "아파트명":"행당한진타운",
            "투자타입":"일반",
            "전용면적(m2)":"86.96",
            "전용면적(평)":"26평",
            "법정동주소":"서울시 성동구 행당동 346",
            "도로명주소":"서울시 성동구 행당로 82",
            "세대수":100,
            "입주년차":20,
            "용적률점수":"--",
            "건폐율점수":"--",
            "세대당주차수":30,
            "난방방식":30,
            "공급면적":"--",
            "전용률":"--",
            "욕실수":50,
            "현관타입":10,
            "주거총점":52.5,
            "지역구공급총점":100.0,
            "역세권":80,
            "30분내 이동가능 거점":100,
            "1시간내 이동가능 거점":100,
            "교통총점":90.0,
            "백화점":0,
            "아울렛몰":80,
            "대형마트":80,
            "은행":0,
            "병원":0,
            "종합병원":100,
            "공원":100,
            "혐오시설":0,
            "인프라총점":43.0,
            "초등학군":89.96,
            "중학군":48.8,
            "학군총점":57.032,
            "인구수":32.17,
            "인구증감":-14.67,
            "인구총점":18.118,
            "일자리":21.43,
            "소득수준":63.3,
            "일자리총점":33.991,
            "가치 총점":63.4548,
            "매매실거래년":20220117.0,
            "매매실거래가":92000.0,
            "전세실거래년":20220122.0,
            "전세실거래가":44100.0,
            "전세가율":47.93,
            "장기전세가율평균":67.55,
            "전세가율거품지수":19.62,
            "검색코드":878,
            "세대수":2123.0,
            "준공년월":"2000-11-07",
            "준공년차":23.0,
            "가까운역이름":"행당",
            "가까운역거리":162.02,
            "역세권여부":"역세권",
            "30분이내주요거점역":6,
            "30분거점역이름":"['역삼', '여의도', '을지로입구', '을지로3가', '왕십리', '명동']",
            "1시간이내주요거점역":15,
            "1시간거점역이름":"['강남', '역삼', '잠실', '판교', '여의도', '을지로입구', '을지로3가', '양재', '가산디지털단지', '왕십리', '홍대입구', '구로디지털단지', '명동', '서현', '마곡']",
            "3km이내백화점수":0,
            "5km이내아울렛몰수":1,
            "1km이내대형먀트수":1,
            "500m이내은행수":1,
            "500m이내병원수":0,
            "5km이내대형병원수":11,
            "500m이내공원수":5,
            "3km이내혐오시설수":0,
            "초등학교학업성취도":89.96,
            "중학교학업성취도":80.6,
            "용적률":294,
            "건폐율":19,
            "Y":37.555891,
            "X":127.02913,
            "rank":82.0,
            "area_info":"26평(86.96), 32평(108.47), 43평(144.37)",
            "last_sales":"2022-01-17,92000.0,26평(86.96)",
            "rank_history":[
                [
                    "202202",
                    82
                ],
                [
                    "202201",
                    80
                ]
            ],
            "rank_gap":-2
        },
        {
            "index":494,
            "아파트명":"왕십리풍림아이원",
            "투자타입":"일반",
            "전용면적(m2)":"74.87",
            "전용면적(평)":"22평",
            "법정동주소":"서울시 성동구 하왕십리동 1061",
            "도로명주소":"서울시 성동구 난계로 84",
            "세대수":80,
            "입주년차":40,
            "용적률점수":"--",
            "건폐율점수":"--",
            "세대당주차수":30,
            "난방방식":30,
            "공급면적":"--",
            "전용률":"--",
            "욕실수":50,
            "현관타입":100,
            "주거총점":58.5,
            "지역구공급총점":100.0,
            "역세권":80,
            "30분내 이동가능 거점":80,
            "1시간내 이동가능 거점":100,
            "교통총점":84.0,
            "백화점":0,
            "아울렛몰":100,
            "대형마트":80,
            "은행":0,
            "병원":0,
            "종합병원":100,
            "공원":100,
            "혐오시설":0,
            "인프라총점":45.0,
            "초등학군":89.98,
            "중학군":50.68,
            "학군총점":58.54,
            "인구수":32.17,
            "인구증감":-14.67,
            "인구총점":18.118,
            "일자리":21.43,
            "소득수준":63.3,
            "일자리총점":33.991,
            "가치 총점":63.381,
            "매매실거래년":20211123.0,
            "매매실거래가":114000.0,
            "전세실거래년":20220128.0,
            "전세실거래가":47250.0,
            "전세가율":42.95,
            "장기전세가율평균":67.55,
            "전세가율거품지수":24.6,
            "검색코드":9168,
            "세대수":758.0,
            "준공년월":"2004-11-30",
            "준공년차":19.0,
            "가까운역이름":"행당",
            "가까운역거리":407.32,
            "역세권여부":"역세권",
            "30분이내주요거점역":4,
            "30분거점역이름":"['을지로입구', '을지로3가', '왕십리', '명동']",
            "1시간이내주요거점역":15,
            "1시간거점역이름":"['강남', '역삼', '잠실', '여의도', '을지로입구', '을지로3가', '양재', '평촌', '가산디지털단지', '왕십리', '홍대입구', '구로디지털단지', '명동', '서현', '마곡']",
            "3km이내백화점수":0,
            "5km이내아울렛몰수":2,
            "1km이내대형먀트수":1,
            "500m이내은행수":1,
            "500m이내병원수":0,
            "5km이내대형병원수":11,
            "500m이내공원수":6,
            "3km이내혐오시설수":0,
            "초등학교학업성취도":89.98,
            "중학교학업성취도":83.6,
            "용적률":245,
            "건폐율":16,
            "Y":37.558851,
            "X":127.025277,
            "rank":83.0,
            "area_info":"22평(74.87), 31평(104.9), 43평(144.01)",
            "last_sales":"2021-11-23,114000.0,31평(104.9)",
            "rank_history":[
                [
                    "202202",
                    83
                ],
                [
                    "202201",
                    21
                ]
            ],
            "rank_gap":-62
        },
        {
            "index":572,
            "아파트명":"행당대림",
            "투자타입":"일반",
            "전용면적(m2)":"83.76",
            "전용면적(평)":"25평",
            "법정동주소":"서울시 성동구 행당동 347",
            "도로명주소":"서울시 성동구 행당로 79",
            "세대수":100,
            "입주년차":20,
            "용적률점수":"--",
            "건폐율점수":"--",
            "세대당주차수":0,
            "난방방식":30,
            "공급면적":"--",
            "전용률":"--",
            "욕실수":50,
            "현관타입":10,
            "주거총점":48.0,
            "지역구공급총점":100.0,
            "역세권":80,
            "30분내 이동가능 거점":100,
            "1시간내 이동가능 거점":100,
            "교통총점":90.0,
            "백화점":0,
            "아울렛몰":100,
            "대형마트":80,
            "은행":0,
            "병원":0,
            "종합병원":100,
            "공원":100,
            "혐오시설":0,
            "인프라총점":45.0,
            "초등학군":89.96,
            "중학군":48.8,
            "학군총점":57.032,
            "인구수":32.17,
            "인구증감":-14.67,
            "인구총점":18.118,
            "일자리":21.43,
            "소득수준":63.3,
            "일자리총점":33.991,
            "가치 총점":63.1548,
            "매매실거래년":20211224.0,
            "매매실거래가":173000.0,
            "전세실거래년":20220122.0,
            "전세실거래가":60000.0,
            "전세가율":51.06,
            "장기전세가율평균":67.55,
            "전세가율거품지수":16.49,
            "검색코드":950,
            "세대수":3404.0,
            "준공년월":"2000-12-30",
            "준공년차":23.0,
            "가까운역이름":"행당",
            "가까운역거리":199.32,
            "역세권여부":"역세권",
            "30분이내주요거점역":6,
            "30분거점역이름":"['역삼', '여의도', '을지로입구', '을지로3가', '왕십리', '명동']",
            "1시간이내주요거점역":15,
            "1시간거점역이름":"['강남', '역삼', '잠실', '판교', '여의도', '을지로입구', '을지로3가', '양재', '가산디지털단지', '왕십리', '홍대입구', '구로디지털단지', '명동', '서현', '마곡']",
            "3km이내백화점수":0,
            "5km이내아울렛몰수":2,
            "1km이내대형먀트수":1,
            "500m이내은행수":1,
            "500m이내병원수":0,
            "5km이내대형병원수":11,
            "500m이내공원수":8,
            "3km이내혐오시설수":0,
            "초등학교학업성취도":89.96,
            "중학교학업성취도":80.6,
            "용적률":254,
            "건폐율":22,
            "Y":37.557759,
            "X":127.027283,
            "rank":84.0,
            "area_info":"25평(83.76), 31평(104.58), 41평(137.26)",
            "last_sales":"2021-12-24,173000.0,41평(137.26)",
            "rank_history":[
                [
                    "202202",
                    84
                ],
                [
                    "202201",
                    25
                ]
            ],
            "rank_gap":-59
        },
        {
            "index":277,
            "아파트명":"트리마제",
            "투자타입":"일반",
            "전용면적(m2)":"39.18",
            "전용면적(평)":"11평",
            "법정동주소":"서울시 성동구 성수동1가 718",
            "도로명주소":"서울시 성동구 왕십리로 16",
            "세대수":50,
            "입주년차":80,
            "용적률점수":"--",
            "건폐율점수":"--",
            "세대당주차수":60,
            "난방방식":30,
            "공급면적":"--",
            "전용률":"--",
            "욕실수":50,
            "현관타입":100,
            "주거총점":60.5,
            "지역구공급총점":100.0,
            "역세권":50,
            "30분내 이동가능 거점":40,
            "1시간내 이동가능 거점":100,
            "교통총점":57.0,
            "백화점":100,
            "아울렛몰":80,
            "대형마트":80,
            "은행":0,
            "병원":0,
            "종합병원":100,
            "공원":80,
            "혐오시설":0,
            "인프라총점":72.4,
            "초등학군":89.96,
            "중학군":47.68,
            "학군총점":56.136,
            "인구수":32.17,
            "인구증감":-14.67,
            "인구총점":18.118,
            "일자리":21.43,
            "소득수준":63.3,
            "일자리총점":33.991,
            "가치 총점":62.1904,
            "매매실거래년":20211227.0,
            "매매실거래가":550000.0,
            "전세실거래년":20211208.0,
            "전세실거래가":70000.0,
            "전세가율":66.67,
            "장기전세가율평균":67.55,
            "전세가율거품지수":0.88,
            "검색코드":108405,
            "세대수":688.0,
            "준공년월":"2017-05-29",
            "준공년차":6.0,
            "가까운역이름":"서울숲",
            "가까운역거리":525.69,
            "역세권여부":"준역세권",
            "30분이내주요거점역":2,
            "30분거점역이름":"['역삼', '왕십리']",
            "1시간이내주요거점역":16,
            "1시간거점역이름":"['강남', '역삼', '잠실', '판교', '여의도', '을지로입구', '을지로3가', '양재', '정자', '평촌', '가산디지털단지', '왕십리', '홍대입구', '구로디지털단지', '명동', '서현']",
            "3km이내백화점수":3,
            "5km이내아울렛몰수":1,
            "1km이내대형먀트수":1,
            "500m이내은행수":0,
            "500m이내병원수":0,
            "5km이내대형병원수":7,
            "500m이내공원수":1,
            "3km이내혐오시설수":0,
            "초등학교학업성취도":89.96,
            "중학교학업성취도":79.0,
            "용적률":319,
            "건폐율":16,
            "Y":37.538893,
            "X":127.044942,
            "rank":85.0,
            "area_info":"11평(39.18), 16평(53.84), 22평(74.09), 28평(95.52), 37평(124.8), 38평(126.66), 38평(128.9), 56평(185.82), 57평(189.02), 61평(204.49), 88평(292.31)",
            "last_sales":"2021-12-27,550000.0,61평(204.49)",
            "rank_history":[
                [
                    "202202",
                    85
                ],
                [
                    "202201",
                    87
                ]
            ],
            "rank_gap":2
        },
        {
            "index":16,
            "아파트명":"신금호두산위브",
            "투자타입":"일반",
            "전용면적(m2)":"79.34",
            "전용면적(평)":"24평",
            "법정동주소":"서울시 성동구 금호동1가 1818",
            "도로명주소":"서울시 성동구 행당로 27",
            "세대수":0,
            "입주년차":40,
            "용적률점수":"--",
            "건폐율점수":"--",
            "세대당주차수":30,
            "난방방식":30,
            "공급면적":"--",
            "전용률":"--",
            "욕실수":100,
            "현관타입":100,
            "주거총점":35.5,
            "지역구공급총점":100.0,
            "역세권":80,
            "30분내 이동가능 거점":100,
            "1시간내 이동가능 거점":100,
            "교통총점":90.0,
            "백화점":0,
            "아울렛몰":100,
            "대형마트":80,
            "은행":20,
            "병원":0,
            "종합병원":100,
            "공원":100,
            "혐오시설":0,
            "인프라총점":47.0,
            "초등학군":89.98,
            "중학군":50.68,
            "학군총점":58.54,
            "인구수":32.17,
            "인구증감":-14.67,
            "인구총점":18.118,
            "일자리":21.43,
            "소득수준":63.3,
            "일자리총점":33.991,
            "가치 총점":61.481,
            "매매실거래년":20210812.0,
            "매매실거래가":138000.0,
            "전세실거래년":20210415.0,
            "전세실거래가":48300.0,
            "전세가율":46.89,
            "장기전세가율평균":67.55,
            "전세가율거품지수":20.66,
            "검색코드":17512,
            "세대수":169.0,
            "준공년월":"2006-03-31",
            "준공년차":17.0,
            "가까운역이름":"신금호",
            "가까운역거리":273.92,
            "역세권여부":"역세권",
            "30분이내주요거점역":5,
            "30분거점역이름":"['여의도', '을지로입구', '을지로3가', '왕십리', '명동']",
            "1시간이내주요거점역":14,
            "1시간거점역이름":"['강남', '역삼', '잠실', '판교', '여의도', '을지로입구', '을지로3가', '양재', '가산디지털단지', '왕십리', '홍대입구', '구로디지털단지', '명동', '마곡']",
            "3km이내백화점수":0,
            "5km이내아울렛몰수":2,
            "1km이내대형먀트수":1,
            "500m이내은행수":2,
            "500m이내병원수":0,
            "5km이내대형병원수":10,
            "500m이내공원수":6,
            "3km이내혐오시설수":0,
            "초등학교학업성취도":89.98,
            "중학교학업성취도":83.6,
            "용적률":243,
            "건폐율":23,
            "Y":37.556144,
            "X":127.022698,
            "rank":86.0,
            "area_info":"24평(79.34), 24평(79.35), 33평(109.11), 33평(109.11), 33평(109.11), 34평(113.29), 43평(143.44)",
            "last_sales":"2021-08-12,138000.0,43평(143.44)",
            "rank_history":[
                [
                    "202202",
                    86
                ],
                [
                    "202201",
                    85
                ]
            ],
            "rank_gap":-1
        },
        {
            "index":298,
            "아파트명":"대명루첸",
            "투자타입":"일반",
            "전용면적(m2)":"113.5",
            "전용면적(평)":"34평",
            "법정동주소":"서울시 성동구 성수동2가 840",
            "도로명주소":"서울시 성동구 뚝섬로 436",
            "세대수":0,
            "입주년차":60,
            "용적률점수":"--",
            "건폐율점수":"--",
            "세대당주차수":30,
            "난방방식":30,
            "공급면적":"--",
            "전용률":"--",
            "욕실수":100,
            "현관타입":100,
            "주거총점":39.5,
            "지역구공급총점":100.0,
            "역세권":50,
            "30분내 이동가능 거점":60,
            "1시간내 이동가능 거점":100,
            "교통총점":63.0,
            "백화점":100,
            "아울렛몰":80,
            "대형마트":80,
            "은행":70,
            "병원":0,
            "종합병원":100,
            "공원":80,
            "혐오시설":0,
            "인프라총점":79.4,
            "초등학군":89.99,
            "중학군":41.6,
            "학군총점":51.278,
            "인구수":32.17,
            "인구증감":-14.67,
            "인구총점":18.118,
            "일자리":21.43,
            "소득수준":63.3,
            "일자리총점":33.991,
            "가치 총점":61.4617,
            "매매실거래년":20130628.0,
            "매매실거래가":36813.0,
            "전세실거래년":null,
            "전세실거래가":null,
            "전세가율":null,
            "장기전세가율평균":67.55,
            "전세가율거품지수":null,
            "검색코드":100075,
            "세대수":114.0,
            "준공년월":"2009-02-06",
            "준공년차":14.0,
            "가까운역이름":"성수",
            "가까운역거리":872.09,
            "역세권여부":"준역세권",
            "30분이내주요거점역":3,
            "30분거점역이름":"['강남', '역삼', '왕십리']",
            "1시간이내주요거점역":16,
            "1시간거점역이름":"['강남', '역삼', '잠실', '판교', '여의도', '을지로입구', '을지로3가', '양재', '정자', '평촌', '가산디지털단지', '왕십리', '홍대입구', '구로디지털단지', '명동', '서현']",
            "3km이내백화점수":3,
            "5km이내아울렛몰수":1,
            "1km이내대형먀트수":1,
            "500m이내은행수":3,
            "500m이내병원수":0,
            "5km이내대형병원수":7,
            "500m이내공원수":1,
            "3km이내혐오시설수":0,
            "초등학교학업성취도":89.99,
            "중학교학업성취도":68.6,
            "용적률":248,
            "건폐율":27,
            "Y":37.537158,
            "X":127.059154,
            "rank":87.0,
            "area_info":"34평(113.5), 34평(113.5), 34평(113.5), 46평(153.76)",
            "last_sales":"2013-06-28,36813.0,46평(153.76)",
            "rank_history":[
                [
                    "202202",
                    87
                ],
                [
                    "202201",
                    84
                ]
            ],
            "rank_gap":-3
        },
        {
            "index":221,
            "아파트명":"성수동아그린",
            "투자타입":"일반",
            "전용면적(m2)":"75.55",
            "전용면적(평)":"22평",
            "법정동주소":"서울시 성동구 성수동1가 708",
            "도로명주소":"서울시 성동구 상원길 76",
            "세대수":30,
            "입주년차":20,
            "용적률점수":"--",
            "건폐율점수":"--",
            "세대당주차수":30,
            "난방방식":30,
            "공급면적":"--",
            "전용률":"--",
            "욕실수":50,
            "현관타입":10,
            "주거총점":28.0,
            "지역구공급총점":100.0,
            "역세권":80,
            "30분내 이동가능 거점":80,
            "1시간내 이동가능 거점":100,
            "교통총점":84.0,
            "백화점":100,
            "아울렛몰":80,
            "대형마트":0,
            "은행":0,
            "병원":0,
            "종합병원":100,
            "공원":100,
            "혐오시설":-50,
            "인프라총점":60.0,
            "초등학군":89.99,
            "중학군":41.94,
            "학군총점":51.55,
            "인구수":32.17,
            "인구증감":-14.67,
            "인구총점":18.118,
            "일자리":21.43,
            "소득수준":63.3,
            "일자리총점":33.991,
            "가치 총점":60.7325,
            "매매실거래년":20210925.0,
            "매매실거래가":142000.0,
            "전세실거래년":20220118.0,
            "전세실거래가":60000.0,
            "전세가율":62.5,
            "장기전세가율평균":67.55,
            "전세가율거품지수":5.05,
            "검색코드":552,
            "세대수":331.0,
            "준공년월":"1999-06-11",
            "준공년차":24.0,
            "가까운역이름":"뚝섬",
            "가까운역거리":409.27,
            "역세권여부":"역세권",
            "30분이내주요거점역":4,
            "30분거점역이름":"['을지로입구', '을지로3가', '왕십리', '명동']",
            "1시간이내주요거점역":15,
            "1시간거점역이름":"['강남', '역삼', '잠실', '판교', '여의도', '을지로입구', '을지로3가', '양재', '정자', '가산디지털단지', '왕십리', '홍대입구', '구로디지털단지', '명동', '서현']",
            "3km이내백화점수":2,
            "5km이내아울렛몰수":1,
            "1km이내대형먀트수":0,
            "500m이내은행수":1,
            "500m이내병원수":0,
            "5km이내대형병원수":11,
            "500m이내공원수":2,
            "3km이내혐오시설수":1,
            "초등학교학업성취도":89.99,
            "중학교학업성취도":68.7,
            "용적률":279,
            "건폐율":27,
            "Y":37.550802,
            "X":127.04822,
            "rank":88.0,
            "area_info":"22평(75.55), 33평(109.98), 33평(110.01), 43평(145.22)",
            "last_sales":"2021-09-25,142000.0,43평(145.22)",
            "rank_history":[
                [
                    "202202",
                    88
                ],
                [
                    "202201",
                    86
                ]
            ],
            "rank_gap":-2
        },
        {
            "index":487,
            "아파트명":"왕십리자이",
            "투자타입":"일반",
            "전용면적(m2)":"73.17",
            "전용면적(평)":"22평",
            "법정동주소":"서울시 성동구 하왕십리동 1071",
            "도로명주소":"서울시 성동구 난계로 100",
            "세대수":80,
            "입주년차":80,
            "용적률점수":"--",
            "건폐율점수":"--",
            "세대당주차수":60,
            "난방방식":30,
            "공급면적":"--",
            "전용률":"--",
            "욕실수":50,
            "현관타입":100,
            "주거총점":71.0,
            "지역구공급총점":100.0,
            "역세권":50,
            "30분내 이동가능 거점":80,
            "1시간내 이동가능 거점":100,
            "교통총점":69.0,
            "백화점":0,
            "아울렛몰":100,
            "대형마트":80,
            "은행":0,
            "병원":0,
            "종합병원":100,
            "공원":100,
            "혐오시설":0,
            "인프라총점":45.0,
            "초등학군":89.98,
            "중학군":50.68,
            "학군총점":58.54,
            "인구수":32.17,
            "인구증감":-14.67,
            "인구총점":18.118,
            "일자리":21.43,
            "소득수준":63.3,
            "일자리총점":33.991,
            "가치 총점":60.631,
            "매매실거래년":20211028.0,
            "매매실거래가":160000.0,
            "전세실거래년":20210716.0,
            "전세실거래가":45500.0,
            "전세가율":43.75,
            "장기전세가율평균":67.55,
            "전세가율거품지수":23.8,
            "검색코드":111002,
            "세대수":713.0,
            "준공년월":"2017-07-28",
            "준공년차":6.0,
            "가까운역이름":"행당",
            "가까운역거리":551.42,
            "역세권여부":"준역세권",
            "30분이내주요거점역":4,
            "30분거점역이름":"['을지로입구', '을지로3가', '왕십리', '명동']",
            "1시간이내주요거점역":13,
            "1시간거점역이름":"['강남', '역삼', '잠실', '여의도', '을지로입구', '을지로3가', '양재', '가산디지털단지', '왕십리', '홍대입구', '구로디지털단지', '명동', '마곡']",
            "3km이내백화점수":0,
            "5km이내아울렛몰수":2,
            "1km이내대형먀트수":1,
            "500m이내은행수":1,
            "500m이내병원수":0,
            "5km이내대형병원수":11,
            "500m이내공원수":5,
            "3km이내혐오시설수":0,
            "초등학교학업성취도":89.98,
            "중학교학업성취도":83.6,
            "용적률":226,
            "건폐율":18,
            "Y":37.560484,
            "X":127.024657,
            "rank":89.0,
            "area_info":"22평(73.17), 22평(73.14), 24평(81.39), 24평(81.83), 24평(82.53), 25평(85.01), 34평(112.79)",
            "last_sales":"2021-10-28,160000.0,34평(112.79)",
            "rank_history":[
                [
                    "202202",
                    89
                ],
                [
                    "202201",
                    38
                ]
            ],
            "rank_gap":-51
        },
        {
            "index":418,
            "아파트명":"중앙하이츠",
            "투자타입":"일반",
            "전용면적(m2)":"85.86",
            "전용면적(평)":"25평",
            "법정동주소":"서울시 성동구 용답동 15",
            "도로명주소":"서울시 성동구 용답중앙27길 10",
            "세대수":0,
            "입주년차":0,
            "용적률점수":"--",
            "건폐율점수":"--",
            "세대당주차수":0,
            "난방방식":30,
            "공급면적":"--",
            "전용률":"--",
            "욕실수":50,
            "현관타입":100,
            "주거총점":18.0,
            "지역구공급총점":100.0,
            "역세권":80,
            "30분내 이동가능 거점":80,
            "1시간내 이동가능 거점":100,
            "교통총점":84.0,
            "백화점":100,
            "아울렛몰":80,
            "대형마트":0,
            "은행":70,
            "병원":0,
            "종합병원":100,
            "공원":0,
            "혐오시설":0,
            "인프라총점":65.0,
            "초등학군":89.97,
            "중학군":42.44,
            "학군총점":51.946,
            "인구수":32.17,
            "인구증감":-14.67,
            "인구총점":18.118,
            "일자리":21.43,
            "소득수준":63.3,
            "일자리총점":33.991,
            "가치 총점":60.2919,
            "매매실거래년":20210827.0,
            "매매실거래가":73400.0,
            "전세실거래년":20210520.0,
            "전세실거래가":30000.0,
            "전세가율":40.87,
            "장기전세가율평균":67.55,
            "전세가율거품지수":26.68,
            "검색코드":9984,
            "세대수":136.0,
            "준공년월":"1995-11-27",
            "준공년차":28.0,
            "가까운역이름":"용답",
            "가까운역거리":435.19,
            "역세권여부":"역세권",
            "30분이내주요거점역":4,
            "30분거점역이름":"['을지로입구', '을지로3가', '왕십리', '명동']",
            "1시간이내주요거점역":12,
            "1시간거점역이름":"['강남', '역삼', '잠실', '판교', '여의도', '을지로입구', '을지로3가', '양재', '왕십리', '홍대입구', '구로디지털단지', '명동']",
            "3km이내백화점수":1,
            "5km이내아울렛몰수":1,
            "1km이내대형먀트수":0,
            "500m이내은행수":3,
            "500m이내병원수":0,
            "5km이내대형병원수":10,
            "500m이내공원수":0,
            "3km이내혐오시설수":0,
            "초등학교학업성취도":89.97,
            "중학교학업성취도":70.4,
            "용적률":355,
            "건폐율":34,
            "Y":37.563179,
            "X":127.055567,
            "rank":90.0,
            "area_info":"25평(85.86), 33평(109.53)",
            "last_sales":"2021-08-27,73400.0,25평(85.86)",
            "rank_history":[
                [
                    "202202",
                    90
                ],
                [
                    "202201",
                    88
                ]
            ],
            "rank_gap":-2
        },
        {
            "index":323,
            "아파트명":"성수두산위브",
            "투자타입":"일반",
            "전용면적(m2)":"91.31",
            "전용면적(평)":"27평",
            "법정동주소":"서울시 성동구 성수동2가 838",
            "도로명주소":"서울시 성동구 뚝섬로 434",
            "세대수":0,
            "입주년차":40,
            "용적률점수":"--",
            "건폐율점수":"--",
            "세대당주차수":60,
            "난방방식":30,
            "공급면적":"--",
            "전용률":"--",
            "욕실수":100,
            "현관타입":100,
            "주거총점":40.0,
            "지역구공급총점":100.0,
            "역세권":50,
            "30분내 이동가능 거점":40,
            "1시간내 이동가능 거점":100,
            "교통총점":57.0,
            "백화점":100,
            "아울렛몰":80,
            "대형마트":80,
            "은행":70,
            "병원":0,
            "종합병원":100,
            "공원":80,
            "혐오시설":0,
            "인프라총점":79.4,
            "초등학군":89.99,
            "중학군":41.6,
            "학군총점":51.278,
            "인구수":32.17,
            "인구증감":-14.67,
            "인구총점":18.118,
            "일자리":21.43,
            "소득수준":63.3,
            "일자리총점":33.991,
            "가치 총점":59.4617,
            "매매실거래년":20200520.0,
            "매매실거래가":138500.0,
            "전세실거래년":20150607.0,
            "전세실거래가":30000.0,
            "전세가율":60.0,
            "장기전세가율평균":67.55,
            "전세가율거품지수":7.55,
            "검색코드":19369,
            "세대수":157.0,
            "준공년월":"2006-05-30",
            "준공년차":17.0,
            "가까운역이름":"성수",
            "가까운역거리":838.97,
            "역세권여부":"준역세권",
            "30분이내주요거점역":2,
            "30분거점역이름":"['강남', '역삼']",
            "1시간이내주요거점역":15,
            "1시간거점역이름":"['강남', '역삼', '잠실', '판교', '여의도', '을지로입구', '을지로3가', '양재', '정자', '평촌', '가산디지털단지', '왕십리', '홍대입구', '구로디지털단지', '명동']",
            "3km이내백화점수":3,
            "5km이내아울렛몰수":1,
            "1km이내대형먀트수":1,
            "500m이내은행수":4,
            "500m이내병원수":0,
            "5km이내대형병원수":7,
            "500m이내공원수":1,
            "3km이내혐오시설수":0,
            "초등학교학업성취도":89.99,
            "중학교학업성취도":68.6,
            "용적률":243,
            "건폐율":25,
            "Y":37.537334,
            "X":127.058609,
            "rank":91.0,
            "area_info":"27평(91.31), 32평(106.88), 32평(108.4), 33평(111.41), 47평(155.61), 48평(159.11), 54평(179.46)",
            "last_sales":"2020-05-20,138500.0,47평(155.61)",
            "rank_history":[
                [
                    "202202",
                    91
                ],
                [
                    "202201",
                    89
                ]
            ],
            "rank_gap":-2
        },
        {
            "index":372,
            "아파트명":"극동그린",
            "투자타입":"일반",
            "전용면적(m2)":"83.52",
            "전용면적(평)":"25평",
            "법정동주소":"서울시 성동구 옥수동 436",
            "도로명주소":"서울시 성동구 독서당로 175",
            "세대수":50,
            "입주년차":0,
            "용적률점수":"--",
            "건폐율점수":"--",
            "세대당주차수":0,
            "난방방식":80,
            "공급면적":"--",
            "전용률":"--",
            "욕실수":50,
            "현관타입":10,
            "주거총점":31.5,
            "지역구공급총점":100.0,
            "역세권":50,
            "30분내 이동가능 거점":100,
            "1시간내 이동가능 거점":100,
            "교통총점":75.0,
            "백화점":100,
            "아울렛몰":100,
            "대형마트":0,
            "은행":0,
            "병원":0,
            "종합병원":100,
            "공원":0,
            "혐오시설":0,
            "인프라총점":60.0,
            "초등학군":89.96,
            "중학군":47.98,
            "학군총점":56.376,
            "인구수":32.17,
            "인구증감":-14.67,
            "인구총점":18.118,
            "일자리":21.43,
            "소득수준":63.3,
            "일자리총점":33.991,
            "가치 총점":59.0064,
            "매매실거래년":20210709.0,
            "매매실거래가":142000.0,
            "전세실거래년":20211120.0,
            "전세실거래가":58000.0,
            "전세가율":49.36,
            "장기전세가율평균":67.55,
            "전세가율거품지수":18.19,
            "검색코드":563,
            "세대수":583.0,
            "준공년월":"1997-10-02",
            "준공년차":26.0,
            "가까운역이름":"버티고개",
            "가까운역거리":716.63,
            "역세권여부":"준역세권",
            "30분이내주요거점역":6,
            "30분거점역이름":"['강남', '역삼', '을지로입구', '을지로3가', '왕십리', '명동']",
            "1시간이내주요거점역":16,
            "1시간거점역이름":"['강남', '역삼', '잠실', '판교', '여의도', '을지로입구', '을지로3가', '양재', '정자', '가산디지털단지', '왕십리', '홍대입구', '구로디지털단지', '명동', '서현', '마곡']",
            "3km이내백화점수":1,
            "5km이내아울렛몰수":2,
            "1km이내대형먀트수":0,
            "500m이내은행수":1,
            "500m이내병원수":0,
            "5km이내대형병원수":10,
            "500m이내공원수":0,
            "3km이내혐오시설수":0,
            "초등학교학업성취도":89.96,
            "중학교학업성취도":78.9,
            "용적률":291,
            "건폐율":22,
            "Y":37.541954,
            "X":127.009825,
            "rank":92.0,
            "area_info":"25평(83.52), 32평(109.09), 42평(141.82)",
            "last_sales":"2021-07-09,142000.0,42평(141.82)",
            "rank_history":[
                [
                    "202202",
                    92
                ],
                [
                    "202201",
                    91
                ]
            ],
            "rank_gap":-1
        },
        {
            "index":342,
            "아파트명":"신성노바빌",
            "투자타입":"일반",
            "전용면적(m2)":"86.88",
            "전용면적(평)":"26평",
            "법정동주소":"서울시 성동구 성수동2가 833",
            "도로명주소":"서울시 성동구 뚝섬로13길 11",
            "세대수":0,
            "입주년차":20,
            "용적률점수":"--",
            "건폐율점수":"--",
            "세대당주차수":0,
            "난방방식":30,
            "공급면적":"--",
            "전용률":"--",
            "욕실수":50,
            "현관타입":10,
            "주거총점":13.0,
            "지역구공급총점":100.0,
            "역세권":50,
            "30분내 이동가능 거점":100,
            "1시간내 이동가능 거점":100,
            "교통총점":75.0,
            "백화점":100,
            "아울렛몰":0,
            "대형마트":80,
            "은행":70,
            "병원":0,
            "종합병원":100,
            "공원":100,
            "혐오시설":0,
            "인프라총점":72.0,
            "초등학군":89.99,
            "중학군":41.6,
            "학군총점":51.278,
            "인구수":32.17,
            "인구증감":-14.67,
            "인구총점":18.118,
            "일자리":21.43,
            "소득수준":63.3,
            "일자리총점":33.991,
            "가치 총점":58.1417,
            "매매실거래년":20211222.0,
            "매매실거래가":108000.0,
            "전세실거래년":20220128.0,
            "전세실거래가":38800.0,
            "전세가율":35.93,
            "장기전세가율평균":67.55,
            "전세가율거품지수":31.62,
            "검색코드":3419,
            "세대수":146.0,
            "준공년월":"2001-12-21",
            "준공년차":22.0,
            "가까운역이름":"성수",
            "가까운역거리":616.09,
            "역세권여부":"준역세권",
            "30분이내주요거점역":6,
            "30분거점역이름":"['역삼', '잠실', '을지로입구', '을지로3가', '왕십리', '명동']",
            "1시간이내주요거점역":14,
            "1시간거점역이름":"['강남', '역삼', '잠실', '판교', '여의도', '을지로입구', '을지로3가', '양재', '정자', '왕십리', '홍대입구', '구로디지털단지', '명동', '서현']",
            "3km이내백화점수":3,
            "5km이내아울렛몰수":0,
            "1km이내대형먀트수":1,
            "500m이내은행수":4,
            "500m이내병원수":0,
            "5km이내대형병원수":7,
            "500m이내공원수":3,
            "3km이내혐오시설수":0,
            "초등학교학업성취도":89.99,
            "중학교학업성취도":68.6,
            "용적률":246,
            "건폐율":26,
            "Y":37.539115,
            "X":127.057104,
            "rank":93.0,
            "area_info":"26평(86.88), 33평(109.16), 33평(109.16)",
            "last_sales":"2021-12-22,108000.0,26평(86.88)",
            "rank_history":[
                [
                    "202202",
                    93
                ],
                [
                    "202201",
                    90
                ]
            ],
            "rank_gap":-3
        },
        {
            "index":320,
            "아파트명":"성수대우1차",
            "투자타입":"일반",
            "전용면적(m2)":"79.68",
            "전용면적(평)":"24평",
            "법정동주소":"서울시 성동구 성수동2가 279-50",
            "도로명주소":"서울시 성동구 동일로 143",
            "세대수":0,
            "입주년차":20,
            "용적률점수":"--",
            "건폐율점수":"--",
            "세대당주차수":60,
            "난방방식":30,
            "공급면적":"--",
            "전용률":"--",
            "욕실수":50,
            "현관타입":10,
            "주거총점":22.0,
            "지역구공급총점":100.0,
            "역세권":50,
            "30분내 이동가능 거점":80,
            "1시간내 이동가능 거점":100,
            "교통총점":69.0,
            "백화점":100,
            "아울렛몰":80,
            "대형마트":0,
            "은행":100,
            "병원":0,
            "종합병원":100,
            "공원":80,
            "혐오시설":0,
            "인프라총점":70.4,
            "초등학군":89.98,
            "중학군":41.6,
            "학군총점":51.276,
            "인구수":32.17,
            "인구증감":-14.67,
            "인구총점":18.118,
            "일자리":21.43,
            "소득수준":63.3,
            "일자리총점":33.991,
            "가치 총점":57.3614,
            "매매실거래년":20211115.0,
            "매매실거래가":73000.0,
            "전세실거래년":20201109.0,
            "전세실거래가":24150.0,
            "전세가율":33.08,
            "장기전세가율평균":67.55,
            "전세가율거품지수":34.47,
            "검색코드":1174,
            "세대수":108.0,
            "준공년월":"1999-04-30",
            "준공년차":24.0,
            "가까운역이름":"건대입구",
            "가까운역거리":672.69,
            "역세권여부":"준역세권",
            "30분이내주요거점역":4,
            "30분거점역이름":"['강남', '역삼', '잠실', '왕십리']",
            "1시간이내주요거점역":16,
            "1시간거점역이름":"['강남', '역삼', '잠실', '판교', '여의도', '을지로입구', '을지로3가', '양재', '정자', '평촌', '가산디지털단지', '왕십리', '홍대입구', '구로디지털단지', '명동', '서현']",
            "3km이내백화점수":2,
            "5km이내아울렛몰수":1,
            "1km이내대형먀트수":0,
            "500m이내은행수":9,
            "500m이내병원수":0,
            "5km이내대형병원수":8,
            "500m이내공원수":1,
            "3km이내혐오시설수":0,
            "초등학교학업성취도":89.98,
            "중학교학업성취도":68.6,
            "용적률":421,
            "건폐율":59,
            "Y":37.54535,
            "X":127.06536,
            "rank":94.0,
            "area_info":"24평(79.68), 34평(113.32), 34평(113.19)",
            "last_sales":"2021-11-15,73000.0,24평(79.68)",
            "rank_history":[
                [
                    "202202",
                    94
                ],
                [
                    "202201",
                    92
                ]
            ],
            "rank_gap":-2
        },
        {
            "index":229,
            "아파트명":"성수현대그린",
            "투자타입":"일반",
            "전용면적(m2)":"77.39",
            "전용면적(평)":"23평",
            "법정동주소":"서울시 성동구 성수동1가 33-2",
            "도로명주소":"서울시 성동구 뚝섬로3길 6",
            "세대수":0,
            "입주년차":0,
            "용적률점수":"--",
            "건폐율점수":"--",
            "세대당주차수":30,
            "난방방식":30,
            "공급면적":"--",
            "전용률":"--",
            "욕실수":50,
            "현관타입":10,
            "주거총점":13.5,
            "지역구공급총점":100.0,
            "역세권":50,
            "30분내 이동가능 거점":60,
            "1시간내 이동가능 거점":100,
            "교통총점":63.0,
            "백화점":100,
            "아울렛몰":80,
            "대형마트":80,
            "은행":70,
            "병원":0,
            "종합병원":100,
            "공원":100,
            "혐오시설":0,
            "인프라총점":80.0,
            "초등학군":89.96,
            "중학군":39.5,
            "학군총점":49.592,
            "인구수":32.17,
            "인구증감":-14.67,
            "인구총점":18.118,
            "일자리":21.43,
            "소득수준":63.3,
            "일자리총점":33.991,
            "가치 총점":56.1888,
            "매매실거래년":20220109.0,
            "매매실거래가":110000.0,
            "전세실거래년":20211004.0,
            "전세실거래가":38850.0,
            "전세가율":35.32,
            "장기전세가율평균":67.55,
            "전세가율거품지수":32.23,
            "검색코드":561,
            "세대수":219.0,
            "준공년월":"1994-02-04",
            "준공년차":29.0,
            "가까운역이름":"서울숲",
            "가까운역거리":575.03,
            "역세권여부":"준역세권",
            "30분이내주요거점역":3,
            "30분거점역이름":"['역삼', '을지로3가', '왕십리']",
            "1시간이내주요거점역":15,
            "1시간거점역이름":"['강남', '역삼', '잠실', '판교', '여의도', '을지로입구', '을지로3가', '양재', '정자', '가산디지털단지', '왕십리', '홍대입구', '구로디지털단지', '명동', '서현']",
            "3km이내백화점수":3,
            "5km이내아울렛몰수":1,
            "1km이내대형먀트수":1,
            "500m이내은행수":4,
            "500m이내병원수":0,
            "5km이내대형병원수":8,
            "500m이내공원수":4,
            "3km이내혐오시설수":0,
            "초등학교학업성취도":89.96,
            "중학교학업성취도":65.3,
            "용적률":299,
            "건폐율":21,
            "Y":37.54064,
            "X":127.05004,
            "rank":95.0,
            "area_info":"23평(77.39), 33평(110.69)",
            "last_sales":"2022-01-09,110000.0,23평(77.39)",
            "rank_history":[
                [
                    "202202",
                    95
                ],
                [
                    "202201",
                    93
                ]
            ],
            "rank_gap":-2
        },
        {
            "index":292,
            "아파트명":"현대",
            "투자타입":"재건축",
            "전용면적(m2)":"82.29",
            "전용면적(평)":"24평",
            "법정동주소":"서울시 성동구 성수동1가 676-5",
            "도로명주소":"서울시 성동구 서울숲길 25",
            "세대수":0,
            "입주년차":"--",
            "용적률점수":20,
            "건폐율점수":0,
            "세대당주차수":"--",
            "난방방식":"--",
            "공급면적":70,
            "전용률":60,
            "욕실수":"--",
            "현관타입":"--",
            "주거총점":14.5,
            "지역구공급총점":100.0,
            "역세권":50,
            "30분내 이동가능 거점":100,
            "1시간내 이동가능 거점":100,
            "교통총점":75.0,
            "백화점":100,
            "아울렛몰":80,
            "대형마트":0,
            "은행":0,
            "병원":0,
            "종합병원":100,
            "공원":0,
            "혐오시설":0,
            "인프라총점":58.0,
            "초등학군":89.98,
            "중학군":50.44,
            "학군총점":58.348,
            "인구수":32.17,
            "인구증감":-14.67,
            "인구총점":18.118,
            "일자리":21.43,
            "소득수준":63.3,
            "일자리총점":33.991,
            "가치 총점":55.3022,
            "매매실거래년":20211022.0,
            "매매실거래가":175000.0,
            "전세실거래년":20211220.0,
            "전세실거래가":36750.0,
            "전세가율":32.24,
            "장기전세가율평균":67.55,
            "전세가율거품지수":35.31,
            "검색코드":1,
            "세대수":217.0,
            "준공년월":"1990-09-22",
            "준공년차":33.0,
            "가까운역이름":"응봉",
            "가까운역거리":574.86,
            "역세권여부":"준역세권",
            "30분이내주요거점역":6,
            "30분거점역이름":"['강남', '역삼', '을지로입구', '을지로3가', '왕십리', '명동']",
            "1시간이내주요거점역":16,
            "1시간거점역이름":"['강남', '역삼', '잠실', '판교', '여의도', '을지로입구', '을지로3가', '양재', '정자', '평촌', '가산디지털단지', '왕십리', '홍대입구', '구로디지털단지', '명동', '서현']",
            "3km이내백화점수":3,
            "5km이내아울렛몰수":1,
            "1km이내대형먀트수":0,
            "500m이내은행수":1,
            "500m이내병원수":0,
            "5km이내대형병원수":11,
            "500m이내공원수":0,
            "3km이내혐오시설수":0,
            "초등학교학업성취도":89.98,
            "중학교학업성취도":82.4,
            "용적률":255,
            "건폐율":0,
            "Y":37.548119,
            "X":127.040638,
            "rank":96.0,
            "area_info":"24평(82.29), 27평(89.83), 31평(103.32), 31평(104.86)",
            "last_sales":"2021-10-22,175000.0,31평(103.32)",
            "rank_history":[
                [
                    "202202",
                    96
                ],
                [
                    "202201",
                    94
                ]
            ],
            "rank_gap":-2
        },
        {
            "index":446,
            "아파트명":"극동미라주",
            "투자타입":"일반",
            "전용면적(m2)":"89.79",
            "전용면적(평)":"27평",
            "법정동주소":"서울시 성동구 하왕십리동 1058",
            "도로명주소":"서울시 성동구 난계로 73",
            "세대수":50,
            "입주년차":20,
            "용적률점수":"--",
            "건폐율점수":"--",
            "세대당주차수":30,
            "난방방식":30,
            "공급면적":"--",
            "전용률":"--",
            "욕실수":50,
            "현관타입":10,
            "주거총점":35.0,
            "지역구공급총점":100.0,
            "역세권":50,
            "30분내 이동가능 거점":80,
            "1시간내 이동가능 거점":100,
            "교통총점":69.0,
            "백화점":0,
            "아울렛몰":100,
            "대형마트":80,
            "은행":0,
            "병원":0,
            "종합병원":100,
            "공원":100,
            "혐오시설":0,
            "인프라총점":45.0,
            "초등학군":89.98,
            "중학군":50.68,
            "학군총점":58.54,
            "인구수":32.17,
            "인구증감":-14.67,
            "인구총점":18.118,
            "일자리":21.43,
            "소득수준":63.3,
            "일자리총점":33.991,
            "가치 총점":53.431,
            "매매실거래년":20210720.0,
            "매매실거래가":130000.0,
            "전세실거래년":20220124.0,
            "전세실거래가":53000.0,
            "전세가율":62.35,
            "장기전세가율평균":67.55,
            "전세가율거품지수":5.2,
            "검색코드":3420,
            "세대수":414.0,
            "준공년월":"2001-12-14",
            "준공년차":22.0,
            "가까운역이름":"신금호",
            "가까운역거리":533.6,
            "역세권여부":"준역세권",
            "30분이내주요거점역":4,
            "30분거점역이름":"['을지로입구', '을지로3가', '왕십리', '명동']",
            "1시간이내주요거점역":14,
            "1시간거점역이름":"['강남', '역삼', '잠실', '판교', '여의도', '을지로입구', '을지로3가', '양재', '가산디지털단지', '왕십리', '홍대입구', '구로디지털단지', '명동', '마곡']",
            "3km이내백화점수":0,
            "5km이내아울렛몰수":2,
            "1km이내대형먀트수":1,
            "500m이내은행수":1,
            "500m이내병원수":0,
            "5km이내대형병원수":12,
            "500m이내공원수":5,
            "3km이내혐오시설수":0,
            "초등학교학업성취도":89.98,
            "중학교학업성취도":83.6,
            "용적률":336,
            "건폐율":25,
            "Y":37.558885,
            "X":127.022922,
            "rank":97.0,
            "area_info":"27평(89.79), 29평(95.97), 33평(109.63), 42평(141.17), 42평(141.17)",
            "last_sales":"2021-07-20,130000.0,42평(141.17)",
            "rank_history":[
                [
                    "202202",
                    97
                ],
                [
                    "202201",
                    95
                ]
            ],
            "rank_gap":-2
        },
        {
            "index":345,
            "아파트명":"서울숲IPARK",
            "투자타입":"일반",
            "전용면적(m2)":"84.4",
            "전용면적(평)":"25평",
            "법정동주소":"서울시 성동구 송정동 104",
            "도로명주소":"서울시 성동구 동일로 237",
            "세대수":0,
            "입주년차":60,
            "용적률점수":"--",
            "건폐율점수":"--",
            "세대당주차수":30,
            "난방방식":30,
            "공급면적":"--",
            "전용률":"--",
            "욕실수":100,
            "현관타입":50,
            "주거총점":34.5,
            "지역구공급총점":100.0,
            "역세권":50,
            "30분내 이동가능 거점":60,
            "1시간내 이동가능 거점":100,
            "교통총점":63.0,
            "백화점":100,
            "아울렛몰":0,
            "대형마트":0,
            "은행":20,
            "병원":0,
            "종합병원":100,
            "공원":100,
            "혐오시설":0,
            "인프라총점":55.0,
            "초등학군":89.98,
            "중학군":42.94,
            "학군총점":52.348,
            "인구수":32.17,
            "인구증감":-14.67,
            "인구총점":18.118,
            "일자리":21.43,
            "소득수준":63.3,
            "일자리총점":33.991,
            "가치 총점":53.3022,
            "매매실거래년":20201204.0,
            "매매실거래가":118000.0,
            "전세실거래년":20201109.0,
            "전세실거래가":23625.0,
            "전세가율":42.57,
            "장기전세가율평균":67.55,
            "전세가율거품지수":24.98,
            "검색코드":27132,
            "세대수":241.0,
            "준공년월":"2009-03-12",
            "준공년차":14.0,
            "가까운역이름":"어린이대공원",
            "가까운역거리":705.42,
            "역세권여부":"준역세권",
            "30분이내주요거점역":3,
            "30분거점역이름":"['강남', '역삼', '왕십리']",
            "1시간이내주요거점역":16,
            "1시간거점역이름":"['강남', '역삼', '잠실', '판교', '여의도', '을지로입구', '을지로3가', '양재', '정자', '평촌', '가산디지털단지', '왕십리', '홍대입구', '구로디지털단지', '명동', '서현']",
            "3km이내백화점수":1,
            "5km이내아울렛몰수":0,
            "1km이내대형먀트수":0,
            "500m이내은행수":2,
            "500m이내병원수":0,
            "5km이내대형병원수":9,
            "500m이내공원수":2,
            "3km이내혐오시설수":0,
            "초등학교학업성취도":89.98,
            "중학교학업성취도":70.9,
            "용적률":209,
            "건폐율":23,
            "Y":37.5525,
            "X":127.069,
            "rank":98.0,
            "area_info":"25평(84.4), 30평(100.86), 34평(112.44), 34평(112.63), 33평(112.14), 33평(112.34), 34평(112.79), 46평(152.89)",
            "last_sales":"2020-12-04,118000.0,46평(152.89)",
            "rank_history":[
                [
                    "202202",
                    98
                ],
                [
                    "202201",
                    96
                ]
            ],
            "rank_gap":-2
        },
        {
            "index":225,
            "아파트명":"성수동양",
            "투자타입":"일반",
            "전용면적(m2)":"80.27",
            "전용면적(평)":"24평",
            "법정동주소":"서울시 성동구 성수동1가 479-1",
            "도로명주소":"서울시 성동구 둘레길 21",
            "세대수":0,
            "입주년차":20,
            "용적률점수":"--",
            "건폐율점수":"--",
            "세대당주차수":30,
            "난방방식":30,
            "공급면적":"--",
            "전용률":"--",
            "욕실수":50,
            "현관타입":10,
            "주거총점":17.5,
            "지역구공급총점":100.0,
            "역세권":50,
            "30분내 이동가능 거점":20,
            "1시간내 이동가능 거점":100,
            "교통총점":51.0,
            "백화점":100,
            "아울렛몰":80,
            "대형마트":80,
            "은행":0,
            "병원":0,
            "종합병원":100,
            "공원":80,
            "혐오시설":0,
            "인프라총점":72.4,
            "초등학군":89.96,
            "중학군":39.5,
            "학군총점":49.592,
            "인구수":32.17,
            "인구증감":-14.67,
            "인구총점":18.118,
            "일자리":21.43,
            "소득수준":63.3,
            "일자리총점":33.991,
            "가치 총점":50.5088,
            "매매실거래년":20200919.0,
            "매매실거래가":197000.0,
            "전세실거래년":20220108.0,
            "전세실거래가":65000.0,
            "전세가율":44.61,
            "장기전세가율평균":67.55,
            "전세가율거품지수":22.94,
            "검색코드":8176,
            "세대수":142.0,
            "준공년월":"2001-08-29",
            "준공년차":22.0,
            "가까운역이름":"서울숲",
            "가까운역거리":666.57,
            "역세권여부":"준역세권",
            "30분이내주요거점역":1,
            "30분거점역이름":"['왕십리']",
            "1시간이내주요거점역":16,
            "1시간거점역이름":"['강남', '역삼', '잠실', '판교', '여의도', '을지로입구', '을지로3가', '양재', '정자', '평촌', '가산디지털단지', '왕십리', '홍대입구', '구로디지털단지', '명동', '서현']",
            "3km이내백화점수":3,
            "5km이내아울렛몰수":1,
            "1km이내대형먀트수":1,
            "500m이내은행수":0,
            "500m이내병원수":0,
            "5km이내대형병원수":8,
            "500m이내공원수":1,
            "3km이내혐오시설수":0,
            "초등학교학업성취도":89.96,
            "중학교학업성취도":65.3,
            "용적률":310,
            "건폐율":21,
            "Y":37.537739,
            "X":127.046191,
            "rank":99.0,
            "area_info":"24평(80.27), 32평(106.94), 32평(107.43), 34평(112.77)",
            "last_sales":"2020-09-19,197000.0,32평(107.43)",
            "rank_history":[
                [
                    "202202",
                    99
                ],
                [
                    "202201",
                    97
                ]
            ],
            "rank_gap":-2
        },
        {
            "index":353,
            "아파트명":"송정건영",
            "투자타입":"일반",
            "전용면적(m2)":"86.42",
            "전용면적(평)":"26평",
            "법정동주소":"서울시 성동구 송정동 90",
            "도로명주소":"서울시 성동구 동일로 263",
            "세대수":50,
            "입주년차":20,
            "용적률점수":"--",
            "건폐율점수":"--",
            "세대당주차수":0,
            "난방방식":30,
            "공급면적":"--",
            "전용률":"--",
            "욕실수":50,
            "현관타입":10,
            "주거총점":30.5,
            "지역구공급총점":100.0,
            "역세권":50,
            "30분내 이동가능 거점":40,
            "1시간내 이동가능 거점":100,
            "교통총점":57.0,
            "백화점":100,
            "아울렛몰":0,
            "대형마트":0,
            "은행":0,
            "병원":0,
            "종합병원":100,
            "공원":100,
            "혐오시설":0,
            "인프라총점":53.0,
            "초등학군":89.98,
            "중학군":40.12,
            "학군총점":50.092,
            "인구수":32.17,
            "인구증감":-14.67,
            "인구총점":18.118,
            "일자리":21.43,
            "소득수준":63.3,
            "일자리총점":33.991,
            "가치 총점":49.4638,
            "매매실거래년":20210904.0,
            "매매실거래가":98000.0,
            "전세실거래년":20220119.0,
            "전세실거래가":32550.0,
            "전세가율":44.59,
            "장기전세가율평균":67.55,
            "전세가율거품지수":22.96,
            "검색코드":1178,
            "세대수":447.0,
            "준공년월":"2000-05-10",
            "준공년차":23.0,
            "가까운역이름":"장한평",
            "가까운역거리":780.64,
            "역세권여부":"준역세권",
            "30분이내주요거점역":2,
            "30분거점역이름":"['역삼', '왕십리']",
            "1시간이내주요거점역":14,
            "1시간거점역이름":"['강남', '역삼', '잠실', '판교', '여의도', '을지로입구', '을지로3가', '양재', '정자', '왕십리', '홍대입구', '구로디지털단지', '명동', '서현']",
            "3km이내백화점수":1,
            "5km이내아울렛몰수":0,
            "1km이내대형먀트수":0,
            "500m이내은행수":0,
            "500m이내병원수":0,
            "5km이내대형병원수":9,
            "500m이내공원수":2,
            "3km이내혐오시설수":0,
            "초등학교학업성취도":89.98,
            "중학교학업성취도":66.2,
            "용적률":349,
            "건폐율":22,
            "Y":37.556024,
            "X":127.070258,
            "rank":100.0,
            "area_info":"26평(86.42), 26평(87.33), 32평(107.82), 41평(136.49)",
            "last_sales":"2021-09-04,98000.0,32평(107.82)",
            "rank_history":[
                [
                    "202202",
                    100
                ],
                [
                    "202201",
                    98
                ]
            ],
            "rank_gap":-2
        }
    ]
}