{
    "schema":{
        "fields":[
            {
                "name":"index",
                "type":"integer"
            },
            {
                "name":"아파트명",
                "type":"string"
            },
            {
                "name":"투자타입",
                "type":"string"
            },
            {
                "name":"전용면적(m2)",
                "type":"string"
            },
            {
                "name":"전용면적(평)",
                "type":"string"
            },
            {
                "name":"법정동주소",
                "type":"string"
            },
            {
                "name":"도로명주소",
                "type":"string"
            },
            {
                "name":"세대수",
                "type":"integer"
            },
            {
                "name":"입주년차",
                "type":"string"
            },
            {
                "name":"용적률점수",
                "type":"string"
            },
            {
                "name":"건폐율점수",
                "type":"string"
            },
            {
                "name":"세대당주차수",
                "type":"string"
            },
            {
                "name":"난방방식",
                "type":"string"
            },
            {
                "name":"공급면적",
                "type":"string"
            },
            {
                "name":"전용률",
                "type":"string"
            },
            {
                "name":"욕실수",
                "type":"string"
            },
            {
                "name":"현관타입",
                "type":"string"
            },
            {
                "name":"주거총점",
                "type":"number"
            },
            {
                "name":"지역구공급총점",
                "type":"number"
            },
            {
                "name":"역세권",
                "type":"integer"
            },
            {
                "name":"30분내 이동가능 거점",
                "type":"integer"
            },
            {
                "name":"1시간내 이동가능 거점",
                "type":"integer"
            },
            {
                "name":"교통총점",
                "type":"number"
            },
            {
                "name":"백화점",
                "type":"integer"
            },
            {
                "name":"아울렛몰",
                "type":"integer"
            },
            {
                "name":"대형마트",
                "type":"integer"
            },
            {
                "name":"은행",
                "type":"integer"
            },
            {
                "name":"병원",
                "type":"integer"
            },
            {
                "name":"종합병원",
                "type":"integer"
            },
            {
                "name":"공원",
                "type":"integer"
            },
            {
                "name":"혐오시설",
                "type":"integer"
            },
            {
                "name":"인프라총점",
                "type":"number"
            },
            {
                "name":"초등학군",
                "type":"number"
            },
            {
                "name":"중학군",
                "type":"number"
            },
            {
                "name":"학군총점",
                "type":"number"
            },
            {
                "name":"인구수",
                "type":"number"
            },
            {
                "name":"인구증감",
                "type":"number"
            },
            {
                "name":"인구총점",
                "type":"number"
            },
            {
                "name":"일자리",
                "type":"number"
            },
            {
                "name":"소득수준",
                "type":"number"
            },
            {
                "name":"일자리총점",
                "type":"number"
            },
            {
                "name":"가치 총점",
                "type":"number"
            },
            {
                "name":"매매실거래년",
                "type":"string"
            },
            {
                "name":"매매실거래가",
                "type":"number"
            },
            {
                "name":"전세실거래년",
                "type":"number"
            },
            {
                "name":"전세실거래가",
                "type":"number"
            },
            {
                "name":"전세가율",
                "type":"number"
            },
            {
                "name":"장기전세가율평균",
                "type":"number"
            },
            {
                "name":"전세가율거품지수",
                "type":"number"
            },
            {
                "name":"검색코드",
                "type":"integer"
            },
            {
                "name":"세대수",
                "type":"number"
            },
            {
                "name":"준공년월",
                "type":"string"
            },
            {
                "name":"준공년차",
                "type":"number"
            },
            {
                "name":"가까운역이름",
                "type":"string"
            },
            {
                "name":"가까운역거리",
                "type":"number"
            },
            {
                "name":"역세권여부",
                "type":"string"
            },
            {
                "name":"30분이내주요거점역",
                "type":"integer"
            },
            {
                "name":"30분거점역이름",
                "type":"string"
            },
            {
                "name":"1시간이내주요거점역",
                "type":"integer"
            },
            {
                "name":"1시간거점역이름",
                "type":"string"
            },
            {
                "name":"3km이내백화점수",
                "type":"integer"
            },
            {
                "name":"5km이내아울렛몰수",
                "type":"integer"
            },
            {
                "name":"1km이내대형먀트수",
                "type":"integer"
            },
            {
                "name":"500m이내은행수",
                "type":"integer"
            },
            {
                "name":"500m이내병원수",
                "type":"integer"
            },
            {
                "name":"5km이내대형병원수",
                "type":"integer"
            },
            {
                "name":"500m이내공원수",
                "type":"integer"
            },
            {
                "name":"3km이내혐오시설수",
                "type":"integer"
            },
            {
                "name":"초등학교학업성취도",
                "type":"number"
            },
            {
                "name":"중학교학업성취도",
                "type":"number"
            },
            {
                "name":"용적률",
                "type":"integer"
            },
            {
                "name":"건폐율",
                "type":"integer"
            },
            {
                "name":"Y",
                "type":"number"
            },
            {
                "name":"X",
                "type":"number"
            },
            {
                "name":"rank",
                "type":"number"
            },
            {
                "name":"area_info",
                "type":"string"
            },
            {
                "name":"last_sales",
                "type":"string"
            },
            {
                "name":"rank_history",
                "type":"string"
            },
            {
                "name":"rank_gap",
                "type":"integer"
            }
        ],
        "primaryKey":[
            "index"
        ],
        "pandas_version":"1.4.0"
    },
    "data":[
        {
            "index":204,
            "아파트명":"더샵스타시티",
            "투자타입":"일반",
            "전용면적(m2)":"122.88",
            "전용면적(평)":"37평",
            "법정동주소":"서울시 광진구 자양동 227-7",
            "도로명주소":"서울시 광진구 아차산로 262",
            "세대수":90,
            "입주년차":40,
            "용적률점수":"--",
            "건폐율점수":"--",
            "세대당주차수":100,
            "난방방식":30,
            "공급면적":"--",
            "전용률":"--",
            "욕실수":100,
            "현관타입":50,
            "주거총점":72.5,
            "지역구공급총점":0.0,
            "역세권":80,
            "30분내 이동가능 거점":100,
            "1시간내 이동가능 거점":100,
            "교통총점":90.0,
            "백화점":100,
            "아울렛몰":80,
            "대형마트":100,
            "은행":70,
            "병원":0,
            "종합병원":100,
            "공원":80,
            "혐오시설":0,
            "인프라총점":82.4,
            "초등학군":89.98,
            "중학군":50.2,
            "학군총점":58.156,
            "인구수":39.09,
            "인구증감":-10.31,
            "인구총점":24.27,
            "일자리":15.58,
            "소득수준":53.45,
            "일자리총점":26.941,
            "가치 총점":79.4434,
            "매매실거래년":20211211.0,
            "매매실거래가":277500.0,
            "전세실거래년":20220128.0,
            "전세실거래가":122000.0,
            "전세가율":64.38,
            "장기전세가율평균":64.27,
            "전세가율거품지수":-0.11,
            "검색코드":13457,
            "세대수":1177.0,
            "준공년월":"2007-01-22",
            "준공년차":16.0,
            "가까운역이름":"건대입구",
            "가까운역거리":410.66,
            "역세권여부":"역세권",
            "30분이내주요거점역":5,
            "30분거점역이름":"['강남', '역삼', '잠실', '을지로3가', '왕십리']",
            "1시간이내주요거점역":16,
            "1시간거점역이름":"['강남', '역삼', '잠실', '판교', '여의도', '을지로입구', '을지로3가', '양재', '정자', '평촌', '가산디지털단지', '왕십리', '홍대입구', '구로디지털단지', '명동', '서현']",
            "3km이내백화점수":1,
            "5km이내아울렛몰수":1,
            "1km이내대형먀트수":2,
            "500m이내은행수":4,
            "500m이내병원수":0,
            "5km이내대형병원수":5,
            "500m이내공원수":1,
            "3km이내혐오시설수":0,
            "초등학교학업성취도":89.98,
            "중학교학업성취도":81.2,
            "용적률":414,
            "건폐율":25,
            "Y":37.53751,
            "X":127.072592,
            "rank":1.0,
            "area_info":"37평(122.88), 38평(127.11), 39평(132.08), 42평(141.08), 42평(142.04), 45평(151.3), 49평(162.12), 50평(166.45), 51평(171.83), 53평(176.88), 53평(176.81), 62평(207.2), 68평(225.5), 71평(237.08), 74평(245.28), 94평(312.31)",
            "last_sales":"2021-12-11,277500.0,62평(207.2)",
            "rank_history":[
                [
                    "202202",
                    1
                ],
                [
                    "202201",
                    1
                ]
            ],
            "rank_gap":0
        },
        {
            "index":34,
            "아파트명":"광장힐스테이트",
            "투자타입":"일반",
            "전용면적(m2)":"82.75",
            "전용면적(평)":"25평",
            "법정동주소":"서울시 광진구 광장동 582",
            "도로명주소":"서울시 광진구 아차산로 537-17",
            "세대수":50,
            "입주년차":60,
            "용적률점수":"--",
            "건폐율점수":"--",
            "세대당주차수":60,
            "난방방식":30,
            "공급면적":"--",
            "전용률":"--",
            "욕실수":100,
            "현관타입":100,
            "주거총점":61.5,
            "지역구공급총점":0.0,
            "역세권":80,
            "30분내 이동가능 거점":80,
            "1시간내 이동가능 거점":100,
            "교통총점":84.0,
            "백화점":100,
            "아울렛몰":80,
            "대형마트":80,
            "은행":100,
            "병원":0,
            "종합병원":100,
            "공원":80,
            "혐오시설":0,
            "인프라총점":82.4,
            "초등학군":90.0,
            "중학군":57.3,
            "학군총점":63.84,
            "인구수":39.09,
            "인구증감":-10.31,
            "인구총점":24.27,
            "일자리":15.58,
            "소득수준":53.45,
            "일자리총점":26.941,
            "가치 총점":75.996,
            "매매실거래년":20211023.0,
            "매매실거래가":180000.0,
            "전세실거래년":20211211.0,
            "전세실거래가":110000.0,
            "전세가율":61.11,
            "장기전세가율평균":64.27,
            "전세가율거품지수":3.16,
            "검색코드":100514,
            "세대수":453.0,
            "준공년월":"2012-03-28",
            "준공년차":11.0,
            "가까운역이름":"광나루",
            "가까운역거리":395.8,
            "역세권여부":"역세권",
            "30분이내주요거점역":4,
            "30분거점역이름":"['강남', '역삼', '잠실', '왕십리']",
            "1시간이내주요거점역":14,
            "1시간거점역이름":"['강남', '역삼', '잠실', '판교', '여의도', '을지로입구', '을지로3가', '양재', '가산디지털단지', '왕십리', '홍대입구', '구로디지털단지', '명동', '서현']",
            "3km이내백화점수":2,
            "5km이내아울렛몰수":1,
            "1km이내대형먀트수":1,
            "500m이내은행수":5,
            "500m이내병원수":0,
            "5km이내대형병원수":6,
            "500m이내공원수":1,
            "3km이내혐오시설수":0,
            "초등학교학업성취도":90.0,
            "중학교학업성취도":93.5,
            "용적률":228,
            "건폐율":18,
            "Y":37.543547,
            "X":127.099665,
            "rank":2.0,
            "area_info":"25평(82.75), 33평(112.36), 34평(113.59), 34평(115.03), 47평(157.45), 47평(157.45), 48평(161.33)",
            "last_sales":"2021-10-23,180000.0,25평(82.75)",
            "rank_history":[
                [
                    "202202",
                    2
                ],
                [
                    "202201",
                    2
                ]
            ],
            "rank_gap":0
        },
        {
            "index":136,
            "아파트명":"현대프라임",
            "투자타입":"일반",
            "전용면적(m2)":"81.84",
            "전용면적(평)":"24평",
            "법정동주소":"서울시 광진구 구의동 631-1",
            "도로명주소":"서울시 광진구 광나루로56길 29",
            "세대수":100,
            "입주년차":0,
            "용적률점수":"--",
            "건폐율점수":"--",
            "세대당주차수":60,
            "난방방식":80,
            "공급면적":"--",
            "전용률":"--",
            "욕실수":50,
            "현관타입":10,
            "주거총점":58.0,
            "지역구공급총점":0.0,
            "역세권":80,
            "30분내 이동가능 거점":80,
            "1시간내 이동가능 거점":100,
            "교통총점":84.0,
            "백화점":100,
            "아울렛몰":80,
            "대형마트":80,
            "은행":100,
            "병원":0,
            "종합병원":100,
            "공원":80,
            "혐오시설":0,
            "인프라총점":82.4,
            "초등학군":90.01,
            "중학군":60.0,
            "학군총점":66.002,
            "인구수":39.09,
            "인구증감":-10.31,
            "인구총점":24.27,
            "일자리":15.58,
            "소득수준":53.45,
            "일자리총점":26.941,
            "가치 총점":75.6203,
            "매매실거래년":20211213.0,
            "매매실거래가":125000.0,
            "전세실거래년":20220122.0,
            "전세실거래가":60000.0,
            "전세가율":48.0,
            "장기전세가율평균":64.27,
            "전세가율거품지수":16.27,
            "검색코드":84,
            "세대수":1592.0,
            "준공년월":"1997-03-28",
            "준공년차":26.0,
            "가까운역이름":"강변",
            "가까운역거리":381.15,
            "역세권여부":"역세권",
            "30분이내주요거점역":4,
            "30분거점역이름":"['강남', '역삼', '잠실', '왕십리']",
            "1시간이내주요거점역":16,
            "1시간거점역이름":"['강남', '역삼', '잠실', '판교', '여의도', '을지로입구', '을지로3가', '양재', '정자', '평촌', '가산디지털단지', '왕십리', '홍대입구', '구로디지털단지', '명동', '서현']",
            "3km이내백화점수":4,
            "5km이내아울렛몰수":1,
            "1km이내대형먀트수":1,
            "500m이내은행수":5,
            "500m이내병원수":0,
            "5km이내대형병원수":5,
            "500m이내공원수":1,
            "3km이내혐오시설수":0,
            "초등학교학업성취도":90.01,
            "중학교학업성취도":97.6,
            "용적률":398,
            "건폐율":22,
            "Y":37.53731,
            "X":127.09798,
            "rank":3.0,
            "area_info":"24평(81.84), 25평(85.67), 31평(104.38), 46평(153.73), 66평(220.03)",
            "last_sales":"2021-12-13,125000.0,24평(81.84)",
            "rank_history":[
                [
                    "202202",
                    3
                ],
                [
                    "202201",
                    3
                ]
            ],
            "rank_gap":0
        },
        {
            "index":352,
            "아파트명":"호반써밋자양",
            "투자타입":"일반",
            "전용면적(m2)":"55.1",
            "전용면적(평)":"16평",
            "법정동주소":"서울시 광진구 자양동 861",
            "도로명주소":"서울시 광진구 능동로 69",
            "세대수":30,
            "입주년차":100,
            "용적률점수":"--",
            "건폐율점수":"--",
            "세대당주차수":0,
            "난방방식":30,
            "공급면적":"--",
            "전용률":"--",
            "욕실수":50,
            "현관타입":100,
            "주거총점":48.5,
            "지역구공급총점":0.0,
            "역세권":80,
            "30분내 이동가능 거점":100,
            "1시간내 이동가능 거점":100,
            "교통총점":90.0,
            "백화점":100,
            "아울렛몰":80,
            "대형마트":80,
            "은행":100,
            "병원":0,
            "종합병원":100,
            "공원":100,
            "혐오시설":0,
            "인프라총점":83.0,
            "초등학군":89.97,
            "중학군":50.2,
            "학군총점":58.154,
            "인구수":39.09,
            "인구증감":-10.31,
            "인구총점":24.27,
            "일자리":15.58,
            "소득수준":53.45,
            "일자리총점":26.941,
            "가치 총점":74.8231,
            "매매실거래년":"18000101",
            "매매실거래가":null,
            "전세실거래년":null,
            "전세실거래가":null,
            "전세가율":null,
            "장기전세가율평균":64.27,
            "전세가율거품지수":null,
            "검색코드":125278,
            "세대수":305.0,
            "준공년월":"2021-08-01",
            "준공년차":2.0,
            "가까운역이름":"건대입구",
            "가까운역거리":371.21,
            "역세권여부":"역세권",
            "30분이내주요거점역":6,
            "30분거점역이름":"['강남', '역삼', '잠실', '을지로3가', '왕십리', '명동']",
            "1시간이내주요거점역":16,
            "1시간거점역이름":"['강남', '역삼', '잠실', '판교', '여의도', '을지로입구', '을지로3가', '양재', '정자', '평촌', '가산디지털단지', '왕십리', '홍대입구', '구로디지털단지', '명동', '서현']",
            "3km이내백화점수":2,
            "5km이내아울렛몰수":1,
            "1km이내대형먀트수":1,
            "500m이내은행수":6,
            "500m이내병원수":0,
            "5km이내대형병원수":5,
            "500m이내공원수":2,
            "3km이내혐오시설수":0,
            "초등학교학업성취도":89.97,
            "중학교학업성취도":81.2,
            "용적률":399,
            "건폐율":51,
            "Y":37.537616,
            "X":127.068597,
            "rank":4.0,
            "area_info":"16평(55.1), 16평(55.1), 17평(56.26), 24평(80.0), 24평(81.76), 34평(114.28)",
            "last_sales":"1800-01-01,nan,16평(55.1)",
            "rank_history":[
                [
                    "202202",
                    4
                ],
                [
                    "202201",
                    4
                ]
            ],
            "rank_gap":0
        },
        {
            "index":220,
            "아파트명":"래미안프리미어팰리스",
            "투자타입":"일반",
            "전용면적(m2)":"86.31",
            "전용면적(평)":"26평",
            "법정동주소":"서울시 광진구 자양동 859",
            "도로명주소":"서울시 광진구 아차산로 345",
            "세대수":0,
            "입주년차":80,
            "용적률점수":"--",
            "건폐율점수":"--",
            "세대당주차수":60,
            "난방방식":30,
            "공급면적":"--",
            "전용률":"--",
            "욕실수":100,
            "현관타입":100,
            "주거총점":48.0,
            "지역구공급총점":0.0,
            "역세권":80,
            "30분내 이동가능 거점":100,
            "1시간내 이동가능 거점":100,
            "교통총점":90.0,
            "백화점":100,
            "아울렛몰":80,
            "대형마트":100,
            "은행":70,
            "병원":0,
            "종합병원":100,
            "공원":100,
            "혐오시설":0,
            "인프라총점":83.0,
            "초등학군":90.0,
            "중학군":41.4,
            "학군총점":51.12,
            "인구수":39.09,
            "인구증감":-10.31,
            "인구총점":24.27,
            "일자리":15.58,
            "소득수준":53.45,
            "일자리총점":26.941,
            "가치 총점":73.668,
            "매매실거래년":20210811.0,
            "매매실거래가":149000.0,
            "전세실거래년":20220125.0,
            "전세실거래가":33676.0,
            "전세가율":28.54,
            "장기전세가율평균":64.27,
            "전세가율거품지수":35.73,
            "검색코드":109998,
            "세대수":264.0,
            "준공년월":"2017-10-01",
            "준공년차":6.0,
            "가까운역이름":"구의",
            "가까운역거리":413.21,
            "역세권여부":"역세권",
            "30분이내주요거점역":7,
            "30분거점역이름":"['강남', '역삼', '잠실', '을지로입구', '을지로3가', '왕십리', '명동']",
            "1시간이내주요거점역":15,
            "1시간거점역이름":"['강남', '역삼', '잠실', '판교', '여의도', '을지로입구', '을지로3가', '양재', '정자', '가산디지털단지', '왕십리', '홍대입구', '구로디지털단지', '명동', '서현']",
            "3km이내백화점수":1,
            "5km이내아울렛몰수":1,
            "1km이내대형먀트수":2,
            "500m이내은행수":4,
            "500m이내병원수":0,
            "5km이내대형병원수":5,
            "500m이내공원수":5,
            "3km이내혐오시설수":0,
            "초등학교학업성취도":90.0,
            "중학교학업성취도":68.8,
            "용적률":493,
            "건폐율":45,
            "Y":37.537723,
            "X":127.081301,
            "rank":5.0,
            "area_info":"26평(86.31), 34평(115.54), 35평(115.89), 35평(116.89), 42평(139.79)",
            "last_sales":"2021-08-11,149000.0,35평(116.89)",
            "rank_history":[
                [
                    "202202",
                    5
                ],
                [
                    "202201",
                    5
                ]
            ],
            "rank_gap":0
        },
        {
            "index":17,
            "아파트명":"광장현대3단지",
            "투자타입":"재건축",
            "전용면적(m2)":"73.22",
            "전용면적(평)":"22평",
            "법정동주소":"서울시 광진구 광장동 484",
            "도로명주소":"서울시 광진구 아차산로70길 62",
            "세대수":90,
            "입주년차":"--",
            "용적률점수":60,
            "건폐율점수":100,
            "세대당주차수":"--",
            "난방방식":"--",
            "공급면적":50,
            "전용률":80,
            "욕실수":"--",
            "현관타입":"--",
            "주거총점":77.5,
            "지역구공급총점":0.0,
            "역세권":50,
            "30분내 이동가능 거점":80,
            "1시간내 이동가능 거점":100,
            "교통총점":69.0,
            "백화점":100,
            "아울렛몰":80,
            "대형마트":80,
            "은행":70,
            "병원":0,
            "종합병원":100,
            "공원":80,
            "혐오시설":0,
            "인프라총점":79.4,
            "초등학군":90.01,
            "중학군":60.0,
            "학군총점":66.002,
            "인구수":39.09,
            "인구증감":-10.31,
            "인구총점":24.27,
            "일자리":15.58,
            "소득수준":53.45,
            "일자리총점":26.941,
            "가치 총점":73.3703,
            "매매실거래년":20220124.0,
            "매매실거래가":66000.0,
            "전세실거래년":20220122.0,
            "전세실거래가":42000.0,
            "전세가율":63.64,
            "장기전세가율평균":64.27,
            "전세가율거품지수":0.63,
            "검색코드":74,
            "세대수":1056.0,
            "준공년월":"1990-10-20",
            "준공년차":33.0,
            "가까운역이름":"광나루",
            "가까운역거리":660.71,
            "역세권여부":"준역세권",
            "30분이내주요거점역":4,
            "30분거점역이름":"['강남', '역삼', '잠실', '왕십리']",
            "1시간이내주요거점역":14,
            "1시간거점역이름":"['강남', '역삼', '잠실', '판교', '여의도', '을지로입구', '을지로3가', '양재', '정자', '왕십리', '홍대입구', '구로디지털단지', '명동', '서현']",
            "3km이내백화점수":3,
            "5km이내아울렛몰수":1,
            "1km이내대형먀트수":1,
            "500m이내은행수":4,
            "500m이내병원수":0,
            "5km이내대형병원수":6,
            "500m이내공원수":1,
            "3km이내혐오시설수":0,
            "초등학교학업성취도":90.01,
            "중학교학업성취도":97.6,
            "용적률":249,
            "건폐율":17,
            "Y":37.540702,
            "X":127.098828,
            "rank":6.0,
            "area_info":"22평(73.22), 27평(91.94), 32평(106.3)",
            "last_sales":"2022-01-24,66000.0,22평(73.22)",
            "rank_history":[
                [
                    "202202",
                    6
                ],
                [
                    "202201",
                    6
                ]
            ],
            "rank_gap":0
        },
        {
            "index":105,
            "아파트명":"구의아크로리버",
            "투자타입":"일반",
            "전용면적(m2)":"161.86",
            "전용면적(평)":"48평",
            "법정동주소":"서울시 광진구 구의동 589-10",
            "도로명주소":"서울시 광진구 구의강변로 64",
            "세대수":0,
            "입주년차":40,
            "용적률점수":"--",
            "건폐율점수":"--",
            "세대당주차수":80,
            "난방방식":30,
            "공급면적":"--",
            "전용률":"--",
            "욕실수":100,
            "현관타입":100,
            "주거총점":43.0,
            "지역구공급총점":0.0,
            "역세권":80,
            "30분내 이동가능 거점":100,
            "1시간내 이동가능 거점":100,
            "교통총점":90.0,
            "백화점":100,
            "아울렛몰":80,
            "대형마트":80,
            "은행":70,
            "병원":0,
            "종합병원":100,
            "공원":100,
            "혐오시설":0,
            "인프라총점":80.0,
            "초등학군":89.99,
            "중학군":46.1,
            "학군총점":54.878,
            "인구수":39.09,
            "인구증감":-10.31,
            "인구총점":24.27,
            "일자리":15.58,
            "소득수준":53.45,
            "일자리총점":26.941,
            "가치 총점":72.3317,
            "매매실거래년":20210928.0,
            "매매실거래가":121000.0,
            "전세실거래년":20210604.0,
            "전세실거래가":78700.0,
            "전세가율":65.04,
            "장기전세가율평균":64.27,
            "전세가율거품지수":-0.77,
            "검색코드":3337,
            "세대수":220.0,
            "준공년월":"2004-01-13",
            "준공년차":19.0,
            "가까운역이름":"강변",
            "가까운역거리":204.85,
            "역세권여부":"역세권",
            "30분이내주요거점역":8,
            "30분거점역이름":"['강남', '역삼', '잠실', '을지로입구', '을지로3가', '양재', '왕십리', '명동']",
            "1시간이내주요거점역":16,
            "1시간거점역이름":"['강남', '역삼', '잠실', '판교', '여의도', '을지로입구', '을지로3가', '양재', '정자', '평촌', '가산디지털단지', '왕십리', '홍대입구', '구로디지털단지', '명동', '서현']",
            "3km이내백화점수":4,
            "5km이내아울렛몰수":1,
            "1km이내대형먀트수":1,
            "500m이내은행수":3,
            "500m이내병원수":0,
            "5km이내대형병원수":5,
            "500m이내공원수":2,
            "3km이내혐오시설수":0,
            "초등학교학업성취도":89.99,
            "중학교학업성취도":76.1,
            "용적률":746,
            "건폐율":46,
            "Y":37.536241,
            "X":127.092862,
            "rank":7.0,
            "area_info":"48평(161.86), 55평(182.43), 62평(205.06)",
            "last_sales":"2021-09-28,121000.0,48평(161.86)",
            "rank_history":[
                [
                    "202202",
                    7
                ],
                [
                    "202201",
                    7
                ]
            ],
            "rank_gap":0
        },
        {
            "index":132,
            "아파트명":"현대6단지",
            "투자타입":"일반",
            "전용면적(m2)":"103.5",
            "전용면적(평)":"31평",
            "법정동주소":"서울시 광진구 구의동 610",
            "도로명주소":"서울시 광진구 구의강변로 94",
            "세대수":50,
            "입주년차":0,
            "용적률점수":"--",
            "건폐율점수":"--",
            "세대당주차수":0,
            "난방방식":30,
            "공급면적":"--",
            "전용률":"--",
            "욕실수":100,
            "현관타입":100,
            "주거총점":40.5,
            "지역구공급총점":0.0,
            "역세권":80,
            "30분내 이동가능 거점":80,
            "1시간내 이동가능 거점":100,
            "교통총점":84.0,
            "백화점":100,
            "아울렛몰":80,
            "대형마트":80,
            "은행":100,
            "병원":0,
            "종합병원":100,
            "공원":100,
            "혐오시설":0,
            "인프라총점":83.0,
            "초등학군":89.99,
            "중학군":60.0,
            "학군총점":65.998,
            "인구수":39.09,
            "인구증감":-10.31,
            "인구총점":24.27,
            "일자리":15.58,
            "소득수준":53.45,
            "일자리총점":26.941,
            "가치 총점":72.2997,
            "매매실거래년":20211124.0,
            "매매실거래가":148000.0,
            "전세실거래년":20220120.0,
            "전세실거래가":57750.0,
            "전세가율":40.1,
            "장기전세가율평균":64.27,
            "전세가율거품지수":24.17,
            "검색코드":82,
            "세대수":421.0,
            "준공년월":"1994-04-29",
            "준공년차":29.0,
            "가까운역이름":"강변",
            "가까운역거리":400.87,
            "역세권여부":"역세권",
            "30분이내주요거점역":4,
            "30분거점역이름":"['강남', '역삼', '잠실', '왕십리']",
            "1시간이내주요거점역":16,
            "1시간거점역이름":"['강남', '역삼', '잠실', '판교', '여의도', '을지로입구', '을지로3가', '양재', '정자', '평촌', '가산디지털단지', '왕십리', '홍대입구', '구로디지털단지', '명동', '서현']",
            "3km이내백화점수":4,
            "5km이내아울렛몰수":1,
            "1km이내대형먀트수":1,
            "500m이내은행수":5,
            "500m이내병원수":0,
            "5km이내대형병원수":5,
            "500m이내공원수":4,
            "3km이내혐오시설수":0,
            "초등학교학업성취도":89.99,
            "중학교학업성취도":97.6,
            "용적률":332,
            "건폐율":20,
            "Y":37.538695,
            "X":127.094439,
            "rank":8.0,
            "area_info":"31평(103.5), 31평(103.39), 31평(103.55), 31평(103.31)",
            "last_sales":"2021-11-24,148000.0,31평(103.39)",
            "rank_history":[
                [
                    "202202",
                    8
                ],
                [
                    "202201",
                    8
                ]
            ],
            "rank_gap":0
        },
        {
            "index":32,
            "아파트명":"광장현대홈타운12차",
            "투자타입":"일반",
            "전용면적(m2)":"180.11",
            "전용면적(평)":"54평",
            "법정동주소":"서울시 광진구 광장동 580",
            "도로명주소":"서울시 광진구 천호대로 808",
            "세대수":0,
            "입주년차":40,
            "용적률점수":"--",
            "건폐율점수":"--",
            "세대당주차수":80,
            "난방방식":30,
            "공급면적":"--",
            "전용률":"--",
            "욕실수":100,
            "현관타입":100,
            "주거총점":43.0,
            "지역구공급총점":0.0,
            "역세권":100,
            "30분내 이동가능 거점":100,
            "1시간내 이동가능 거점":100,
            "교통총점":100.0,
            "백화점":100,
            "아울렛몰":80,
            "대형마트":0,
            "은행":70,
            "병원":0,
            "종합병원":100,
            "공원":100,
            "혐오시설":0,
            "인프라총점":68.0,
            "초등학군":90.0,
            "중학군":43.08,
            "학군총점":52.464,
            "인구수":39.09,
            "인구증감":-10.31,
            "인구총점":24.27,
            "일자리":15.58,
            "소득수준":53.45,
            "일자리총점":26.941,
            "가치 총점":71.8696,
            "매매실거래년":20210712.0,
            "매매실거래가":225000.0,
            "전세실거래년":20191028.0,
            "전세실거래가":110000.0,
            "전세가율":51.16,
            "장기전세가율평균":64.27,
            "전세가율거품지수":13.11,
            "검색코드":9943,
            "세대수":119.0,
            "준공년월":"2004-09-01",
            "준공년차":19.0,
            "가까운역이름":"광나루",
            "가까운역거리":68.67,
            "역세권여부":"초역세권",
            "30분이내주요거점역":5,
            "30분거점역이름":"['강남', '역삼', '잠실', '왕십리', '명동']",
            "1시간이내주요거점역":15,
            "1시간거점역이름":"['강남', '역삼', '잠실', '판교', '여의도', '을지로입구', '을지로3가', '양재', '정자', '가산디지털단지', '왕십리', '홍대입구', '구로디지털단지', '명동', '서현']",
            "3km이내백화점수":2,
            "5km이내아울렛몰수":1,
            "1km이내대형먀트수":0,
            "500m이내은행수":4,
            "500m이내병원수":0,
            "5km이내대형병원수":7,
            "500m이내공원수":2,
            "3km이내혐오시설수":0,
            "초등학교학업성취도":90.0,
            "중학교학업성취도":70.8,
            "용적률":293,
            "건폐율":18,
            "Y":37.544915,
            "X":127.102964,
            "rank":9.0,
            "area_info":"54평(180.11), 56평(185.57)",
            "last_sales":"2021-07-12,225000.0,56평(185.57)",
            "rank_history":[
                [
                    "202202",
                    9
                ],
                [
                    "202201",
                    12
                ]
            ],
            "rank_gap":3
        },
        {
            "index":315,
            "아파트명":"자양한양",
            "투자타입":"재건축",
            "전용면적(m2)":"118.18",
            "전용면적(평)":"35평",
            "법정동주소":"서울시 광진구 자양동 695",
            "도로명주소":"서울시 광진구 구의강변로 11",
            "세대수":50,
            "입주년차":"--",
            "용적률점수":80,
            "건폐율점수":0,
            "세대당주차수":"--",
            "난방방식":"--",
            "공급면적":100,
            "전용률":100,
            "욕실수":"--",
            "현관타입":"--",
            "주거총점":57.0,
            "지역구공급총점":0.0,
            "역세권":80,
            "30분내 이동가능 거점":80,
            "1시간내 이동가능 거점":100,
            "교통총점":84.0,
            "백화점":100,
            "아울렛몰":80,
            "대형마트":100,
            "은행":0,
            "병원":0,
            "종합병원":100,
            "공원":100,
            "혐오시설":0,
            "인프라총점":76.0,
            "초등학군":90.0,
            "중학군":46.1,
            "학군총점":54.88,
            "인구수":39.09,
            "인구증감":-10.31,
            "인구총점":24.27,
            "일자리":15.58,
            "소득수준":53.45,
            "일자리총점":26.941,
            "가치 총점":71.832,
            "매매실거래년":20210724.0,
            "매매실거래가":206000.0,
            "전세실거래년":20210814.0,
            "전세실거래가":37000.0,
            "전세가율":27.72,
            "장기전세가율평균":64.27,
            "전세가율거품지수":36.55,
            "검색코드":100,
            "세대수":444.0,
            "준공년월":"1983-05-27",
            "준공년차":40.0,
            "가까운역이름":"강변",
            "가까운역거리":461.48,
            "역세권여부":"역세권",
            "30분이내주요거점역":4,
            "30분거점역이름":"['강남', '역삼', '잠실', '왕십리']",
            "1시간이내주요거점역":15,
            "1시간거점역이름":"['강남', '역삼', '잠실', '판교', '여의도', '을지로입구', '을지로3가', '양재', '정자', '가산디지털단지', '왕십리', '홍대입구', '구로디지털단지', '명동', '서현']",
            "3km이내백화점수":3,
            "5km이내아울렛몰수":1,
            "1km이내대형먀트수":2,
            "500m이내은행수":0,
            "500m이내병원수":0,
            "5km이내대형병원수":6,
            "500m이내공원수":2,
            "3km이내혐오시설수":0,
            "초등학교학업성취도":90.0,
            "중학교학업성취도":76.1,
            "용적률":156,
            "건폐율":0,
            "Y":37.532163,
            "X":127.090977,
            "rank":10.0,
            "area_info":"35평(118.18), 35평(118.18), 36평(119.4), 36평(119.4), 45평(151.99), 45평(151.99), 49평(164.51), 52평(174.58), 52평(174.58)",
            "last_sales":"2021-07-24,206000.0,45평(151.99)",
            "rank_history":[
                [
                    "202202",
                    10
                ],
                [
                    "202201",
                    11
                ]
            ],
            "rank_gap":1
        },
        {
            "index":127,
            "아파트명":"세양",
            "투자타입":"일반",
            "전용면적(m2)":"115.54",
            "전용면적(평)":"34평",
            "법정동주소":"서울시 광진구 구의동 658",
            "도로명주소":"서울시 광진구 구의강변로 84",
            "세대수":0,
            "입주년차":20,
            "용적률점수":"--",
            "건폐율점수":"--",
            "세대당주차수":30,
            "난방방식":30,
            "공급면적":"--",
            "전용률":"--",
            "욕실수":100,
            "현관타입":100,
            "주거총점":31.5,
            "지역구공급총점":0.0,
            "역세권":80,
            "30분내 이동가능 거점":100,
            "1시간내 이동가능 거점":100,
            "교통총점":90.0,
            "백화점":100,
            "아울렛몰":80,
            "대형마트":80,
            "은행":70,
            "병원":0,
            "종합병원":100,
            "공원":100,
            "혐오시설":0,
            "인프라총점":80.0,
            "초등학군":89.99,
            "중학군":60.0,
            "학군총점":65.998,
            "인구수":39.09,
            "인구증감":-10.31,
            "인구총점":24.27,
            "일자리":15.58,
            "소득수준":53.45,
            "일자리총점":26.941,
            "가치 총점":71.6997,
            "매매실거래년":20210907.0,
            "매매실거래가":146000.0,
            "전세실거래년":20211222.0,
            "전세실거래가":89000.0,
            "전세가율":60.96,
            "장기전세가율평균":64.27,
            "전세가율거품지수":3.31,
            "검색코드":3339,
            "세대수":130.0,
            "준공년월":"2002-01-23",
            "준공년차":21.0,
            "가까운역이름":"강변",
            "가까운역거리":280.06,
            "역세권여부":"역세권",
            "30분이내주요거점역":6,
            "30분거점역이름":"['강남', '역삼', '잠실', '을지로3가', '양재', '왕십리']",
            "1시간이내주요거점역":16,
            "1시간거점역이름":"['강남', '역삼', '잠실', '판교', '여의도', '을지로입구', '을지로3가', '양재', '정자', '평촌', '가산디지털단지', '왕십리', '홍대입구', '구로디지털단지', '명동', '서현']",
            "3km이내백화점수":4,
            "5km이내아울렛몰수":1,
            "1km이내대형먀트수":1,
            "500m이내은행수":4,
            "500m이내병원수":0,
            "5km이내대형병원수":5,
            "500m이내공원수":4,
            "3km이내혐오시설수":0,
            "초등학교학업성취도":89.99,
            "중학교학업성취도":97.6,
            "용적률":299,
            "건폐율":17,
            "Y":37.537557,
            "X":127.094011,
            "rank":11.0,
            "area_info":"34평(115.54)",
            "last_sales":"2021-09-07,146000.0,34평(115.54)",
            "rank_history":[
                [
                    "202202",
                    11
                ],
                [
                    "202201",
                    9
                ]
            ],
            "rank_gap":-2
        },
        {
            "index":44,
            "아파트명":"삼성1차",
            "투자타입":"재건축",
            "전용면적(m2)":"89.88",
            "전용면적(평)":"27평",
            "법정동주소":"서울시 광진구 광장동 561",
            "도로명주소":"서울시 광진구 아차산로70길 17-21",
            "세대수":0,
            "입주년차":"--",
            "용적률점수":80,
            "건폐율점수":100,
            "세대당주차수":"--",
            "난방방식":"--",
            "공급면적":70,
            "전용률":60,
            "욕실수":"--",
            "현관타입":"--",
            "주거총점":58.5,
            "지역구공급총점":0.0,
            "역세권":80,
            "30분내 이동가능 거점":40,
            "1시간내 이동가능 거점":100,
            "교통총점":72.0,
            "백화점":100,
            "아울렛몰":80,
            "대형마트":80,
            "은행":70,
            "병원":0,
            "종합병원":100,
            "공원":80,
            "혐오시설":0,
            "인프라총점":79.4,
            "초등학군":90.01,
            "중학군":60.0,
            "학군총점":66.002,
            "인구수":39.09,
            "인구증감":-10.31,
            "인구총점":24.27,
            "일자리":15.58,
            "소득수준":53.45,
            "일자리총점":26.941,
            "가치 총점":70.6203,
            "매매실거래년":20210905.0,
            "매매실거래가":183000.0,
            "전세실거래년":20210605.0,
            "전세실거래가":63000.0,
            "전세가율":71.59,
            "장기전세가율평균":64.27,
            "전세가율거품지수":-7.32,
            "검색코드":68,
            "세대수":165.0,
            "준공년월":"1987-12-29",
            "준공년차":36.0,
            "가까운역이름":"광나루",
            "가까운역거리":419.39,
            "역세권여부":"역세권",
            "30분이내주요거점역":2,
            "30분거점역이름":"['잠실', '왕십리']",
            "1시간이내주요거점역":14,
            "1시간거점역이름":"['강남', '역삼', '잠실', '판교', '여의도', '을지로입구', '을지로3가', '양재', '가산디지털단지', '왕십리', '홍대입구', '구로디지털단지', '명동', '서현']",
            "3km이내백화점수":2,
            "5km이내아울렛몰수":1,
            "1km이내대형먀트수":1,
            "500m이내은행수":4,
            "500m이내병원수":0,
            "5km이내대형병원수":7,
            "500m이내공원수":1,
            "3km이내혐오시설수":0,
            "초등학교학업성취도":90.01,
            "중학교학업성취도":97.6,
            "용적률":208,
            "건폐율":16,
            "Y":37.541538,
            "X":127.103288,
            "rank":12.0,
            "area_info":"27평(89.88), 32평(108.25)",
            "last_sales":"2021-09-05,183000.0,32평(108.25)",
            "rank_history":[
                [
                    "202202",
                    12
                ],
                [
                    "202201",
                    13
                ]
            ],
            "rank_gap":1
        },
        {
            "index":311,
            "아파트명":"자양우성3차",
            "투자타입":"재건축",
            "전용면적(m2)":"71.03",
            "전용면적(평)":"21평",
            "법정동주소":"서울시 광진구 자양동 516",
            "도로명주소":"서울시 광진구 뚝섬로35길 32",
            "세대수":50,
            "입주년차":"--",
            "용적률점수":80,
            "건폐율점수":80,
            "세대당주차수":"--",
            "난방방식":"--",
            "공급면적":50,
            "전용률":60,
            "욕실수":"--",
            "현관타입":"--",
            "주거총점":68.5,
            "지역구공급총점":0.0,
            "역세권":50,
            "30분내 이동가능 거점":60,
            "1시간내 이동가능 거점":100,
            "교통총점":63.0,
            "백화점":100,
            "아울렛몰":80,
            "대형마트":100,
            "은행":100,
            "병원":0,
            "종합병원":100,
            "공원":80,
            "혐오시설":0,
            "인프라총점":85.4,
            "초등학군":89.98,
            "중학군":50.2,
            "학군총점":58.156,
            "인구수":39.09,
            "인구증감":-10.31,
            "인구총점":24.27,
            "일자리":15.58,
            "소득수준":53.45,
            "일자리총점":26.941,
            "가치 총점":70.0934,
            "매매실거래년":20210923.0,
            "매매실거래가":170000.0,
            "전세실거래년":20211214.0,
            "전세실거래가":33600.0,
            "전세가율":35.18,
            "장기전세가율평균":64.27,
            "전세가율거품지수":29.09,
            "검색코드":93,
            "세대수":464.0,
            "준공년월":"1989-12-30",
            "준공년차":34.0,
            "가까운역이름":"건대입구",
            "가까운역거리":502.98,
            "역세권여부":"준역세권",
            "30분이내주요거점역":3,
            "30분거점역이름":"['역삼', '잠실', '왕십리']",
            "1시간이내주요거점역":16,
            "1시간거점역이름":"['강남', '역삼', '잠실', '판교', '여의도', '을지로입구', '을지로3가', '양재', '정자', '평촌', '가산디지털단지', '왕십리', '홍대입구', '구로디지털단지', '명동', '서현']",
            "3km이내백화점수":2,
            "5km이내아울렛몰수":1,
            "1km이내대형먀트수":2,
            "500m이내은행수":8,
            "500m이내병원수":0,
            "5km이내대형병원수":5,
            "500m이내공원수":1,
            "3km이내혐오시설수":0,
            "초등학교학업성취도":89.98,
            "중학교학업성취도":81.2,
            "용적률":207,
            "건폐율":21,
            "Y":37.536311,
            "X":127.071645,
            "rank":13.0,
            "area_info":"21평(71.03), 26평(87.91), 27평(89.98), 31평(102.58)",
            "last_sales":"2021-09-23,170000.0,31평(102.58)",
            "rank_history":[
                [
                    "202202",
                    13
                ],
                [
                    "202201",
                    14
                ]
            ],
            "rank_gap":1
        },
        {
            "index":195,
            "아파트명":"구의현대홈시티",
            "투자타입":"일반",
            "전용면적(m2)":"103.53",
            "전용면적(평)":"31평",
            "법정동주소":"서울시 광진구 자양동 779-8",
            "도로명주소":"서울시 광진구 자양로 109",
            "세대수":0,
            "입주년차":40,
            "용적률점수":"--",
            "건폐율점수":"--",
            "세대당주차수":60,
            "난방방식":30,
            "공급면적":"--",
            "전용률":"--",
            "욕실수":100,
            "현관타입":100,
            "주거총점":40.0,
            "지역구공급총점":0.0,
            "역세권":80,
            "30분내 이동가능 거점":80,
            "1시간내 이동가능 거점":100,
            "교통총점":84.0,
            "백화점":100,
            "아울렛몰":80,
            "대형마트":100,
            "은행":70,
            "병원":0,
            "종합병원":100,
            "공원":100,
            "혐오시설":0,
            "인프라총점":83.0,
            "초등학군":90.0,
            "중학군":41.4,
            "학군총점":51.12,
            "인구수":39.09,
            "인구증감":-10.31,
            "인구총점":24.27,
            "일자리":15.58,
            "소득수준":53.45,
            "일자리총점":26.941,
            "가치 총점":69.968,
            "매매실거래년":20210730.0,
            "매매실거래가":133000.0,
            "전세실거래년":20211214.0,
            "전세실거래가":70000.0,
            "전세가율":73.3,
            "장기전세가율평균":64.27,
            "전세가율거품지수":-9.03,
            "검색코드":15628,
            "세대수":102.0,
            "준공년월":"2006-08-31",
            "준공년차":17.0,
            "가까운역이름":"구의",
            "가까운역거리":249.06,
            "역세권여부":"역세권",
            "30분이내주요거점역":4,
            "30분거점역이름":"['강남', '역삼', '잠실', '왕십리']",
            "1시간이내주요거점역":15,
            "1시간거점역이름":"['강남', '역삼', '잠실', '판교', '여의도', '을지로입구', '을지로3가', '양재', '정자', '가산디지털단지', '왕십리', '홍대입구', '구로디지털단지', '명동', '서현']",
            "3km이내백화점수":2,
            "5km이내아울렛몰수":1,
            "1km이내대형먀트수":2,
            "500m이내은행수":4,
            "500m이내병원수":0,
            "5km이내대형병원수":5,
            "500m이내공원수":4,
            "3km이내혐오시설수":0,
            "초등학교학업성취도":90.0,
            "중학교학업성취도":68.8,
            "용적률":796,
            "건폐율":59,
            "Y":37.537437,
            "X":127.083128,
            "rank":14.0,
            "area_info":"31평(103.53), 31평(103.53), 31평(103.55), 31평(103.55), 42평(138.99)",
            "last_sales":"2021-07-30,133000.0,42평(138.99)",
            "rank_history":[
                [
                    "202202",
                    14
                ],
                [
                    "202201",
                    15
                ]
            ],
            "rank_gap":1
        },
        {
            "index":110,
            "아파트명":"구의현대2단지",
            "투자타입":"일반",
            "전용면적(m2)":"104.75",
            "전용면적(평)":"31평",
            "법정동주소":"서울시 광진구 구의동 611",
            "도로명주소":"서울시 광진구 광나루로56길 32",
            "세대수":100,
            "입주년차":0,
            "용적률점수":"--",
            "건폐율점수":"--",
            "세대당주차수":0,
            "난방방식":30,
            "공급면적":"--",
            "전용률":"--",
            "욕실수":100,
            "현관타입":100,
            "주거총점":58.0,
            "지역구공급총점":0.0,
            "역세권":50,
            "30분내 이동가능 거점":80,
            "1시간내 이동가능 거점":100,
            "교통총점":69.0,
            "백화점":100,
            "아울렛몰":80,
            "대형마트":80,
            "은행":70,
            "병원":0,
            "종합병원":100,
            "공원":100,
            "혐오시설":0,
            "인프라총점":80.0,
            "초등학군":89.99,
            "중학군":60.0,
            "학군총점":65.998,
            "인구수":39.09,
            "인구증감":-10.31,
            "인구총점":24.27,
            "일자리":15.58,
            "소득수준":53.45,
            "일자리총점":26.941,
            "가치 총점":69.6497,
            "매매실거래년":20220108.0,
            "매매실거래가":152200.0,
            "전세실거래년":20220125.0,
            "전세실거래가":90000.0,
            "전세가율":55.56,
            "장기전세가율평균":64.27,
            "전세가율거품지수":8.71,
            "검색코드":81,
            "세대수":1606.0,
            "준공년월":"1996-12-12",
            "준공년차":27.0,
            "가까운역이름":"강변",
            "가까운역거리":507.19,
            "역세권여부":"준역세권",
            "30분이내주요거점역":4,
            "30분거점역이름":"['강남', '역삼', '잠실', '왕십리']",
            "1시간이내주요거점역":15,
            "1시간거점역이름":"['강남', '역삼', '잠실', '판교', '여의도', '을지로입구', '을지로3가', '양재', '정자', '가산디지털단지', '왕십리', '홍대입구', '구로디지털단지', '명동', '서현']",
            "3km이내백화점수":3,
            "5km이내아울렛몰수":1,
            "1km이내대형먀트수":1,
            "500m이내은행수":3,
            "500m이내병원수":0,
            "5km이내대형병원수":6,
            "500m이내공원수":3,
            "3km이내혐오시설수":0,
            "초등학교학업성취도":89.99,
            "중학교학업성취도":97.6,
            "용적률":307,
            "건폐율":16,
            "Y":37.53951,
            "X":127.096126,
            "rank":15.0,
            "area_info":"31평(104.75), 31평(104.0), 32평(107.59), 32평(107.75)",
            "last_sales":"2022-01-08,152200.0,32평(107.75)",
            "rank_history":[
                [
                    "202202",
                    15
                ],
                [
                    "202201",
                    16
                ]
            ],
            "rank_gap":1
        },
        {
            "index":23,
            "아파트명":"광장현대파크빌10차",
            "투자타입":"일반",
            "전용면적(m2)":"75.33",
            "전용면적(평)":"22평",
            "법정동주소":"서울시 광진구 광장동 577",
            "도로명주소":"서울시 광진구 아차산로 549",
            "세대수":90,
            "입주년차":20,
            "용적률점수":"--",
            "건폐율점수":"--",
            "세대당주차수":30,
            "난방방식":30,
            "공급면적":"--",
            "전용률":"--",
            "욕실수":50,
            "현관타입":100,
            "주거총점":58.0,
            "지역구공급총점":0.0,
            "역세권":80,
            "30분내 이동가능 거점":60,
            "1시간내 이동가능 거점":100,
            "교통총점":78.0,
            "백화점":100,
            "아울렛몰":80,
            "대형마트":0,
            "은행":70,
            "병원":0,
            "종합병원":100,
            "공원":100,
            "혐오시설":0,
            "인프라총점":68.0,
            "초등학군":90.0,
            "중학군":57.3,
            "학군총점":63.84,
            "인구수":39.09,
            "인구증감":-10.31,
            "인구총점":24.27,
            "일자리":15.58,
            "소득수준":53.45,
            "일자리총점":26.941,
            "가치 총점":68.876,
            "매매실거래년":20220126.0,
            "매매실거래가":166000.0,
            "전세실거래년":20211225.0,
            "전세실거래가":56700.0,
            "전세가율":39.1,
            "장기전세가율평균":64.27,
            "전세가율거품지수":25.17,
            "검색코드":24721,
            "세대수":1170.0,
            "준공년월":"2000-08-31",
            "준공년차":23.0,
            "가까운역이름":"광나루",
            "가까운역거리":201.99,
            "역세권여부":"역세권",
            "30분이내주요거점역":3,
            "30분거점역이름":"['역삼', '잠실', '왕십리']",
            "1시간이내주요거점역":12,
            "1시간거점역이름":"['강남', '역삼', '잠실', '판교', '여의도', '을지로입구', '을지로3가', '양재', '왕십리', '홍대입구', '명동', '서현']",
            "3km이내백화점수":2,
            "5km이내아울렛몰수":1,
            "1km이내대형먀트수":0,
            "500m이내은행수":4,
            "500m이내병원수":0,
            "5km이내대형병원수":6,
            "500m이내공원수":2,
            "3km이내혐오시설수":0,
            "초등학교학업성취도":90.0,
            "중학교학업성취도":93.5,
            "용적률":314,
            "건폐율":20,
            "Y":37.544274,
            "X":127.101682,
            "rank":16.0,
            "area_info":"22평(75.33), 22평(75.12), 22평(75.51), 22평(75.33), 30평(99.82), 30평(99.52)",
            "last_sales":"2022-01-26,166000.0,30평(99.82)",
            "rank_history":[
                [
                    "202202",
                    16
                ],
                [
                    "202201",
                    18
                ]
            ],
            "rank_gap":2
        },
        {
            "index":46,
            "아파트명":"삼성2차",
            "투자타입":"재건축",
            "전용면적(m2)":"79.48",
            "전용면적(평)":"24평",
            "법정동주소":"서울시 광진구 광장동 453-1",
            "도로명주소":"서울시 광진구 아차산로 544",
            "세대수":0,
            "입주년차":"--",
            "용적률점수":60,
            "건폐율점수":100,
            "세대당주차수":"--",
            "난방방식":"--",
            "공급면적":50,
            "전용률":60,
            "욕실수":"--",
            "현관타입":"--",
            "주거총점":49.5,
            "지역구공급총점":0.0,
            "역세권":80,
            "30분내 이동가능 거점":40,
            "1시간내 이동가능 거점":100,
            "교통총점":72.0,
            "백화점":100,
            "아울렛몰":80,
            "대형마트":80,
            "은행":70,
            "병원":0,
            "종합병원":100,
            "공원":80,
            "혐오시설":0,
            "인프라총점":79.4,
            "초등학군":90.01,
            "중학군":60.0,
            "학군총점":66.002,
            "인구수":39.09,
            "인구증감":-10.31,
            "인구총점":24.27,
            "일자리":15.58,
            "소득수준":53.45,
            "일자리총점":26.941,
            "가치 총점":68.8203,
            "매매실거래년":20210818.0,
            "매매실거래가":115000.0,
            "전세실거래년":20220108.0,
            "전세실거래가":31000.0,
            "전세가율":26.96,
            "장기전세가율평균":64.27,
            "전세가율거품지수":37.31,
            "검색코드":69,
            "세대수":195.0,
            "준공년월":"1989-02-15",
            "준공년차":34.0,
            "가까운역이름":"광나루",
            "가까운역거리":319.46,
            "역세권여부":"역세권",
            "30분이내주요거점역":2,
            "30분거점역이름":"['잠실', '왕십리']",
            "1시간이내주요거점역":13,
            "1시간거점역이름":"['강남', '역삼', '잠실', '판교', '여의도', '을지로입구', '을지로3가', '양재', '정자', '왕십리', '홍대입구', '명동', '서현']",
            "3km이내백화점수":2,
            "5km이내아울렛몰수":1,
            "1km이내대형먀트수":1,
            "500m이내은행수":4,
            "500m이내병원수":0,
            "5km이내대형병원수":6,
            "500m이내공원수":1,
            "3km이내혐오시설수":0,
            "초등학교학업성취도":90.01,
            "중학교학업성취도":97.6,
            "용적률":249,
            "건폐율":19,
            "Y":37.542682,
            "X":127.102086,
            "rank":17.0,
            "area_info":"24평(79.48), 27평(91.4), 31평(103.03), 31평(105.04)",
            "last_sales":"2021-08-18,115000.0,24평(79.48)",
            "rank_history":[
                [
                    "202202",
                    17
                ],
                [
                    "202201",
                    17
                ]
            ],
            "rank_gap":0
        },
        {
            "index":89,
            "아파트명":"강변우성",
            "투자타입":"재건축",
            "전용면적(m2)":"98.48",
            "전용면적(평)":"29평",
            "법정동주소":"서울시 광진구 구의동 546-7",
            "도로명주소":"서울시 광진구 구의강변로 42",
            "세대수":30,
            "입주년차":"--",
            "용적률점수":0,
            "건폐율점수":80,
            "세대당주차수":"--",
            "난방방식":"--",
            "공급면적":70,
            "전용률":80,
            "욕실수":"--",
            "현관타입":"--",
            "주거총점":32.5,
            "지역구공급총점":0.0,
            "역세권":80,
            "30분내 이동가능 거점":100,
            "1시간내 이동가능 거점":100,
            "교통총점":90.0,
            "백화점":100,
            "아울렛몰":80,
            "대형마트":80,
            "은행":20,
            "병원":0,
            "종합병원":100,
            "공원":100,
            "혐오시설":0,
            "인프라총점":75.0,
            "초등학군":89.99,
            "중학군":46.1,
            "학군총점":54.878,
            "인구수":39.09,
            "인구증감":-10.31,
            "인구총점":24.27,
            "일자리":15.58,
            "소득수준":53.45,
            "일자리총점":26.941,
            "가치 총점":68.7317,
            "매매실거래년":20210519.0,
            "매매실거래가":93000.0,
            "전세실거래년":20220119.0,
            "전세실거래가":61000.0,
            "전세가율":65.59,
            "장기전세가율평균":64.27,
            "전세가율거품지수":-1.32,
            "검색코드":79,
            "세대수":354.0,
            "준공년월":"1992-12-26",
            "준공년차":31.0,
            "가까운역이름":"강변",
            "가까운역거리":174.48,
            "역세권여부":"역세권",
            "30분이내주요거점역":8,
            "30분거점역이름":"['강남', '역삼', '잠실', '을지로입구', '을지로3가', '양재', '왕십리', '명동']",
            "1시간이내주요거점역":16,
            "1시간거점역이름":"['강남', '역삼', '잠실', '판교', '여의도', '을지로입구', '을지로3가', '양재', '정자', '평촌', '가산디지털단지', '왕십리', '홍대입구', '구로디지털단지', '명동', '서현']",
            "3km이내백화점수":4,
            "5km이내아울렛몰수":1,
            "1km이내대형먀트수":1,
            "500m이내은행수":2,
            "500m이내병원수":0,
            "5km이내대형병원수":5,
            "500m이내공원수":2,
            "3km이내혐오시설수":0,
            "초등학교학업성취도":89.99,
            "중학교학업성취도":76.1,
            "용적률":323,
            "건폐율":20,
            "Y":37.535178,
            "X":127.092705,
            "rank":18.0,
            "area_info":"29평(98.48), 29평(98.53), 29평(98.45)",
            "last_sales":"2021-05-19,93000.0,29평(98.48)",
            "rank_history":[
                [
                    "202202",
                    18
                ],
                [
                    "202201",
                    19
                ]
            ],
            "rank_gap":1
        },
        {
            "index":329,
            "아파트명":"한강극동",
            "투자타입":"재건축",
            "전용면적(m2)":"102.96",
            "전용면적(평)":"31평",
            "법정동주소":"서울시 광진구 자양동 57-103",
            "도로명주소":"서울시 광진구 능동로3길 53",
            "세대수":0,
            "입주년차":"--",
            "용적률점수":80,
            "건폐율점수":80,
            "세대당주차수":"--",
            "난방방식":"--",
            "공급면적":90,
            "전용률":80,
            "욕실수":"--",
            "현관타입":"--",
            "주거총점":56.5,
            "지역구공급총점":0.0,
            "역세권":80,
            "30분내 이동가능 거점":60,
            "1시간내 이동가능 거점":100,
            "교통총점":78.0,
            "백화점":100,
            "아울렛몰":80,
            "대형마트":80,
            "은행":20,
            "병원":0,
            "종합병원":100,
            "공원":80,
            "혐오시설":0,
            "인프라총점":74.4,
            "초등학군":89.97,
            "중학군":40.54,
            "학군총점":50.426,
            "인구수":39.09,
            "인구증감":-10.31,
            "인구총점":24.27,
            "일자리":15.58,
            "소득수준":53.45,
            "일자리총점":26.941,
            "가치 총점":68.4839,
            "매매실거래년":20210606.0,
            "매매실거래가":119000.0,
            "전세실거래년":20211204.0,
            "전세실거래가":47000.0,
            "전세가율":39.5,
            "장기전세가율평균":64.27,
            "전세가율거품지수":24.77,
            "검색코드":85,
            "세대수":158.0,
            "준공년월":"1991-08-08",
            "준공년차":32.0,
            "가까운역이름":"뚝섬유원지",
            "가까운역거리":322.99,
            "역세권여부":"역세권",
            "30분이내주요거점역":3,
            "30분거점역이름":"['강남', '역삼', '왕십리']",
            "1시간이내주요거점역":16,
            "1시간거점역이름":"['강남', '역삼', '잠실', '판교', '여의도', '을지로입구', '을지로3가', '양재', '정자', '평촌', '가산디지털단지', '왕십리', '홍대입구', '구로디지털단지', '명동', '서현']",
            "3km이내백화점수":3,
            "5km이내아울렛몰수":1,
            "1km이내대형먀트수":1,
            "500m이내은행수":2,
            "500m이내병원수":0,
            "5km이내대형병원수":6,
            "500m이내공원수":1,
            "3km이내혐오시설수":0,
            "초등학교학업성취도":89.97,
            "중학교학업성취도":67.1,
            "용적률":219,
            "건폐율":24,
            "Y":37.533848,
            "X":127.06448,
            "rank":19.0,
            "area_info":"31평(102.96), 31평(102.91), 31평(103.0), 31평(103.02)",
            "last_sales":"2021-06-06,119000.0,31평(102.96)",
            "rank_history":[
                [
                    "202202",
                    19
                ],
                [
                    "202201",
                    21
                ]
            ],
            "rank_gap":2
        },
        {
            "index":85,
            "아파트명":"강변SK뷰",
            "투자타입":"일반",
            "전용면적(m2)":"110.87",
            "전용면적(평)":"33평",
            "법정동주소":"서울시 광진구 구의동 667",
            "도로명주소":"서울시 광진구 아차산로 431",
            "세대수":0,
            "입주년차":80,
            "용적률점수":"--",
            "건폐율점수":"--",
            "세대당주차수":30,
            "난방방식":30,
            "공급면적":"--",
            "전용률":"--",
            "욕실수":100,
            "현관타입":100,
            "주거총점":43.5,
            "지역구공급총점":0.0,
            "역세권":80,
            "30분내 이동가능 거점":80,
            "1시간내 이동가능 거점":100,
            "교통총점":84.0,
            "백화점":100,
            "아울렛몰":80,
            "대형마트":80,
            "은행":0,
            "병원":0,
            "종합병원":100,
            "공원":100,
            "혐오시설":0,
            "인프라총점":73.0,
            "초등학군":89.99,
            "중학군":47.88,
            "학군총점":56.302,
            "인구수":39.09,
            "인구증감":-10.31,
            "인구총점":24.27,
            "일자리":15.58,
            "소득수준":53.45,
            "일자리총점":26.941,
            "가치 총점":68.4453,
            "매매실거래년":20211011.0,
            "매매실거래가":159000.0,
            "전세실거래년":20211002.0,
            "전세실거래가":69000.0,
            "전세가율":43.4,
            "장기전세가율평균":64.27,
            "전세가율거품지수":20.87,
            "검색코드":109358,
            "세대수":197.0,
            "준공년월":"2017-07-14",
            "준공년차":6.0,
            "가까운역이름":"구의",
            "가까운역거리":418.36,
            "역세권여부":"역세권",
            "30분이내주요거점역":4,
            "30분거점역이름":"['강남', '역삼', '잠실', '왕십리']",
            "1시간이내주요거점역":15,
            "1시간거점역이름":"['강남', '역삼', '잠실', '판교', '여의도', '을지로입구', '을지로3가', '양재', '정자', '가산디지털단지', '왕십리', '홍대입구', '구로디지털단지', '명동', '서현']",
            "3km이내백화점수":2,
            "5km이내아울렛몰수":1,
            "1km이내대형먀트수":1,
            "500m이내은행수":1,
            "500m이내병원수":0,
            "5km이내대형병원수":6,
            "500m이내공원수":5,
            "3km이내혐오시설수":0,
            "초등학교학업성취도":89.99,
            "중학교학업성취도":78.2,
            "용적률":396,
            "건폐율":52,
            "Y":37.538823,
            "X":127.090119,
            "rank":20.0,
            "area_info":"33평(110.87), 33평(111.09), 33평(111.76), 41평(136.88)",
            "last_sales":"2021-10-11,159000.0,33평(110.87)",
            "rank_history":[
                [
                    "202202",
                    20
                ],
                [
                    "202201",
                    22
                ]
            ],
            "rank_gap":2
        },
        {
            "index":187,
            "아파트명":"광진트라팰리스",
            "투자타입":"일반",
            "전용면적(m2)":"103.26",
            "전용면적(평)":"31평",
            "법정동주소":"서울시 광진구 자양동 854",
            "도로명주소":"서울시 광진구 뚝섬로34길 67",
            "세대수":0,
            "입주년차":40,
            "용적률점수":"--",
            "건폐율점수":"--",
            "세대당주차수":60,
            "난방방식":30,
            "공급면적":"--",
            "전용률":"--",
            "욕실수":100,
            "현관타입":100,
            "주거총점":40.0,
            "지역구공급총점":0.0,
            "역세권":80,
            "30분내 이동가능 거점":80,
            "1시간내 이동가능 거점":100,
            "교통총점":84.0,
            "백화점":100,
            "아울렛몰":80,
            "대형마트":80,
            "은행":70,
            "병원":0,
            "종합병원":100,
            "공원":0,
            "혐오시설":0,
            "인프라총점":77.0,
            "초등학군":89.97,
            "중학군":40.54,
            "학군총점":50.426,
            "인구수":39.09,
            "인구증감":-10.31,
            "인구총점":24.27,
            "일자리":15.58,
            "소득수준":53.45,
            "일자리총점":26.941,
            "가치 총점":68.0639,
            "매매실거래년":20210331.0,
            "매매실거래가":250000.0,
            "전세실거래년":20211113.0,
            "전세실거래가":67000.0,
            "전세가율":44.7,
            "장기전세가율평균":64.27,
            "전세가율거품지수":19.57,
            "검색코드":14607,
            "세대수":204.0,
            "준공년월":"2006-07-21",
            "준공년차":17.0,
            "가까운역이름":"뚝섬유원지",
            "가까운역거리":101.4,
            "역세권여부":"역세권",
            "30분이내주요거점역":4,
            "30분거점역이름":"['역삼', '잠실', '양재', '왕십리']",
            "1시간이내주요거점역":16,
            "1시간거점역이름":"['강남', '역삼', '잠실', '판교', '여의도', '을지로입구', '을지로3가', '양재', '정자', '평촌', '가산디지털단지', '왕십리', '홍대입구', '구로디지털단지', '명동', '서현']",
            "3km이내백화점수":3,
            "5km이내아울렛몰수":1,
            "1km이내대형먀트수":1,
            "500m이내은행수":4,
            "500m이내병원수":0,
            "5km이내대형병원수":6,
            "500m이내공원수":0,
            "3km이내혐오시설수":0,
            "초등학교학업성취도":89.97,
            "중학교학업성취도":67.1,
            "용적률":504,
            "건폐율":23,
            "Y":37.531874,
            "X":127.067774,
            "rank":21.0,
            "area_info":"31평(103.26), 43평(144.77), 56평(186.92), 62평(206.05)",
            "last_sales":"2021-03-31,250000.0,62평(206.05)",
            "rank_history":[
                [
                    "202202",
                    21
                ],
                [
                    "202201",
                    24
                ]
            ],
            "rank_gap":3
        },
        {
            "index":103,
            "아파트명":"구의새한",
            "투자타입":"일반",
            "전용면적(m2)":"79.24",
            "전용면적(평)":"23평",
            "법정동주소":"서울시 광진구 구의동 656",
            "도로명주소":"서울시 광진구 자양로26길 71",
            "세대수":0,
            "입주년차":20,
            "용적률점수":"--",
            "건폐율점수":"--",
            "세대당주차수":30,
            "난방방식":30,
            "공급면적":"--",
            "전용률":"--",
            "욕실수":50,
            "현관타입":100,
            "주거총점":26.5,
            "지역구공급총점":0.0,
            "역세권":80,
            "30분내 이동가능 거점":80,
            "1시간내 이동가능 거점":100,
            "교통총점":84.0,
            "백화점":100,
            "아울렛몰":80,
            "대형마트":80,
            "은행":100,
            "병원":0,
            "종합병원":100,
            "공원":100,
            "혐오시설":0,
            "인프라총점":83.0,
            "초등학군":89.99,
            "중학군":47.88,
            "학군총점":56.302,
            "인구수":39.09,
            "인구증감":-10.31,
            "인구총점":24.27,
            "일자리":15.58,
            "소득수준":53.45,
            "일자리총점":26.941,
            "가치 총점":68.0453,
            "매매실거래년":20210306.0,
            "매매실거래가":110100.0,
            "전세실거래년":20191107.0,
            "전세실거래가":37000.0,
            "전세가율":54.81,
            "장기전세가율평균":64.27,
            "전세가율거품지수":9.46,
            "검색코드":3183,
            "세대수":126.0,
            "준공년월":"2000-10-24",
            "준공년차":23.0,
            "가까운역이름":"구의",
            "가까운역거리":487.34,
            "역세권여부":"역세권",
            "30분이내주요거점역":4,
            "30분거점역이름":"['강남', '역삼', '잠실', '왕십리']",
            "1시간이내주요거점역":14,
            "1시간거점역이름":"['강남', '역삼', '잠실', '판교', '여의도', '을지로입구', '을지로3가', '양재', '정자', '가산디지털단지', '왕십리', '홍대입구', '구로디지털단지', '명동']",
            "3km이내백화점수":1,
            "5km이내아울렛몰수":1,
            "1km이내대형먀트수":1,
            "500m이내은행수":5,
            "500m이내병원수":0,
            "5km이내대형병원수":6,
            "500m이내공원수":2,
            "3km이내혐오시설수":0,
            "초등학교학업성취도":89.99,
            "중학교학업성취도":78.2,
            "용적률":171,
            "건폐율":26,
            "Y":37.541089,
            "X":127.088141,
            "rank":22.0,
            "area_info":"23평(79.24), 34평(112.84)",
            "last_sales":"2021-03-06,110100.0,34평(112.84)",
            "rank_history":[
                [
                    "202202",
                    22
                ],
                [
                    "202201",
                    25
                ]
            ],
            "rank_gap":3
        },
        {
            "index":20,
            "아파트명":"광장현대5단지",
            "투자타입":"재건축",
            "전용면적(m2)":"73.68",
            "전용면적(평)":"22평",
            "법정동주소":"서울시 광진구 광장동 554-7",
            "도로명주소":"서울시 광진구 아차산로70길 61",
            "세대수":50,
            "입주년차":"--",
            "용적률점수":20,
            "건폐율점수":100,
            "세대당주차수":"--",
            "난방방식":"--",
            "공급면적":50,
            "전용률":80,
            "욕실수":"--",
            "현관타입":"--",
            "주거총점":49.5,
            "지역구공급총점":0.0,
            "역세권":50,
            "30분내 이동가능 거점":80,
            "1시간내 이동가능 거점":100,
            "교통총점":69.0,
            "백화점":100,
            "아울렛몰":80,
            "대형마트":80,
            "은행":70,
            "병원":0,
            "종합병원":100,
            "공원":80,
            "혐오시설":0,
            "인프라총점":79.4,
            "초등학군":90.01,
            "중학군":60.0,
            "학군총점":66.002,
            "인구수":39.09,
            "인구증감":-10.31,
            "인구총점":24.27,
            "일자리":15.58,
            "소득수준":53.45,
            "일자리총점":26.941,
            "가치 총점":67.7703,
            "매매실거래년":20211116.0,
            "매매실거래가":148500.0,
            "전세실거래년":20220106.0,
            "전세실거래가":45150.0,
            "전세가율":30.4,
            "장기전세가율평균":64.27,
            "전세가율거품지수":33.87,
            "검색코드":75,
            "세대수":581.0,
            "준공년월":"1989-04-21",
            "준공년차":34.0,
            "가까운역이름":"강변",
            "가까운역거리":681.78,
            "역세권여부":"준역세권",
            "30분이내주요거점역":4,
            "30분거점역이름":"['강남', '역삼', '잠실', '왕십리']",
            "1시간이내주요거점역":14,
            "1시간거점역이름":"['강남', '역삼', '잠실', '판교', '여의도', '을지로입구', '을지로3가', '양재', '정자', '왕십리', '홍대입구', '구로디지털단지', '명동', '서현']",
            "3km이내백화점수":3,
            "5km이내아울렛몰수":1,
            "1km이내대형먀트수":1,
            "500m이내은행수":4,
            "500m이내병원수":0,
            "5km이내대형병원수":5,
            "500m이내공원수":1,
            "3km이내혐오시설수":0,
            "초등학교학업성취도":90.01,
            "중학교학업성취도":97.6,
            "용적률":259,
            "건폐율":14,
            "Y":37.539665,
            "X":127.099836,
            "rank":23.0,
            "area_info":"22평(73.68), 27평(92.46), 31평(104.99)",
            "last_sales":"2021-11-16,148500.0,22평(73.68)",
            "rank_history":[
                [
                    "202202",
                    23
                ],
                [
                    "202201",
                    20
                ]
            ],
            "rank_gap":-3
        },
        {
            "index":71,
            "아파트명":"현대8단지",
            "투자타입":"일반",
            "전용면적(m2)":"95.86",
            "전용면적(평)":"28평",
            "법정동주소":"서울시 광진구 광장동 565",
            "도로명주소":"서울시 광진구 아차산로 522",
            "세대수":50,
            "입주년차":0,
            "용적률점수":"--",
            "건폐율점수":"--",
            "세대당주차수":0,
            "난방방식":30,
            "공급면적":"--",
            "전용률":"--",
            "욕실수":50,
            "현관타입":10,
            "주거총점":26.5,
            "지역구공급총점":0.0,
            "역세권":80,
            "30분내 이동가능 거점":60,
            "1시간내 이동가능 거점":100,
            "교통총점":78.0,
            "백화점":100,
            "아울렛몰":80,
            "대형마트":80,
            "은행":100,
            "병원":0,
            "종합병원":100,
            "공원":80,
            "혐오시설":0,
            "인프라총점":82.4,
            "초등학군":90.01,
            "중학군":60.0,
            "학군총점":66.002,
            "인구수":39.09,
            "인구증감":-10.31,
            "인구총점":24.27,
            "일자리":15.58,
            "소득수준":53.45,
            "일자리총점":26.941,
            "가치 총점":67.2203,
            "매매실거래년":20210911.0,
            "매매실거래가":172000.0,
            "전세실거래년":20220111.0,
            "전세실거래가":49350.0,
            "전세가율":41.65,
            "장기전세가율평균":64.27,
            "전세가율거품지수":22.62,
            "검색코드":76,
            "세대수":537.0,
            "준공년월":"1995-03-27",
            "준공년차":28.0,
            "가까운역이름":"광나루",
            "가까운역거리":493.18,
            "역세권여부":"역세권",
            "30분이내주요거점역":3,
            "30분거점역이름":"['역삼', '잠실', '왕십리']",
            "1시간이내주요거점역":13,
            "1시간거점역이름":"['강남', '역삼', '잠실', '판교', '여의도', '을지로입구', '을지로3가', '양재', '왕십리', '홍대입구', '구로디지털단지', '명동', '서현']",
            "3km이내백화점수":2,
            "5km이내아울렛몰수":1,
            "1km이내대형먀트수":1,
            "500m이내은행수":5,
            "500m이내병원수":0,
            "5km이내대형병원수":6,
            "500m이내공원수":1,
            "3km이내혐오시설수":0,
            "초등학교학업성취도":90.01,
            "중학교학업성취도":97.6,
            "용적률":366,
            "건폐율":25,
            "Y":37.542105,
            "X":127.099694,
            "rank":24.0,
            "area_info":"28평(95.86), 33평(112.39), 33평(112.39)",
            "last_sales":"2021-09-11,172000.0,33평(112.39)",
            "rank_history":[
                [
                    "202202",
                    24
                ],
                [
                    "202201",
                    23
                ]
            ],
            "rank_gap":-1
        },
        {
            "index":244,
            "아파트명":"이튼타워리버1차",
            "투자타입":"일반",
            "전용면적(m2)":"82.48",
            "전용면적(평)":"24평",
            "법정동주소":"서울시 광진구 자양동 510-5",
            "도로명주소":"서울시 광진구 능동로 68",
            "세대수":0,
            "입주년차":40,
            "용적률점수":"--",
            "건폐율점수":"--",
            "세대당주차수":60,
            "난방방식":30,
            "공급면적":"--",
            "전용률":"--",
            "욕실수":50,
            "현관타입":50,
            "주거총점":30.0,
            "지역구공급총점":0.0,
            "역세권":80,
            "30분내 이동가능 거점":60,
            "1시간내 이동가능 거점":100,
            "교통총점":78.0,
            "백화점":100,
            "아울렛몰":80,
            "대형마트":80,
            "은행":100,
            "병원":0,
            "종합병원":100,
            "공원":80,
            "혐오시설":0,
            "인프라총점":82.4,
            "초등학군":89.97,
            "중학군":50.2,
            "학군총점":58.154,
            "인구수":39.09,
            "인구증감":-10.31,
            "인구총점":24.27,
            "일자리":15.58,
            "소득수준":53.45,
            "일자리총점":26.941,
            "가치 총점":66.7431,
            "매매실거래년":20211223.0,
            "매매실거래가":155500.0,
            "전세실거래년":20200331.0,
            "전세실거래가":62000.0,
            "전세가율":52.54,
            "장기전세가율평균":64.27,
            "전세가율거품지수":11.73,
            "검색코드":13913,
            "세대수":146.0,
            "준공년월":"2006-03-27",
            "준공년차":17.0,
            "가까운역이름":"건대입구",
            "가까운역거리":433.21,
            "역세권여부":"역세권",
            "30분이내주요거점역":3,
            "30분거점역이름":"['역삼', '잠실', '왕십리']",
            "1시간이내주요거점역":16,
            "1시간거점역이름":"['강남', '역삼', '잠실', '판교', '여의도', '을지로입구', '을지로3가', '양재', '정자', '평촌', '가산디지털단지', '왕십리', '홍대입구', '구로디지털단지', '명동', '서현']",
            "3km이내백화점수":2,
            "5km이내아울렛몰수":1,
            "1km이내대형먀트수":1,
            "500m이내은행수":6,
            "500m이내병원수":0,
            "5km이내대형병원수":5,
            "500m이내공원수":1,
            "3km이내혐오시설수":0,
            "초등학교학업성취도":89.97,
            "중학교학업성취도":81.2,
            "용적률":472,
            "건폐율":40,
            "Y":37.536835,
            "X":127.069546,
            "rank":25.0,
            "area_info":"24평(82.48), 34평(113.89), 34평(114.99), 34평(114.81), 34평(114.93)",
            "last_sales":"2021-12-23,155500.0,34평(114.81)",
            "rank_history":[
                [
                    "202202",
                    25
                ],
                [
                    "202201",
                    26
                ]
            ],
            "rank_gap":1
        },
        {
            "index":249,
            "아파트명":"이튼타워리버2차",
            "투자타입":"일반",
            "전용면적(m2)":"109.24",
            "전용면적(평)":"33평",
            "법정동주소":"서울시 광진구 자양동 507-6",
            "도로명주소":"서울시 광진구 능동로 50",
            "세대수":0,
            "입주년차":40,
            "용적률점수":"--",
            "건폐율점수":"--",
            "세대당주차수":60,
            "난방방식":30,
            "공급면적":"--",
            "전용률":"--",
            "욕실수":100,
            "현관타입":100,
            "주거총점":40.0,
            "지역구공급총점":0.0,
            "역세권":80,
            "30분내 이동가능 거점":40,
            "1시간내 이동가능 거점":100,
            "교통총점":72.0,
            "백화점":100,
            "아울렛몰":80,
            "대형마트":80,
            "은행":100,
            "병원":0,
            "종합병원":100,
            "공원":80,
            "혐오시설":0,
            "인프라총점":82.4,
            "초등학군":89.97,
            "중학군":50.2,
            "학군총점":58.154,
            "인구수":39.09,
            "인구증감":-10.31,
            "인구총점":24.27,
            "일자리":15.58,
            "소득수준":53.45,
            "일자리총점":26.941,
            "가치 총점":66.6431,
            "매매실거래년":20201202.0,
            "매매실거래가":131000.0,
            "전세실거래년":null,
            "전세실거래가":null,
            "전세가율":null,
            "장기전세가율평균":64.27,
            "전세가율거품지수":null,
            "검색코드":17717,
            "세대수":131.0,
            "준공년월":"2006-03-27",
            "준공년차":17.0,
            "가까운역이름":"뚝섬유원지",
            "가까운역거리":494.76,
            "역세권여부":"역세권",
            "30분이내주요거점역":2,
            "30분거점역이름":"['역삼', '잠실']",
            "1시간이내주요거점역":15,
            "1시간거점역이름":"['강남', '역삼', '잠실', '판교', '여의도', '을지로입구', '을지로3가', '양재', '평촌', '가산디지털단지', '왕십리', '홍대입구', '구로디지털단지', '명동', '서현']",
            "3km이내백화점수":2,
            "5km이내아울렛몰수":1,
            "1km이내대형먀트수":1,
            "500m이내은행수":6,
            "500m이내병원수":0,
            "5km이내대형병원수":5,
            "500m이내공원수":1,
            "3km이내혐오시설수":0,
            "초등학교학업성취도":89.97,
            "중학교학업성취도":81.2,
            "용적률":461,
            "건폐율":45,
            "Y":37.535534,
            "X":127.069177,
            "rank":26.0,
            "area_info":"33평(109.24), 33평(109.69), 33평(109.24), 33평(109.29), 33평(109.24), 33평(109.4)",
            "last_sales":"2020-12-02,131000.0,33평(109.4)",
            "rank_history":[
                [
                    "202202",
                    26
                ],
                [
                    "202201",
                    27
                ]
            ],
            "rank_gap":1
        },
        {
            "index":108,
            "아파트명":"구의조합현대7단지",
            "투자타입":"일반",
            "전용면적(m2)":"93.64",
            "전용면적(평)":"28평",
            "법정동주소":"서울시 광진구 구의동 587-54",
            "도로명주소":"서울시 광진구 구의강변로3가길 39",
            "세대수":0,
            "입주년차":0,
            "용적률점수":"--",
            "건폐율점수":"--",
            "세대당주차수":30,
            "난방방식":30,
            "공급면적":"--",
            "전용률":"--",
            "욕실수":50,
            "현관타입":10,
            "주거총점":13.5,
            "지역구공급총점":0.0,
            "역세권":80,
            "30분내 이동가능 거점":100,
            "1시간내 이동가능 거점":100,
            "교통총점":90.0,
            "백화점":100,
            "아울렛몰":80,
            "대형마트":80,
            "은행":70,
            "병원":0,
            "종합병원":100,
            "공원":100,
            "혐오시설":0,
            "인프라총점":80.0,
            "초등학군":89.99,
            "중학군":46.1,
            "학군총점":54.878,
            "인구수":39.09,
            "인구증감":-10.31,
            "인구총점":24.27,
            "일자리":15.58,
            "소득수준":53.45,
            "일자리총점":26.941,
            "가치 총점":66.4317,
            "매매실거래년":20211102.0,
            "매매실거래가":107500.0,
            "전세실거래년":20211119.0,
            "전세실거래가":60000.0,
            "전세가율":55.81,
            "장기전세가율평균":64.27,
            "전세가율거품지수":8.46,
            "검색코드":83,
            "세대수":273.0,
            "준공년월":"1997-12-26",
            "준공년차":26.0,
            "가까운역이름":"강변",
            "가까운역거리":334.34,
            "역세권여부":"역세권",
            "30분이내주요거점역":5,
            "30분거점역이름":"['강남', '역삼', '잠실', '양재', '왕십리']",
            "1시간이내주요거점역":16,
            "1시간거점역이름":"['강남', '역삼', '잠실', '판교', '여의도', '을지로입구', '을지로3가', '양재', '정자', '평촌', '가산디지털단지', '왕십리', '홍대입구', '구로디지털단지', '명동', '서현']",
            "3km이내백화점수":4,
            "5km이내아울렛몰수":1,
            "1km이내대형먀트수":1,
            "500m이내은행수":3,
            "500m이내병원수":0,
            "5km이내대형병원수":5,
            "500m이내공원수":3,
            "3km이내혐오시설수":0,
            "초등학교학업성취도":89.99,
            "중학교학업성취도":76.1,
            "용적률":336,
            "건폐율":30,
            "Y":37.536536,
            "X":127.091353,
            "rank":27.0,
            "area_info":"28평(93.64), 35평(118.94)",
            "last_sales":"2021-11-02,107500.0,28평(93.64)",
            "rank_history":[
                [
                    "202202",
                    27
                ],
                [
                    "202201",
                    28
                ]
            ],
            "rank_gap":1
        },
        {
            "index":92,
            "아파트명":"구의삼성쉐르빌",
            "투자타입":"일반",
            "전용면적(m2)":"111.52",
            "전용면적(평)":"33평",
            "법정동주소":"서울시 광진구 구의동 199-18",
            "도로명주소":"서울시 광진구 구의강변로 106",
            "세대수":0,
            "입주년차":20,
            "용적률점수":"--",
            "건폐율점수":"--",
            "세대당주차수":80,
            "난방방식":30,
            "공급면적":"--",
            "전용률":"--",
            "욕실수":100,
            "현관타입":100,
            "주거총점":39.0,
            "지역구공급총점":0.0,
            "역세권":50,
            "30분내 이동가능 거점":80,
            "1시간내 이동가능 거점":100,
            "교통총점":69.0,
            "백화점":100,
            "아울렛몰":80,
            "대형마트":80,
            "은행":70,
            "병원":0,
            "종합병원":100,
            "공원":100,
            "혐오시설":0,
            "인프라총점":80.0,
            "초등학군":89.99,
            "중학군":60.0,
            "학군총점":65.998,
            "인구수":39.09,
            "인구증감":-10.31,
            "인구총점":24.27,
            "일자리":15.58,
            "소득수준":53.45,
            "일자리총점":26.941,
            "가치 총점":65.8497,
            "매매실거래년":20210619.0,
            "매매실거래가":169000.0,
            "전세실거래년":20210525.0,
            "전세실거래가":75000.0,
            "전세가율":65.79,
            "장기전세가율평균":64.27,
            "전세가율거품지수":-1.52,
            "검색코드":3338,
            "세대수":252.0,
            "준공년월":"2001-11-10",
            "준공년차":22.0,
            "가까운역이름":"강변",
            "가까운역거리":533.9,
            "역세권여부":"준역세권",
            "30분이내주요거점역":4,
            "30분거점역이름":"['강남', '역삼', '잠실', '왕십리']",
            "1시간이내주요거점역":15,
            "1시간거점역이름":"['강남', '역삼', '잠실', '판교', '여의도', '을지로입구', '을지로3가', '양재', '정자', '가산디지털단지', '왕십리', '홍대입구', '구로디지털단지', '명동', '서현']",
            "3km이내백화점수":3,
            "5km이내아울렛몰수":1,
            "1km이내대형먀트수":1,
            "500m이내은행수":3,
            "500m이내병원수":0,
            "5km이내대형병원수":7,
            "500m이내공원수":4,
            "3km이내혐오시설수":0,
            "초등학교학업성취도":89.99,
            "중학교학업성취도":97.6,
            "용적률":795,
            "건폐율":56,
            "Y":37.539896,
            "X":127.094764,
            "rank":28.0,
            "area_info":"33평(111.52), 33평(111.2), 38평(128.57), 51평(171.41), 52평(173.42), 52평(174.32), 56평(186.15), 56평(186.99), 57평(189.74), 62평(205.78), 64평(212.53)",
            "last_sales":"2021-06-19,169000.0,62평(205.78)",
            "rank_history":[
                [
                    "202202",
                    28
                ],
                [
                    "202201",
                    29
                ]
            ],
            "rank_gap":1
        },
        {
            "index":262,
            "아파트명":"이튼타워리버5차",
            "투자타입":"일반",
            "전용면적(m2)":"112.97",
            "전용면적(평)":"34평",
            "법정동주소":"서울시 광진구 자양동 856",
            "도로명주소":"서울시 광진구 능동로4길 40",
            "세대수":0,
            "입주년차":60,
            "용적률점수":"--",
            "건폐율점수":"--",
            "세대당주차수":60,
            "난방방식":30,
            "공급면적":"--",
            "전용률":"--",
            "욕실수":100,
            "현관타입":100,
            "주거총점":44.0,
            "지역구공급총점":0.0,
            "역세권":80,
            "30분내 이동가능 거점":40,
            "1시간내 이동가능 거점":100,
            "교통총점":72.0,
            "백화점":100,
            "아울렛몰":80,
            "대형마트":80,
            "은행":70,
            "병원":0,
            "종합병원":100,
            "공원":80,
            "혐오시설":0,
            "인프라총점":79.4,
            "초등학군":89.97,
            "중학군":40.54,
            "학군총점":50.426,
            "인구수":39.09,
            "인구증감":-10.31,
            "인구총점":24.27,
            "일자리":15.58,
            "소득수준":53.45,
            "일자리총점":26.941,
            "가치 총점":65.3839,
            "매매실거래년":20210816.0,
            "매매실거래가":198000.0,
            "전세실거래년":20210625.0,
            "전세실거래가":73500.0,
            "전세가율":49.0,
            "장기전세가율평균":64.27,
            "전세가율거품지수":15.27,
            "검색코드":27366,
            "세대수":279.0,
            "준공년월":"2009-09-15",
            "준공년차":14.0,
            "가까운역이름":"뚝섬유원지",
            "가까운역거리":222.27,
            "역세권여부":"역세권",
            "30분이내주요거점역":2,
            "30분거점역이름":"['잠실', '왕십리']",
            "1시간이내주요거점역":16,
            "1시간거점역이름":"['강남', '역삼', '잠실', '판교', '여의도', '을지로입구', '을지로3가', '양재', '정자', '평촌', '가산디지털단지', '왕십리', '홍대입구', '구로디지털단지', '명동', '서현']",
            "3km이내백화점수":3,
            "5km이내아울렛몰수":1,
            "1km이내대형먀트수":1,
            "500m이내은행수":3,
            "500m이내병원수":0,
            "5km이내대형병원수":6,
            "500m이내공원수":1,
            "3km이내혐오시설수":0,
            "초등학교학업성취도":89.97,
            "중학교학업성취도":67.1,
            "용적률":274,
            "건폐율":23,
            "Y":37.53211,
            "X":127.06912,
            "rank":29.0,
            "area_info":"34평(112.97), 34평(113.68), 34평(113.14), 34평(114.47), 49평(162.47), 49평(164.5), 50평(167.74), 57평(189.11), 59평(197.98), 62평(205.56), 65평(215.71), 65평(215.81), 65평(215.81), 78평(259.06)",
            "last_sales":"2021-08-16,198000.0,50평(167.74)",
            "rank_history":[
                [
                    "202202",
                    29
                ],
                [
                    "202201",
                    30
                ]
            ],
            "rank_gap":1
        },
        {
            "index":236,
            "아파트명":"우성1차",
            "투자타입":"재건축",
            "전용면적(m2)":"69.08",
            "전용면적(평)":"20평",
            "법정동주소":"서울시 광진구 자양동 579",
            "도로명주소":"서울시 광진구 뚝섬로 569",
            "세대수":50,
            "입주년차":"--",
            "용적률점수":60,
            "건폐율점수":100,
            "세대당주차수":"--",
            "난방방식":"--",
            "공급면적":50,
            "전용률":60,
            "욕실수":"--",
            "현관타입":"--",
            "주거총점":64.5,
            "지역구공급총점":0.0,
            "역세권":50,
            "30분내 이동가능 거점":20,
            "1시간내 이동가능 거점":100,
            "교통총점":51.0,
            "백화점":100,
            "아울렛몰":80,
            "대형마트":100,
            "은행":70,
            "병원":0,
            "종합병원":100,
            "공원":100,
            "혐오시설":0,
            "인프라총점":83.0,
            "초등학군":89.98,
            "중학군":50.2,
            "학군총점":58.156,
            "인구수":39.09,
            "인구증감":-10.31,
            "인구총점":24.27,
            "일자리":15.58,
            "소득수준":53.45,
            "일자리총점":26.941,
            "가치 총점":64.3734,
            "매매실거래년":20211122.0,
            "매매실거래가":98500.0,
            "전세실거래년":20220122.0,
            "전세실거래가":36750.0,
            "전세가율":37.31,
            "장기전세가율평균":64.27,
            "전세가율거품지수":26.96,
            "검색코드":90,
            "세대수":656.0,
            "준공년월":"1988-09-13",
            "준공년차":35.0,
            "가까운역이름":"뚝섬유원지",
            "가까운역거리":728.96,
            "역세권여부":"준역세권",
            "30분이내주요거점역":1,
            "30분거점역이름":"['잠실']",
            "1시간이내주요거점역":16,
            "1시간거점역이름":"['강남', '역삼', '잠실', '판교', '여의도', '을지로입구', '을지로3가', '양재', '정자', '평촌', '가산디지털단지', '왕십리', '홍대입구', '구로디지털단지', '명동', '서현']",
            "3km이내백화점수":1,
            "5km이내아울렛몰수":1,
            "1km이내대형먀트수":2,
            "500m이내은행수":4,
            "500m이내병원수":0,
            "5km이내대형병원수":5,
            "500m이내공원수":3,
            "3km이내혐오시설수":0,
            "초등학교학업성취도":89.98,
            "중학교학업성취도":81.2,
            "용적률":228,
            "건폐율":17,
            "Y":37.534393,
            "X":127.074147,
            "rank":30.0,
            "area_info":"20평(69.08), 23평(79.1), 29평(95.95)",
            "last_sales":"2021-11-22,98500.0,20평(69.08)",
            "rank_history":[
                [
                    "202202",
                    30
                ],
                [
                    "202201",
                    32
                ]
            ],
            "rank_gap":2
        },
        {
            "index":239,
            "아파트명":"우성2차",
            "투자타입":"재건축",
            "전용면적(m2)":"69.25",
            "전용면적(평)":"20평",
            "법정동주소":"서울시 광진구 자양동 520-2",
            "도로명주소":"서울시 광진구 뚝섬로 576",
            "세대수":50,
            "입주년차":"--",
            "용적률점수":60,
            "건폐율점수":100,
            "세대당주차수":"--",
            "난방방식":"--",
            "공급면적":50,
            "전용률":60,
            "욕실수":"--",
            "현관타입":"--",
            "주거총점":64.5,
            "지역구공급총점":0.0,
            "역세권":50,
            "30분내 이동가능 거점":20,
            "1시간내 이동가능 거점":100,
            "교통총점":51.0,
            "백화점":100,
            "아울렛몰":80,
            "대형마트":100,
            "은행":70,
            "병원":0,
            "종합병원":100,
            "공원":100,
            "혐오시설":0,
            "인프라총점":83.0,
            "초등학군":89.98,
            "중학군":50.2,
            "학군총점":58.156,
            "인구수":39.09,
            "인구증감":-10.31,
            "인구총점":24.27,
            "일자리":15.58,
            "소득수준":53.45,
            "일자리총점":26.941,
            "가치 총점":64.3734,
            "매매실거래년":20210623.0,
            "매매실거래가":136500.0,
            "전세실거래년":20220115.0,
            "전세실거래가":37800.0,
            "전세가율":39.79,
            "장기전세가율평균":64.27,
            "전세가율거품지수":24.48,
            "검색코드":92,
            "세대수":405.0,
            "준공년월":"1989-07-22",
            "준공년차":34.0,
            "가까운역이름":"뚝섬유원지",
            "가까운역거리":669.54,
            "역세권여부":"준역세권",
            "30분이내주요거점역":1,
            "30분거점역이름":"['잠실']",
            "1시간이내주요거점역":16,
            "1시간거점역이름":"['강남', '역삼', '잠실', '판교', '여의도', '을지로입구', '을지로3가', '양재', '정자', '평촌', '가산디지털단지', '왕십리', '홍대입구', '구로디지털단지', '명동', '서현']",
            "3km이내백화점수":1,
            "5km이내아울렛몰수":1,
            "1km이내대형먀트수":2,
            "500m이내은행수":3,
            "500m이내병원수":0,
            "5km이내대형병원수":5,
            "500m이내공원수":3,
            "3km이내혐오시설수":0,
            "초등학교학업성취도":89.98,
            "중학교학업성취도":81.2,
            "용적률":232,
            "건폐율":17,
            "Y":37.533382,
            "X":127.073933,
            "rank":30.0,
            "area_info":"20평(69.25), 26평(86.04), 29평(96.43)",
            "last_sales":"2021-06-23,136500.0,29평(96.43)",
            "rank_history":[
                [
                    "202202",
                    30
                ],
                [
                    "202201",
                    32
                ]
            ],
            "rank_gap":2
        },
        {
            "index":14,
            "아파트명":"광장자이",
            "투자타입":"일반",
            "전용면적(m2)":"157.52",
            "전용면적(평)":"47평",
            "법정동주소":"서울시 광진구 광장동 581",
            "도로명주소":"서울시 광진구 광나루로 595",
            "세대수":0,
            "입주년차":40,
            "용적률점수":"--",
            "건폐율점수":"--",
            "세대당주차수":80,
            "난방방식":30,
            "공급면적":"--",
            "전용률":"--",
            "욕실수":100,
            "현관타입":100,
            "주거총점":43.0,
            "지역구공급총점":0.0,
            "역세권":50,
            "30분내 이동가능 거점":60,
            "1시간내 이동가능 거점":100,
            "교통총점":63.0,
            "백화점":100,
            "아울렛몰":80,
            "대형마트":80,
            "은행":70,
            "병원":0,
            "종합병원":100,
            "공원":100,
            "혐오시설":0,
            "인프라총점":80.0,
            "초등학군":90.0,
            "중학군":57.3,
            "학군총점":63.84,
            "인구수":39.09,
            "인구증감":-10.31,
            "인구총점":24.27,
            "일자리":15.58,
            "소득수준":53.45,
            "일자리총점":26.941,
            "가치 총점":64.226,
            "매매실거래년":20210504.0,
            "매매실거래가":229000.0,
            "전세실거래년":20211202.0,
            "전세실거래가":120750.0,
            "전세가율":60.38,
            "장기전세가율평균":64.27,
            "전세가율거품지수":3.89,
            "검색코드":27136,
            "세대수":122.0,
            "준공년월":"2008-12-02",
            "준공년차":15.0,
            "가까운역이름":"광나루",
            "가까운역거리":810.03,
            "역세권여부":"준역세권",
            "30분이내주요거점역":3,
            "30분거점역이름":"['역삼', '잠실', '왕십리']",
            "1시간이내주요거점역":14,
            "1시간거점역이름":"['강남', '역삼', '잠실', '판교', '여의도', '을지로입구', '을지로3가', '양재', '정자', '왕십리', '홍대입구', '구로디지털단지', '명동', '서현']",
            "3km이내백화점수":2,
            "5km이내아울렛몰수":1,
            "1km이내대형먀트수":1,
            "500m이내은행수":4,
            "500m이내병원수":0,
            "5km이내대형병원수":7,
            "500m이내공원수":3,
            "3km이내혐오시설수":0,
            "초등학교학업성취도":90.0,
            "중학교학업성취도":93.5,
            "용적률":247,
            "건폐율":19,
            "Y":37.542673,
            "X":127.095002,
            "rank":31.0,
            "area_info":"47평(157.52), 60평(198.55), 92평(306.36)",
            "last_sales":"2021-05-04,229000.0,60평(198.55)",
            "rank_history":[
                [
                    "202202",
                    31
                ],
                [
                    "202201",
                    31
                ]
            ],
            "rank_gap":0
        },
        {
            "index":114,
            "아파트명":"래미안파크스위트",
            "투자타입":"일반",
            "전용면적(m2)":"83.41",
            "전용면적(평)":"25평",
            "법정동주소":"서울시 광진구 구의동 668",
            "도로명주소":"서울시 광진구 광나루로 545",
            "세대수":80,
            "입주년차":80,
            "용적률점수":"--",
            "건폐율점수":"--",
            "세대당주차수":60,
            "난방방식":30,
            "공급면적":"--",
            "전용률":"--",
            "욕실수":100,
            "현관타입":100,
            "주거총점":76.0,
            "지역구공급총점":0.0,
            "역세권":50,
            "30분내 이동가능 거점":40,
            "1시간내 이동가능 거점":100,
            "교통총점":57.0,
            "백화점":100,
            "아울렛몰":80,
            "대형마트":0,
            "은행":70,
            "병원":0,
            "종합병원":100,
            "공원":100,
            "혐오시설":0,
            "인프라총점":68.0,
            "초등학군":90.02,
            "중학군":47.88,
            "학군총점":56.308,
            "인구수":39.09,
            "인구증감":-10.31,
            "인구총점":24.27,
            "일자리":15.58,
            "소득수준":53.45,
            "일자리총점":26.941,
            "가치 총점":63.9962,
            "매매실거래년":20211105.0,
            "매매실거래가":199000.0,
            "전세실거래년":20220121.0,
            "전세실거래가":57750.0,
            "전세가율":41.7,
            "장기전세가율평균":64.27,
            "전세가율거품지수":22.57,
            "검색코드":112339,
            "세대수":854.0,
            "준공년월":"2018-09-27",
            "준공년차":5.0,
            "가까운역이름":"아차산",
            "가까운역거리":605.9,
            "역세권여부":"준역세권",
            "30분이내주요거점역":2,
            "30분거점역이름":"['잠실', '왕십리']",
            "1시간이내주요거점역":14,
            "1시간거점역이름":"['강남', '역삼', '잠실', '판교', '여의도', '을지로입구', '을지로3가', '양재', '정자', '왕십리', '홍대입구', '구로디지털단지', '명동', '서현']",
            "3km이내백화점수":1,
            "5km이내아울렛몰수":1,
            "1km이내대형먀트수":0,
            "500m이내은행수":3,
            "500m이내병원수":0,
            "5km이내대형병원수":6,
            "500m이내공원수":3,
            "3km이내혐오시설수":0,
            "초등학교학업성취도":90.02,
            "중학교학업성취도":78.2,
            "용적률":248,
            "건폐율":23,
            "Y":37.546242,
            "X":127.089759,
            "rank":32.0,
            "area_info":"25평(83.41), 25평(83.41), 25평(83.41), 30평(100.98), 30평(101.82), 30평(101.53), 33평(111.04), 33평(111.04), 39평(131.48), 44평(147.88), 50평(167.94), 52평(174.71), 56평(187.21)",
            "last_sales":"2021-11-05,199000.0,39평(131.48)",
            "rank_history":[
                [
                    "202202",
                    32
                ],
                [
                    "202201",
                    34
                ]
            ],
            "rank_gap":2
        },
        {
            "index":255,
            "아파트명":"이튼타워리버3차",
            "투자타입":"일반",
            "전용면적(m2)":"104.04",
            "전용면적(평)":"31평",
            "법정동주소":"서울시 광진구 자양동 855",
            "도로명주소":"서울시 광진구 능동로 18",
            "세대수":0,
            "입주년차":40,
            "용적률점수":"--",
            "건폐율점수":"--",
            "세대당주차수":60,
            "난방방식":30,
            "공급면적":"--",
            "전용률":"--",
            "욕실수":100,
            "현관타입":100,
            "주거총점":40.0,
            "지역구공급총점":0.0,
            "역세권":80,
            "30분내 이동가능 거점":40,
            "1시간내 이동가능 거점":100,
            "교통총점":72.0,
            "백화점":100,
            "아울렛몰":80,
            "대형마트":80,
            "은행":70,
            "병원":0,
            "종합병원":100,
            "공원":0,
            "혐오시설":0,
            "인프라총점":77.0,
            "초등학군":89.97,
            "중학군":40.54,
            "학군총점":50.426,
            "인구수":39.09,
            "인구증감":-10.31,
            "인구총점":24.27,
            "일자리":15.58,
            "소득수준":53.45,
            "일자리총점":26.941,
            "가치 총점":63.8639,
            "매매실거래년":20210730.0,
            "매매실거래가":166000.0,
            "전세실거래년":20220120.0,
            "전세실거래가":68250.0,
            "전세가율":41.11,
            "장기전세가율평균":64.27,
            "전세가율거품지수":23.16,
            "검색코드":22230,
            "세대수":260.0,
            "준공년월":"2007-04-17",
            "준공년차":16.0,
            "가까운역이름":"뚝섬유원지",
            "가까운역거리":181.75,
            "역세권여부":"역세권",
            "30분이내주요거점역":2,
            "30분거점역이름":"['잠실', '왕십리']",
            "1시간이내주요거점역":16,
            "1시간거점역이름":"['강남', '역삼', '잠실', '판교', '여의도', '을지로입구', '을지로3가', '양재', '정자', '평촌', '가산디지털단지', '왕십리', '홍대입구', '구로디지털단지', '명동', '서현']",
            "3km이내백화점수":3,
            "5km이내아울렛몰수":1,
            "1km이내대형먀트수":1,
            "500m이내은행수":4,
            "500m이내병원수":0,
            "5km이내대형병원수":6,
            "500m이내공원수":0,
            "3km이내혐오시설수":0,
            "초등학교학업성취도":89.97,
            "중학교학업성취도":67.1,
            "용적률":389,
            "건폐율":35,
            "Y":37.532599,
            "X":127.068274,
            "rank":33.0,
            "area_info":"31평(104.04), 31평(104.07), 31평(104.04), 45평(150.25), 46평(155.2), 46평(155.07), 51평(168.64)",
            "last_sales":"2021-07-30,166000.0,31평(104.04)",
            "rank_history":[
                [
                    "202202",
                    33
                ],
                [
                    "202201",
                    35
                ]
            ],
            "rank_gap":2
        },
        {
            "index":3,
            "아파트명":"광장극동2차",
            "투자타입":"재건축",
            "전용면적(m2)":"92.66",
            "전용면적(평)":"28평",
            "법정동주소":"서울시 광진구 광장동 218-1",
            "도로명주소":"서울시 광진구 아차산로 552",
            "세대수":80,
            "입주년차":"--",
            "용적률점수":0,
            "건폐율점수":0,
            "세대당주차수":"--",
            "난방방식":"--",
            "공급면적":70,
            "전용률":80,
            "욕실수":"--",
            "현관타입":"--",
            "주거총점":31.5,
            "지역구공급총점":0.0,
            "역세권":80,
            "30분내 이동가능 거점":60,
            "1시간내 이동가능 거점":100,
            "교통총점":78.0,
            "백화점":100,
            "아울렛몰":80,
            "대형마트":0,
            "은행":70,
            "병원":0,
            "종합병원":100,
            "공원":80,
            "혐오시설":0,
            "인프라총점":67.4,
            "초등학군":90.01,
            "중학군":60.0,
            "학군총점":66.002,
            "인구수":39.09,
            "인구증감":-10.31,
            "인구총점":24.27,
            "일자리":15.58,
            "소득수준":53.45,
            "일자리총점":26.941,
            "가치 총점":63.7203,
            "매매실거래년":20211225.0,
            "매매실거래가":175000.0,
            "전세실거래년":20220122.0,
            "전세실거래가":49000.0,
            "전세가율":28.82,
            "장기전세가율평균":64.27,
            "전세가율거품지수":35.45,
            "검색코드":67,
            "세대수":896.0,
            "준공년월":"1989-03-24",
            "준공년차":34.0,
            "가까운역이름":"광나루",
            "가까운역거리":210.3,
            "역세권여부":"역세권",
            "30분이내주요거점역":3,
            "30분거점역이름":"['역삼', '잠실', '왕십리']",
            "1시간이내주요거점역":16,
            "1시간거점역이름":"['강남', '역삼', '잠실', '판교', '여의도', '을지로입구', '을지로3가', '양재', '정자', '평촌', '가산디지털단지', '왕십리', '홍대입구', '구로디지털단지', '명동', '서현']",
            "3km이내백화점수":1,
            "5km이내아울렛몰수":1,
            "1km이내대형먀트수":0,
            "500m이내은행수":4,
            "500m이내병원수":0,
            "5km이내대형병원수":7,
            "500m이내공원수":1,
            "3km이내혐오시설수":0,
            "초등학교학업성취도":90.01,
            "중학교학업성취도":97.6,
            "용적률":0,
            "건폐율":0,
            "Y":37.54374,
            "X":127.104913,
            "rank":34.0,
            "area_info":"28평(92.66), 31평(104.15), 36평(120.96), 45평(149.64), 54평(179.36)",
            "last_sales":"2021-12-25,175000.0,31평(104.15)",
            "rank_history":[
                [
                    "202202",
                    34
                ],
                [
                    "202201",
                    50
                ]
            ],
            "rank_gap":16
        },
        {
            "index":276,
            "아파트명":"자양10차현대홈타운",
            "투자타입":"일반",
            "전용면적(m2)":"79.4",
            "전용면적(평)":"24평",
            "법정동주소":"서울시 광진구 자양동 792",
            "도로명주소":"서울시 광진구 뚝섬로34길 25-19",
            "세대수":0,
            "입주년차":20,
            "용적률점수":"--",
            "건폐율점수":"--",
            "세대당주차수":60,
            "난방방식":30,
            "공급면적":"--",
            "전용률":"--",
            "욕실수":50,
            "현관타입":100,
            "주거총점":31.0,
            "지역구공급총점":0.0,
            "역세권":80,
            "30분내 이동가능 거점":20,
            "1시간내 이동가능 거점":100,
            "교통총점":66.0,
            "백화점":100,
            "아울렛몰":80,
            "대형마트":100,
            "은행":100,
            "병원":0,
            "종합병원":100,
            "공원":80,
            "혐오시설":0,
            "인프라총점":85.4,
            "초등학군":89.97,
            "중학군":50.2,
            "학군총점":58.154,
            "인구수":39.09,
            "인구증감":-10.31,
            "인구총점":24.27,
            "일자리":15.58,
            "소득수준":53.45,
            "일자리총점":26.941,
            "가치 총점":63.6431,
            "매매실거래년":20211006.0,
            "매매실거래가":158000.0,
            "전세실거래년":null,
            "전세실거래가":null,
            "전세가율":null,
            "장기전세가율평균":64.27,
            "전세가율거품지수":null,
            "검색코드":3344,
            "세대수":245.0,
            "준공년월":"2002-10-30",
            "준공년차":21.0,
            "가까운역이름":"뚝섬유원지",
            "가까운역거리":388.68,
            "역세권여부":"역세권",
            "30분이내주요거점역":1,
            "30분거점역이름":"['잠실']",
            "1시간이내주요거점역":16,
            "1시간거점역이름":"['강남', '역삼', '잠실', '판교', '여의도', '을지로입구', '을지로3가', '양재', '정자', '평촌', '가산디지털단지', '왕십리', '홍대입구', '구로디지털단지', '명동', '서현']",
            "3km이내백화점수":3,
            "5km이내아울렛몰수":1,
            "1km이내대형먀트수":2,
            "500m이내은행수":6,
            "500m이내병원수":0,
            "5km이내대형병원수":6,
            "500m이내공원수":1,
            "3km이내혐오시설수":0,
            "초등학교학업성취도":89.97,
            "중학교학업성취도":81.2,
            "용적률":288,
            "건폐율":24,
            "Y":37.53342,
            "X":127.07042,
            "rank":35.0,
            "area_info":"24평(79.4), 24평(79.4), 33평(110.82), 33평(111.95), 39평(130.84), 44평(148.35)",
            "last_sales":"2021-10-06,158000.0,44평(148.35)",
            "rank_history":[
                [
                    "202202",
                    35
                ],
                [
                    "202201",
                    36
                ]
            ],
            "rank_gap":1
        },
        {
            "index":74,
            "아파트명":"현대9단지",
            "투자타입":"일반",
            "전용면적(m2)":"81.15",
            "전용면적(평)":"24평",
            "법정동주소":"서울시 광진구 광장동 576",
            "도로명주소":"서울시 광진구 아차산로69길 19",
            "세대수":50,
            "입주년차":20,
            "용적률점수":"--",
            "건폐율점수":"--",
            "세대당주차수":0,
            "난방방식":30,
            "공급면적":"--",
            "전용률":"--",
            "욕실수":50,
            "현관타입":100,
            "주거총점":39.5,
            "지역구공급총점":0.0,
            "역세권":50,
            "30분내 이동가능 거점":60,
            "1시간내 이동가능 거점":100,
            "교통총점":63.0,
            "백화점":100,
            "아울렛몰":80,
            "대형마트":80,
            "은행":70,
            "병원":0,
            "종합병원":100,
            "공원":80,
            "혐오시설":0,
            "인프라총점":79.4,
            "초등학군":90.0,
            "중학군":57.3,
            "학군총점":63.84,
            "인구수":39.09,
            "인구증감":-10.31,
            "인구총점":24.27,
            "일자리":15.58,
            "소득수준":53.45,
            "일자리총점":26.941,
            "가치 총점":63.346,
            "매매실거래년":20211006.0,
            "매매실거래가":85500.0,
            "전세실거래년":20220113.0,
            "전세실거래가":65000.0,
            "전세가율":76.02,
            "장기전세가율평균":64.27,
            "전세가율거품지수":-11.75,
            "검색코드":77,
            "세대수":437.0,
            "준공년월":"1999-04-30",
            "준공년차":24.0,
            "가까운역이름":"광나루",
            "가까운역거리":617.3,
            "역세권여부":"준역세권",
            "30분이내주요거점역":3,
            "30분거점역이름":"['역삼', '잠실', '왕십리']",
            "1시간이내주요거점역":13,
            "1시간거점역이름":"['강남', '역삼', '잠실', '판교', '여의도', '을지로입구', '을지로3가', '양재', '왕십리', '홍대입구', '구로디지털단지', '명동', '서현']",
            "3km이내백화점수":2,
            "5km이내아울렛몰수":1,
            "1km이내대형먀트수":1,
            "500m이내은행수":4,
            "500m이내병원수":0,
            "5km이내대형병원수":6,
            "500m이내공원수":1,
            "3km이내혐오시설수":0,
            "초등학교학업성취도":90.0,
            "중학교학업성취도":93.5,
            "용적률":354,
            "건폐율":24,
            "Y":37.542378,
            "X":127.097619,
            "rank":36.0,
            "area_info":"24평(81.15), 32평(108.95)",
            "last_sales":"2021-10-06,85500.0,24평(81.15)",
            "rank_history":[
                [
                    "202202",
                    36
                ],
                [
                    "202201",
                    33
                ]
            ],
            "rank_gap":-3
        },
        {
            "index":335,
            "아파트명":"한강우성",
            "투자타입":"일반",
            "전용면적(m2)":"103.99",
            "전용면적(평)":"31평",
            "법정동주소":"서울시 광진구 자양동 87-1",
            "도로명주소":"서울시 광진구 능동로1길 15",
            "세대수":30,
            "입주년차":0,
            "용적률점수":"--",
            "건폐율점수":"--",
            "세대당주차수":30,
            "난방방식":30,
            "공급면적":"--",
            "전용률":"--",
            "욕실수":100,
            "현관타입":100,
            "주거총점":38.0,
            "지역구공급총점":0.0,
            "역세권":80,
            "30분내 이동가능 거점":40,
            "1시간내 이동가능 거점":100,
            "교통총점":72.0,
            "백화점":100,
            "아울렛몰":80,
            "대형마트":80,
            "은행":20,
            "병원":0,
            "종합병원":100,
            "공원":80,
            "혐오시설":0,
            "인프라총점":74.4,
            "초등학군":89.97,
            "중학군":40.54,
            "학군총점":50.426,
            "인구수":39.09,
            "인구증감":-10.31,
            "인구총점":24.27,
            "일자리":15.58,
            "소득수준":53.45,
            "일자리총점":26.941,
            "가치 총점":62.6839,
            "매매실거래년":20211202.0,
            "매매실거래가":146000.0,
            "전세실거래년":20211220.0,
            "전세실거래가":56700.0,
            "전세가율":38.84,
            "장기전세가율평균":64.27,
            "전세가율거품지수":25.43,
            "검색코드":87,
            "세대수":355.0,
            "준공년월":"1993-12-21",
            "준공년차":30.0,
            "가까운역이름":"뚝섬유원지",
            "가까운역거리":179.45,
            "역세권여부":"역세권",
            "30분이내주요거점역":2,
            "30분거점역이름":"['잠실', '왕십리']",
            "1시간이내주요거점역":17,
            "1시간거점역이름":"['강남', '역삼', '잠실', '판교', '여의도', '을지로입구', '을지로3가', '양재', '정자', '평촌', '가산디지털단지', '왕십리', '홍대입구', '구로디지털단지', '명동', '서현', '마곡']",
            "3km이내백화점수":3,
            "5km이내아울렛몰수":1,
            "1km이내대형먀트수":1,
            "500m이내은행수":2,
            "500m이내병원수":0,
            "5km이내대형병원수":6,
            "500m이내공원수":1,
            "3km이내혐오시설수":0,
            "초등학교학업성취도":89.97,
            "중학교학업성취도":67.1,
            "용적률":318,
            "건폐율":18,
            "Y":37.532866,
            "X":127.065544,
            "rank":37.0,
            "area_info":"31평(103.99)",
            "last_sales":"2021-12-02,146000.0,31평(103.99)",
            "rank_history":[
                [
                    "202202",
                    37
                ],
                [
                    "202201",
                    38
                ]
            ],
            "rank_gap":1
        },
        {
            "index":10,
            "아파트명":"광장신동아파밀리에",
            "투자타입":"일반",
            "전용면적(m2)":"107.26",
            "전용면적(평)":"32평",
            "법정동주소":"서울시 광진구 광장동 250",
            "도로명주소":"서울시 광진구 아차산로 599",
            "세대수":30,
            "입주년차":40,
            "용적률점수":"--",
            "건폐율점수":"--",
            "세대당주차수":30,
            "난방방식":30,
            "공급면적":"--",
            "전용률":"--",
            "욕실수":100,
            "현관타입":100,
            "주거총점":46.0,
            "지역구공급총점":0.0,
            "역세권":80,
            "30분내 이동가능 거점":40,
            "1시간내 이동가능 거점":100,
            "교통총점":72.0,
            "백화점":100,
            "아울렛몰":80,
            "대형마트":0,
            "은행":70,
            "병원":0,
            "종합병원":100,
            "공원":100,
            "혐오시설":0,
            "인프라총점":68.0,
            "초등학군":89.99,
            "중학군":43.08,
            "학군총점":52.462,
            "인구수":39.09,
            "인구증감":-10.31,
            "인구총점":24.27,
            "일자리":15.58,
            "소득수준":53.45,
            "일자리총점":26.941,
            "가치 총점":62.6693,
            "매매실거래년":20211127.0,
            "매매실거래가":151000.0,
            "전세실거래년":20220106.0,
            "전세실거래가":72450.0,
            "전세가율":47.98,
            "장기전세가율평균":64.27,
            "전세가율거품지수":16.29,
            "검색코드":3335,
            "세대수":302.0,
            "준공년월":"2007-10-15",
            "준공년차":16.0,
            "가까운역이름":"광나루",
            "가까운역거리":208.8,
            "역세권여부":"역세권",
            "30분이내주요거점역":2,
            "30분거점역이름":"['잠실', '왕십리']",
            "1시간이내주요거점역":14,
            "1시간거점역이름":"['강남', '역삼', '잠실', '판교', '여의도', '을지로입구', '을지로3가', '양재', '평촌', '가산디지털단지', '왕십리', '홍대입구', '명동', '서현']",
            "3km이내백화점수":1,
            "5km이내아울렛몰수":1,
            "1km이내대형먀트수":0,
            "500m이내은행수":4,
            "500m이내병원수":0,
            "5km이내대형병원수":7,
            "500m이내공원수":2,
            "3km이내혐오시설수":0,
            "초등학교학업성취도":89.99,
            "중학교학업성취도":70.8,
            "용적률":199,
            "건폐율":21,
            "Y":37.546893,
            "X":127.10483,
            "rank":38.0,
            "area_info":"32평(107.26), 32평(107.5), 32평(107.03), 32평(107.02)",
            "last_sales":"2021-11-27,151000.0,32평(107.26)",
            "rank_history":[
                [
                    "202202",
                    38
                ],
                [
                    "202201",
                    43
                ]
            ],
            "rank_gap":5
        },
        {
            "index":402,
            "아파트명":"아스하임4차(도시형)",
            "투자타입":"일반",
            "전용면적(m2)":"19.66",
            "전용면적(평)":"5평",
            "법정동주소":"서울시 광진구 화양동 111-102",
            "도로명주소":"서울시 광진구 광나루로 382",
            "세대수":0,
            "입주년차":80,
            "용적률점수":"--",
            "건폐율점수":"--",
            "세대당주차수":0,
            "난방방식":30,
            "공급면적":"--",
            "전용률":"--",
            "욕실수":50,
            "현관타입":10,
            "주거총점":25.0,
            "지역구공급총점":0.0,
            "역세권":80,
            "30분내 이동가능 거점":80,
            "1시간내 이동가능 거점":100,
            "교통총점":84.0,
            "백화점":100,
            "아울렛몰":80,
            "대형마트":0,
            "은행":70,
            "병원":0,
            "종합병원":100,
            "공원":100,
            "혐오시설":0,
            "인프라총점":68.0,
            "초등학군":89.98,
            "중학군":42.94,
            "학군총점":52.348,
            "인구수":39.09,
            "인구증감":-10.31,
            "인구총점":24.27,
            "일자리":15.58,
            "소득수준":53.45,
            "일자리총점":26.941,
            "가치 총점":62.6522,
            "매매실거래년":20190107.0,
            "매매실거래가":19300.0,
            "전세실거래년":null,
            "전세실거래가":null,
            "전세가율":null,
            "장기전세가율평균":64.27,
            "전세가율거품지수":null,
            "검색코드":117799,
            "세대수":162.0,
            "준공년월":"2018-11-16",
            "준공년차":5.0,
            "가까운역이름":"어린이대공원",
            "가까운역거리":232.86,
            "역세권여부":"역세권",
            "30분이내주요거점역":4,
            "30분거점역이름":"['역삼', '잠실', '을지로3가', '왕십리']",
            "1시간이내주요거점역":16,
            "1시간거점역이름":"['강남', '역삼', '잠실', '판교', '여의도', '을지로입구', '을지로3가', '양재', '정자', '평촌', '가산디지털단지', '왕십리', '홍대입구', '구로디지털단지', '명동', '서현']",
            "3km이내백화점수":1,
            "5km이내아울렛몰수":1,
            "1km이내대형먀트수":0,
            "500m이내은행수":3,
            "500m이내병원수":0,
            "5km이내대형병원수":8,
            "500m이내공원수":2,
            "3km이내혐오시설수":0,
            "초등학교학업성취도":89.98,
            "중학교학업성취도":70.9,
            "용적률":798,
            "건폐율":59,
            "Y":37.547477,
            "X":127.072105,
            "rank":39.0,
            "area_info":"5평(19.66), 5평(19.66), 5평(19.82), 6평(21.65), 6평(21.7), 7평(24.09), 8평(28.53), 12평(39.84), 12평(39.84)",
            "last_sales":"2019-01-07,19300.0,5평(19.66)",
            "rank_history":[
                [
                    "202202",
                    39
                ],
                [
                    "202201",
                    39
                ]
            ],
            "rank_gap":0
        },
        {
            "index":50,
            "아파트명":"상록타워",
            "투자타입":"일반",
            "전용면적(m2)":"74.44",
            "전용면적(평)":"22평",
            "법정동주소":"서울시 광진구 광장동 570",
            "도로명주소":"서울시 광진구 아차산로 540",
            "세대수":0,
            "입주년차":0,
            "용적률점수":"--",
            "건폐율점수":"--",
            "세대당주차수":30,
            "난방방식":30,
            "공급면적":"--",
            "전용률":"--",
            "욕실수":50,
            "현관타입":10,
            "주거총점":13.5,
            "지역구공급총점":0.0,
            "역세권":80,
            "30분내 이동가능 거점":40,
            "1시간내 이동가능 거점":100,
            "교통총점":72.0,
            "백화점":100,
            "아울렛몰":80,
            "대형마트":80,
            "은행":100,
            "병원":0,
            "종합병원":100,
            "공원":80,
            "혐오시설":0,
            "인프라총점":82.4,
            "초등학군":90.01,
            "중학군":60.0,
            "학군총점":66.002,
            "인구수":39.09,
            "인구증감":-10.31,
            "인구총점":24.27,
            "일자리":15.58,
            "소득수준":53.45,
            "일자리총점":26.941,
            "가치 총점":62.5203,
            "매매실거래년":20200709.0,
            "매매실거래가":122000.0,
            "전세실거래년":20210313.0,
            "전세실거래가":30000.0,
            "전세가율":50.0,
            "장기전세가율평균":64.27,
            "전세가율거품지수":14.27,
            "검색코드":115163,
            "세대수":200.0,
            "준공년월":"1997-01-13",
            "준공년차":26.0,
            "가까운역이름":"광나루",
            "가까운역거리":390.66,
            "역세권여부":"역세권",
            "30분이내주요거점역":2,
            "30분거점역이름":"['잠실', '왕십리']",
            "1시간이내주요거점역":13,
            "1시간거점역이름":"['강남', '역삼', '잠실', '판교', '여의도', '을지로입구', '을지로3가', '양재', '가산디지털단지', '왕십리', '홍대입구', '구로디지털단지', '명동']",
            "3km이내백화점수":2,
            "5km이내아울렛몰수":1,
            "1km이내대형먀트수":1,
            "500m이내은행수":5,
            "500m이내병원수":0,
            "5km이내대형병원수":6,
            "500m이내공원수":1,
            "3km이내혐오시설수":0,
            "초등학교학업성취도":90.01,
            "중학교학업성취도":97.6,
            "용적률":395,
            "건폐율":23,
            "Y":37.542449,
            "X":127.100986,
            "rank":40.0,
            "area_info":"22평(74.44), 26평(89.07), 27평(89.94), 27평(91.27), 27평(91.24), 38평(125.9), 38평(126.86), 38평(127.31)",
            "last_sales":"2020-07-09,122000.0,38평(127.31)",
            "rank_history":[
                [
                    "202202",
                    40
                ],
                [
                    "202201",
                    37
                ]
            ],
            "rank_gap":-3
        },
        {
            "index":400,
            "아파트명":"씨즈건대힐스(도시형)",
            "투자타입":"일반",
            "전용면적(m2)":"23.02",
            "전용면적(평)":"6평",
            "법정동주소":"서울시 광진구 화양동 530",
            "도로명주소":"서울시 광진구 광나루로20길 17",
            "세대수":0,
            "입주년차":80,
            "용적률점수":"--",
            "건폐율점수":"--",
            "세대당주차수":0,
            "난방방식":30,
            "공급면적":"--",
            "전용률":"--",
            "욕실수":50,
            "현관타입":10,
            "주거총점":25.0,
            "지역구공급총점":0.0,
            "역세권":80,
            "30분내 이동가능 거점":60,
            "1시간내 이동가능 거점":100,
            "교통총점":78.0,
            "백화점":100,
            "아울렛몰":80,
            "대형마트":80,
            "은행":20,
            "병원":0,
            "종합병원":100,
            "공원":80,
            "혐오시설":0,
            "인프라총점":74.4,
            "초등학군":89.92,
            "중학군":42.94,
            "학군총점":52.336,
            "인구수":39.09,
            "인구증감":-10.31,
            "인구총점":24.27,
            "일자리":15.58,
            "소득수준":53.45,
            "일자리총점":26.941,
            "가치 총점":62.4704,
            "매매실거래년":20211106.0,
            "매매실거래가":15000.0,
            "전세실거래년":20220111.0,
            "전세실거래가":17500.0,
            "전세가율":116.67,
            "장기전세가율평균":64.27,
            "전세가율거품지수":-52.4,
            "검색코드":116717,
            "세대수":148.0,
            "준공년월":"2017-09-29",
            "준공년차":6.0,
            "가까운역이름":"어린이대공원",
            "가까운역거리":201.82,
            "역세권여부":"역세권",
            "30분이내주요거점역":3,
            "30분거점역이름":"['역삼', '잠실', '왕십리']",
            "1시간이내주요거점역":16,
            "1시간거점역이름":"['강남', '역삼', '잠실', '판교', '여의도', '을지로입구', '을지로3가', '양재', '정자', '평촌', '가산디지털단지', '왕십리', '홍대입구', '구로디지털단지', '명동', '서현']",
            "3km이내백화점수":1,
            "5km이내아울렛몰수":1,
            "1km이내대형먀트수":1,
            "500m이내은행수":2,
            "500m이내병원수":0,
            "5km이내대형병원수":7,
            "500m이내공원수":1,
            "3km이내혐오시설수":0,
            "초등학교학업성취도":89.92,
            "중학교학업성취도":70.9,
            "용적률":249,
            "건폐율":36,
            "Y":37.546199,
            "X":127.074646,
            "rank":41.0,
            "area_info":"6평(23.02), 10평(34.89)",
            "last_sales":"2021-11-06,15000.0,6평(23.02)",
            "rank_history":[
                [
                    "202202",
                    41
                ],
                [
                    "202201",
                    40
                ]
            ],
            "rank_gap":-1
        },
        {
            "index":233,
            "아파트명":"우방리버파크",
            "투자타입":"일반",
            "전용면적(m2)":"77.77",
            "전용면적(평)":"23평",
            "법정동주소":"서울시 광진구 자양동 793",
            "도로명주소":"서울시 광진구 능동로4길 78",
            "세대수":0,
            "입주년차":20,
            "용적률점수":"--",
            "건폐율점수":"--",
            "세대당주차수":30,
            "난방방식":30,
            "공급면적":"--",
            "전용률":"--",
            "욕실수":50,
            "현관타입":10,
            "주거총점":17.5,
            "지역구공급총점":0.0,
            "역세권":80,
            "30분내 이동가능 거점":40,
            "1시간내 이동가능 거점":100,
            "교통총점":72.0,
            "백화점":100,
            "아울렛몰":80,
            "대형마트":100,
            "은행":70,
            "병원":0,
            "종합병원":100,
            "공원":80,
            "혐오시설":0,
            "인프라총점":82.4,
            "초등학군":89.97,
            "중학군":50.2,
            "학군총점":58.154,
            "인구수":39.09,
            "인구증감":-10.31,
            "인구총점":24.27,
            "일자리":15.58,
            "소득수준":53.45,
            "일자리총점":26.941,
            "가치 총점":62.1431,
            "매매실거래년":20210624.0,
            "매매실거래가":170000.0,
            "전세실거래년":20211119.0,
            "전세실거래가":42000.0,
            "전세가율":36.52,
            "장기전세가율평균":64.27,
            "전세가율거품지수":27.75,
            "검색코드":3342,
            "세대수":214.0,
            "준공년월":"2003-10-14",
            "준공년차":20.0,
            "가까운역이름":"뚝섬유원지",
            "가까운역거리":362.39,
            "역세권여부":"역세권",
            "30분이내주요거점역":2,
            "30분거점역이름":"['잠실', '왕십리']",
            "1시간이내주요거점역":16,
            "1시간거점역이름":"['강남', '역삼', '잠실', '판교', '여의도', '을지로입구', '을지로3가', '양재', '정자', '평촌', '가산디지털단지', '왕십리', '홍대입구', '구로디지털단지', '명동', '서현']",
            "3km이내백화점수":3,
            "5km이내아울렛몰수":1,
            "1km이내대형먀트수":2,
            "500m이내은행수":4,
            "500m이내병원수":0,
            "5km이내대형병원수":7,
            "500m이내공원수":1,
            "3km이내혐오시설수":0,
            "초등학교학업성취도":89.97,
            "중학교학업성취도":81.2,
            "용적률":359,
            "건폐율":20,
            "Y":37.531294,
            "X":127.070802,
            "rank":42.0,
            "area_info":"23평(77.77), 33평(110.42), 33평(110.37)",
            "last_sales":"2021-06-24,170000.0,33평(110.37)",
            "rank_history":[
                [
                    "202202",
                    42
                ],
                [
                    "202201",
                    41
                ]
            ],
            "rank_gap":-1
        },
        {
            "index":304,
            "아파트명":"자양9차현대홈타운",
            "투자타입":"일반",
            "전용면적(m2)":"93.67",
            "전용면적(평)":"28평",
            "법정동주소":"서울시 광진구 자양동 790",
            "도로명주소":"서울시 광진구 뚝섬로34길 32",
            "세대수":0,
            "입주년차":20,
            "용적률점수":"--",
            "건폐율점수":"--",
            "세대당주차수":30,
            "난방방식":30,
            "공급면적":"--",
            "전용률":"--",
            "욕실수":100,
            "현관타입":100,
            "주거총점":31.5,
            "지역구공급총점":0.0,
            "역세권":80,
            "30분내 이동가능 거점":20,
            "1시간내 이동가능 거점":100,
            "교통총점":66.0,
            "백화점":100,
            "아울렛몰":80,
            "대형마트":80,
            "은행":100,
            "병원":0,
            "종합병원":100,
            "공원":0,
            "혐오시설":0,
            "인프라총점":80.0,
            "초등학군":89.97,
            "중학군":50.2,
            "학군총점":58.154,
            "인구수":39.09,
            "인구증감":-10.31,
            "인구총점":24.27,
            "일자리":15.58,
            "소득수준":53.45,
            "일자리총점":26.941,
            "가치 총점":62.1231,
            "매매실거래년":20201209.0,
            "매매실거래가":134500.0,
            "전세실거래년":null,
            "전세실거래가":null,
            "전세가율":null,
            "장기전세가율평균":64.27,
            "전세가율거품지수":null,
            "검색코드":3348,
            "세대수":119.0,
            "준공년월":"2002-04-30",
            "준공년차":21.0,
            "가까운역이름":"뚝섬유원지",
            "가까운역거리":358.86,
            "역세권여부":"역세권",
            "30분이내주요거점역":1,
            "30분거점역이름":"['잠실']",
            "1시간이내주요거점역":16,
            "1시간거점역이름":"['강남', '역삼', '잠실', '판교', '여의도', '을지로입구', '을지로3가', '양재', '정자', '평촌', '가산디지털단지', '왕십리', '홍대입구', '구로디지털단지', '명동', '서현']",
            "3km이내백화점수":3,
            "5km이내아울렛몰수":1,
            "1km이내대형먀트수":1,
            "500m이내은행수":5,
            "500m이내병원수":0,
            "5km이내대형병원수":5,
            "500m이내공원수":0,
            "3km이내혐오시설수":0,
            "초등학교학업성취도":89.97,
            "중학교학업성취도":81.2,
            "용적률":283,
            "건폐율":25,
            "Y":37.53412,
            "X":127.069149,
            "rank":43.0,
            "area_info":"28평(93.67), 33평(110.3), 33평(111.96), 36평(119.27), 36평(121.38), 38평(125.84), 40평(132.35)",
            "last_sales":"2020-12-09,134500.0,40평(132.35)",
            "rank_history":[
                [
                    "202202",
                    43
                ],
                [
                    "202201",
                    42
                ]
            ],
            "rank_gap":-1
        },
        {
            "index":242,
            "아파트명":"우성7차",
            "투자타입":"일반",
            "전용면적(m2)":"83.82",
            "전용면적(평)":"25평",
            "법정동주소":"서울시 광진구 자양동 783-1",
            "도로명주소":"서울시 광진구 아차산로36길 39",
            "세대수":50,
            "입주년차":0,
            "용적률점수":"--",
            "건폐율점수":"--",
            "세대당주차수":30,
            "난방방식":30,
            "공급면적":"--",
            "전용률":"--",
            "욕실수":50,
            "현관타입":10,
            "주거총점":31.0,
            "지역구공급총점":0.0,
            "역세권":50,
            "30분내 이동가능 거점":60,
            "1시간내 이동가능 거점":100,
            "교통총점":63.0,
            "백화점":100,
            "아울렛몰":80,
            "대형마트":100,
            "은행":70,
            "병원":0,
            "종합병원":100,
            "공원":100,
            "혐오시설":0,
            "인프라총점":83.0,
            "초등학군":89.98,
            "중학군":50.2,
            "학군총점":58.156,
            "인구수":39.09,
            "인구증감":-10.31,
            "인구총점":24.27,
            "일자리":15.58,
            "소득수준":53.45,
            "일자리총점":26.941,
            "가치 총점":61.8734,
            "매매실거래년":20211019.0,
            "매매실거래가":126700.0,
            "전세실거래년":20220120.0,
            "전세실거래가":63000.0,
            "전세가율":49.72,
            "장기전세가율평균":64.27,
            "전세가율거품지수":14.55,
            "검색코드":97,
            "세대수":625.0,
            "준공년월":"1998-07-06",
            "준공년차":25.0,
            "가까운역이름":"건대입구",
            "가까운역거리":615.35,
            "역세권여부":"준역세권",
            "30분이내주요거점역":3,
            "30분거점역이름":"['역삼', '잠실', '왕십리']",
            "1시간이내주요거점역":16,
            "1시간거점역이름":"['강남', '역삼', '잠실', '판교', '여의도', '을지로입구', '을지로3가', '양재', '정자', '평촌', '가산디지털단지', '왕십리', '홍대입구', '구로디지털단지', '명동', '서현']",
            "3km이내백화점수":1,
            "5km이내아울렛몰수":1,
            "1km이내대형먀트수":2,
            "500m이내은행수":4,
            "500m이내병원수":0,
            "5km이내대형병원수":5,
            "500m이내공원수":2,
            "3km이내혐오시설수":0,
            "초등학교학업성취도":89.98,
            "중학교학업성취도":81.2,
            "용적률":339,
            "건폐율":24,
            "Y":37.53637,
            "X":127.074587,
            "rank":44.0,
            "area_info":"25평(83.82), 33평(110.47)",
            "last_sales":"2021-10-19,126700.0,25평(83.82)",
            "rank_history":[
                [
                    "202202",
                    44
                ],
                [
                    "202201",
                    44
                ]
            ],
            "rank_gap":0
        },
        {
            "index":230,
            "아파트명":"삼성",
            "투자타입":"일반",
            "전용면적(m2)":"90.7",
            "전용면적(평)":"27평",
            "법정동주소":"서울시 광진구 자양동 787",
            "도로명주소":"서울시 광진구 자양번영로3길 65",
            "세대수":30,
            "입주년차":20,
            "용적률점수":"--",
            "건폐율점수":"--",
            "세대당주차수":0,
            "난방방식":30,
            "공급면적":"--",
            "전용률":"--",
            "욕실수":50,
            "현관타입":10,
            "주거총점":23.5,
            "지역구공급총점":0.0,
            "역세권":80,
            "30분내 이동가능 거점":20,
            "1시간내 이동가능 거점":100,
            "교통총점":66.0,
            "백화점":100,
            "아울렛몰":80,
            "대형마트":100,
            "은행":70,
            "병원":0,
            "종합병원":100,
            "공원":80,
            "혐오시설":0,
            "인프라총점":82.4,
            "초등학군":89.98,
            "중학군":50.2,
            "학군총점":58.156,
            "인구수":39.09,
            "인구증감":-10.31,
            "인구총점":24.27,
            "일자리":15.58,
            "소득수준":53.45,
            "일자리총점":26.941,
            "가치 총점":61.2434,
            "매매실거래년":20211105.0,
            "매매실거래가":150000.0,
            "전세실거래년":20220127.0,
            "전세실거래가":45150.0,
            "전세가율":44.7,
            "장기전세가율평균":64.27,
            "전세가율거품지수":19.57,
            "검색코드":908,
            "세대수":375.0,
            "준공년월":"1999-04-14",
            "준공년차":24.0,
            "가까운역이름":"뚝섬유원지",
            "가까운역거리":441.96,
            "역세권여부":"역세권",
            "30분이내주요거점역":1,
            "30분거점역이름":"['잠실']",
            "1시간이내주요거점역":16,
            "1시간거점역이름":"['강남', '역삼', '잠실', '판교', '여의도', '을지로입구', '을지로3가', '양재', '정자', '평촌', '가산디지털단지', '왕십리', '홍대입구', '구로디지털단지', '명동', '서현']",
            "3km이내백화점수":3,
            "5km이내아울렛몰수":1,
            "1km이내대형먀트수":2,
            "500m이내은행수":4,
            "500m이내병원수":0,
            "5km이내대형병원수":6,
            "500m이내공원수":1,
            "3km이내혐오시설수":0,
            "초등학교학업성취도":89.98,
            "중학교학업성취도":81.2,
            "용적률":268,
            "건폐율":25,
            "Y":37.532499,
            "X":127.071568,
            "rank":45.0,
            "area_info":"27평(90.7), 32평(106.99), 43평(144.67)",
            "last_sales":"2021-11-05,150000.0,32평(106.99)",
            "rank_history":[
                [
                    "202202",
                    45
                ],
                [
                    "202201",
                    48
                ]
            ],
            "rank_gap":3
        },
        {
            "index":336,
            "아파트명":"한강현대",
            "투자타입":"일반",
            "전용면적(m2)":"98.32",
            "전용면적(평)":"29평",
            "법정동주소":"서울시 광진구 자양동 829",
            "도로명주소":"서울시 광진구 능동로 19",
            "세대수":0,
            "입주년차":0,
            "용적률점수":"--",
            "건폐율점수":"--",
            "세대당주차수":0,
            "난방방식":30,
            "공급면적":"--",
            "전용률":"--",
            "욕실수":100,
            "현관타입":100,
            "주거총점":23.0,
            "지역구공급총점":0.0,
            "역세권":80,
            "30분내 이동가능 거점":40,
            "1시간내 이동가능 거점":100,
            "교통총점":72.0,
            "백화점":100,
            "아울렛몰":80,
            "대형마트":80,
            "은행":70,
            "병원":0,
            "종합병원":100,
            "공원":80,
            "혐오시설":0,
            "인프라총점":79.4,
            "초등학군":89.97,
            "중학군":40.54,
            "학군총점":50.426,
            "인구수":39.09,
            "인구증감":-10.31,
            "인구총점":24.27,
            "일자리":15.58,
            "소득수준":53.45,
            "일자리총점":26.941,
            "가치 총점":61.1839,
            "매매실거래년":20211102.0,
            "매매실거래가":150000.0,
            "전세실거래년":20220110.0,
            "전세실거래가":47250.0,
            "전세가율":31.5,
            "장기전세가율평균":64.27,
            "전세가율거품지수":32.77,
            "검색코드":2998,
            "세대수":204.0,
            "준공년월":"1993-11-20",
            "준공년차":30.0,
            "가까운역이름":"뚝섬유원지",
            "가까운역거리":172.57,
            "역세권여부":"역세권",
            "30분이내주요거점역":2,
            "30분거점역이름":"['역삼', '왕십리']",
            "1시간이내주요거점역":16,
            "1시간거점역이름":"['강남', '역삼', '잠실', '판교', '여의도', '을지로입구', '을지로3가', '양재', '정자', '평촌', '가산디지털단지', '왕십리', '홍대입구', '구로디지털단지', '명동', '서현']",
            "3km이내백화점수":3,
            "5km이내아울렛몰수":1,
            "1km이내대형먀트수":1,
            "500m이내은행수":4,
            "500m이내병원수":0,
            "5km이내대형병원수":6,
            "500m이내공원수":1,
            "3km이내혐오시설수":0,
            "초등학교학업성취도":89.97,
            "중학교학업성취도":67.1,
            "용적률":335,
            "건폐율":23,
            "Y":37.53309,
            "X":127.066605,
            "rank":46.0,
            "area_info":"29평(98.32)",
            "last_sales":"2021-11-02,150000.0,29평(98.32)",
            "rank_history":[
                [
                    "202202",
                    46
                ],
                [
                    "202201",
                    49
                ]
            ],
            "rank_gap":3
        },
        {
            "index":141,
            "아파트명":"대명이튼캐슬(도시형)",
            "투자타입":"일반",
            "전용면적(m2)":"25.38",
            "전용면적(평)":"7평",
            "법정동주소":"서울시 광진구 군자동 504",
            "도로명주소":"서울시 광진구 군자로10길 17",
            "세대수":0,
            "입주년차":100,
            "용적률점수":"--",
            "건폐율점수":"--",
            "세대당주차수":0,
            "난방방식":30,
            "공급면적":"--",
            "전용률":"--",
            "욕실수":50,
            "현관타입":100,
            "주거총점":38.0,
            "지역구공급총점":0.0,
            "역세권":80,
            "30분내 이동가능 거점":40,
            "1시간내 이동가능 거점":100,
            "교통총점":72.0,
            "백화점":100,
            "아울렛몰":80,
            "대형마트":0,
            "은행":70,
            "병원":0,
            "종합병원":100,
            "공원":100,
            "혐오시설":0,
            "인프라총점":68.0,
            "초등학군":89.98,
            "중학군":42.94,
            "학군총점":52.348,
            "인구수":39.09,
            "인구증감":-10.31,
            "인구총점":24.27,
            "일자리":15.58,
            "소득수준":53.45,
            "일자리총점":26.941,
            "가치 총점":61.0522,
            "매매실거래년":"18000101",
            "매매실거래가":null,
            "전세실거래년":null,
            "전세실거래가":null,
            "전세가율":null,
            "장기전세가율평균":64.27,
            "전세가율거품지수":null,
            "검색코드":125221,
            "세대수":123.0,
            "준공년월":"2019-02-08",
            "준공년차":4.0,
            "가까운역이름":"어린이대공원",
            "가까운역거리":304.03,
            "역세권여부":"역세권",
            "30분이내주요거점역":2,
            "30분거점역이름":"['잠실', '왕십리']",
            "1시간이내주요거점역":16,
            "1시간거점역이름":"['강남', '역삼', '잠실', '판교', '여의도', '을지로입구', '을지로3가', '양재', '정자', '평촌', '가산디지털단지', '왕십리', '홍대입구', '구로디지털단지', '명동', '서현']",
            "3km이내백화점수":1,
            "5km이내아울렛몰수":1,
            "1km이내대형먀트수":0,
            "500m이내은행수":3,
            "500m이내병원수":0,
            "5km이내대형병원수":8,
            "500m이내공원수":2,
            "3km이내혐오시설수":0,
            "초등학교학업성취도":89.98,
            "중학교학업성취도":70.9,
            "용적률":199,
            "건폐율":54,
            "Y":37.549141,
            "X":127.071516,
            "rank":47.0,
            "area_info":"7평(25.38), 9평(29.78), 9평(29.95), 9평(29.78), 9평(31.87), 9평(31.46), 9평(31.82), 9평(31.06), 9평(32.33), 9평(32.35), 9평(32.74), 10평(33.66), 10평(33.25), 10평(33.6), 10평(34.43), 10평(34.18), 10평(35.94), 10평(35.89), 10평(35.41), 10평(35.81), 11평(36.58), 11평(37.98), 11평(37.38), 11평(38.81), 11평(38.8), 11평(39.45), 11평(39.4), 15평(52.28), 16평(53.48), 19평(63.05), 20평(67.66), 21평(69.49), 22평(72.73), 24평(79.4), 24평(79.38), 24평(80.31), 24평(80.26)",
            "last_sales":"1800-01-01,nan,7평(25.38)",
            "rank_history":[
                [
                    "202202",
                    47
                ],
                [
                    "202201",
                    51
                ]
            ],
            "rank_gap":4
        },
        {
            "index":282,
            "아파트명":"자양2차현대",
            "투자타입":"일반",
            "전용면적(m2)":"71.91",
            "전용면적(평)":"21평",
            "법정동주소":"서울시 광진구 자양동 761",
            "도로명주소":"서울시 광진구 뚝섬로34길 9",
            "세대수":0,
            "입주년차":0,
            "용적률점수":"--",
            "건폐율점수":"--",
            "세대당주차수":0,
            "난방방식":30,
            "공급면적":"--",
            "전용률":"--",
            "욕실수":50,
            "현관타입":100,
            "주거총점":18.0,
            "지역구공급총점":0.0,
            "역세권":80,
            "30분내 이동가능 거점":20,
            "1시간내 이동가능 거점":100,
            "교통총점":66.0,
            "백화점":100,
            "아울렛몰":80,
            "대형마트":100,
            "은행":100,
            "병원":0,
            "종합병원":100,
            "공원":80,
            "혐오시설":0,
            "인프라총점":85.4,
            "초등학군":89.97,
            "중학군":50.2,
            "학군총점":58.154,
            "인구수":39.09,
            "인구증감":-10.31,
            "인구총점":24.27,
            "일자리":15.58,
            "소득수준":53.45,
            "일자리총점":26.941,
            "가치 총점":61.0431,
            "매매실거래년":20210819.0,
            "매매실거래가":143000.0,
            "전세실거래년":20220124.0,
            "전세실거래가":58000.0,
            "전세가율":48.54,
            "장기전세가율평균":64.27,
            "전세가율거품지수":15.73,
            "검색코드":102,
            "세대수":235.0,
            "준공년월":"1995-04-22",
            "준공년차":28.0,
            "가까운역이름":"뚝섬유원지",
            "가까운역거리":439.85,
            "역세권여부":"역세권",
            "30분이내주요거점역":1,
            "30분거점역이름":"['잠실']",
            "1시간이내주요거점역":16,
            "1시간거점역이름":"['강남', '역삼', '잠실', '판교', '여의도', '을지로입구', '을지로3가', '양재', '정자', '평촌', '가산디지털단지', '왕십리', '홍대입구', '구로디지털단지', '명동', '서현']",
            "3km이내백화점수":3,
            "5km이내아울렛몰수":1,
            "1km이내대형먀트수":2,
            "500m이내은행수":6,
            "500m이내병원수":0,
            "5km이내대형병원수":5,
            "500m이내공원수":1,
            "3km이내혐오시설수":0,
            "초등학교학업성취도":89.97,
            "중학교학업성취도":81.2,
            "용적률":312,
            "건폐율":25,
            "Y":37.534121,
            "X":127.070484,
            "rank":48.0,
            "area_info":"21평(71.91), 30평(101.83), 30평(101.56), 30평(101.76)",
            "last_sales":"2021-08-19,143000.0,30평(101.76)",
            "rank_history":[
                [
                    "202202",
                    48
                ],
                [
                    "202201",
                    47
                ]
            ],
            "rank_gap":-1
        },
        {
            "index":411,
            "아파트명":"화양현대",
            "투자타입":"일반",
            "전용면적(m2)":"78.86",
            "전용면적(평)":"23평",
            "법정동주소":"서울시 광진구 화양동 234",
            "도로명주소":"서울시 광진구 동일로24길 5",
            "세대수":0,
            "입주년차":20,
            "용적률점수":"--",
            "건폐율점수":"--",
            "세대당주차수":30,
            "난방방식":30,
            "공급면적":"--",
            "전용률":"--",
            "욕실수":50,
            "현관타입":50,
            "주거총점":21.5,
            "지역구공급총점":0.0,
            "역세권":50,
            "30분내 이동가능 거점":80,
            "1시간내 이동가능 거점":100,
            "교통총점":69.0,
            "백화점":100,
            "아울렛몰":80,
            "대형마트":80,
            "은행":100,
            "병원":0,
            "종합병원":100,
            "공원":100,
            "혐오시설":0,
            "인프라총점":83.0,
            "초등학군":89.98,
            "중학군":41.6,
            "학군총점":51.276,
            "인구수":39.09,
            "인구증감":-10.31,
            "인구총점":24.27,
            "일자리":15.58,
            "소득수준":53.45,
            "일자리총점":26.941,
            "가치 총점":61.0414,
            "매매실거래년":20210817.0,
            "매매실거래가":67000.0,
            "전세실거래년":20211129.0,
            "전세실거래가":37800.0,
            "전세가율":45.08,
            "장기전세가율평균":64.27,
            "전세가율거품지수":19.19,
            "검색코드":8603,
            "세대수":253.0,
            "준공년월":"1999-05-20",
            "준공년차":24.0,
            "가까운역이름":"건대입구",
            "가까운역거리":577.98,
            "역세권여부":"준역세권",
            "30분이내주요거점역":4,
            "30분거점역이름":"['강남', '역삼', '잠실', '왕십리']",
            "1시간이내주요거점역":16,
            "1시간거점역이름":"['강남', '역삼', '잠실', '판교', '여의도', '을지로입구', '을지로3가', '양재', '정자', '평촌', '가산디지털단지', '왕십리', '홍대입구', '구로디지털단지', '명동', '서현']",
            "3km이내백화점수":2,
            "5km이내아울렛몰수":1,
            "1km이내대형먀트수":1,
            "500m이내은행수":9,
            "500m이내병원수":0,
            "5km이내대형병원수":8,
            "500m이내공원수":5,
            "3km이내혐오시설수":0,
            "초등학교학업성취도":89.98,
            "중학교학업성취도":68.6,
            "용적률":381,
            "건폐율":24,
            "Y":37.544764,
            "X":127.066154,
            "rank":49.0,
            "area_info":"23평(78.86), 23평(78.83), 33평(111.42)",
            "last_sales":"2021-08-17,67000.0,33평(111.42)",
            "rank_history":[
                [
                    "202202",
                    49
                ],
                [
                    "202201",
                    46
                ]
            ],
            "rank_gap":-3
        },
        {
            "index":128,
            "아파트명":"아차산포레안",
            "투자타입":"일반",
            "전용면적(m2)":"80.23",
            "전용면적(평)":"24평",
            "법정동주소":"서울시 광진구 구의동 663",
            "도로명주소":"서울시 광진구 천호대로 716",
            "세대수":0,
            "입주년차":60,
            "용적률점수":"--",
            "건폐율점수":"--",
            "세대당주차수":30,
            "난방방식":30,
            "공급면적":"--",
            "전용률":"--",
            "욕실수":100,
            "현관타입":100,
            "주거총점":39.5,
            "지역구공급총점":0.0,
            "역세권":80,
            "30분내 이동가능 거점":40,
            "1시간내 이동가능 거점":100,
            "교통총점":72.0,
            "백화점":100,
            "아울렛몰":80,
            "대형마트":0,
            "은행":0,
            "병원":0,
            "종합병원":100,
            "공원":100,
            "혐오시설":0,
            "인프라총점":61.0,
            "초등학군":90.02,
            "중학군":57.3,
            "학군총점":63.844,
            "인구수":39.09,
            "인구증감":-10.31,
            "인구총점":24.27,
            "일자리":15.58,
            "소득수준":53.45,
            "일자리총점":26.941,
            "가치 총점":60.9766,
            "매매실거래년":20200505.0,
            "매매실거래가":110000.0,
            "전세실거래년":20200919.0,
            "전세실거래가":42000.0,
            "전세가율":57.53,
            "장기전세가율평균":64.27,
            "전세가율거품지수":6.74,
            "검색코드":101433,
            "세대수":125.0,
            "준공년월":"2010-12-30",
            "준공년차":13.0,
            "가까운역이름":"아차산",
            "가까운역거리":489.02,
            "역세권여부":"역세권",
            "30분이내주요거점역":2,
            "30분거점역이름":"['잠실', '왕십리']",
            "1시간이내주요거점역":12,
            "1시간거점역이름":"['강남', '역삼', '잠실', '여의도', '을지로입구', '을지로3가', '양재', '가산디지털단지', '왕십리', '홍대입구', '명동', '서현']",
            "3km이내백화점수":2,
            "5km이내아울렛몰수":1,
            "1km이내대형먀트수":0,
            "500m이내은행수":0,
            "500m이내병원수":0,
            "5km이내대형병원수":6,
            "500m이내공원수":2,
            "3km이내혐오시설수":0,
            "초등학교학업성취도":90.02,
            "중학교학업성취도":93.5,
            "용적률":156,
            "건폐율":21,
            "Y":37.548337,
            "X":127.093349,
            "rank":50.0,
            "area_info":"24평(80.23), 34평(113.93), 34평(114.04), 44평(146.28)",
            "last_sales":"2020-05-05,110000.0,44평(146.28)",
            "rank_history":[
                [
                    "202202",
                    50
                ],
                [
                    "202201",
                    52
                ]
            ],
            "rank_gap":2
        },
        {
            "index":346,
            "아파트명":"현대6차",
            "투자타입":"일반",
            "전용면적(m2)":"85.39",
            "전용면적(평)":"25평",
            "법정동주소":"서울시 광진구 자양동 786",
            "도로명주소":"서울시 광진구 자양번영로3길 66",
            "세대수":0,
            "입주년차":20,
            "용적률점수":"--",
            "건폐율점수":"--",
            "세대당주차수":30,
            "난방방식":30,
            "공급면적":"--",
            "전용률":"--",
            "욕실수":50,
            "현관타입":10,
            "주거총점":17.5,
            "지역구공급총점":0.0,
            "역세권":80,
            "30분내 이동가능 거점":20,
            "1시간내 이동가능 거점":100,
            "교통총점":66.0,
            "백화점":100,
            "아울렛몰":80,
            "대형마트":100,
            "은행":100,
            "병원":0,
            "종합병원":100,
            "공원":80,
            "혐오시설":0,
            "인프라총점":85.4,
            "초등학군":89.98,
            "중학군":50.2,
            "학군총점":58.156,
            "인구수":39.09,
            "인구증감":-10.31,
            "인구총점":24.27,
            "일자리":15.58,
            "소득수준":53.45,
            "일자리총점":26.941,
            "가치 총점":60.9434,
            "매매실거래년":20211106.0,
            "매매실거래가":117000.0,
            "전세실거래년":20211216.0,
            "전세실거래가":40000.0,
            "전세가율":34.19,
            "장기전세가율평균":64.27,
            "전세가율거품지수":30.08,
            "검색코드":1253,
            "세대수":178.0,
            "준공년월":"1999-02-03",
            "준공년차":24.0,
            "가까운역이름":"뚝섬유원지",
            "가까운역거리":481.31,
            "역세권여부":"역세권",
            "30분이내주요거점역":1,
            "30분거점역이름":"['왕십리']",
            "1시간이내주요거점역":15,
            "1시간거점역이름":"['강남', '역삼', '잠실', '판교', '여의도', '을지로입구', '을지로3가', '양재', '평촌', '가산디지털단지', '왕십리', '홍대입구', '구로디지털단지', '명동', '서현']",
            "3km이내백화점수":3,
            "5km이내아울렛몰수":1,
            "1km이내대형먀트수":2,
            "500m이내은행수":5,
            "500m이내병원수":0,
            "5km이내대형병원수":5,
            "500m이내공원수":1,
            "3km이내혐오시설수":0,
            "초등학교학업성취도":89.98,
            "중학교학업성취도":81.2,
            "용적률":313,
            "건폐율":23,
            "Y":37.533095,
            "X":127.071798,
            "rank":51.0,
            "area_info":"25평(85.39), 33평(112.06), 42평(141.09)",
            "last_sales":"2021-11-06,117000.0,25평(85.39)",
            "rank_history":[
                [
                    "202202",
                    51
                ],
                [
                    "202201",
                    53
                ]
            ],
            "rank_gap":2
        },
        {
            "index":69,
            "아파트명":"청구",
            "투자타입":"일반",
            "전용면적(m2)":"91.7",
            "전용면적(평)":"27평",
            "법정동주소":"서울시 광진구 광장동 566",
            "도로명주소":"서울시 광진구 아차산로 503-23",
            "세대수":50,
            "입주년차":0,
            "용적률점수":"--",
            "건폐율점수":"--",
            "세대당주차수":0,
            "난방방식":30,
            "공급면적":"--",
            "전용률":"--",
            "욕실수":50,
            "현관타입":10,
            "주거총점":26.5,
            "지역구공급총점":0.0,
            "역세권":50,
            "30분내 이동가능 거점":60,
            "1시간내 이동가능 거점":100,
            "교통총점":63.0,
            "백화점":100,
            "아울렛몰":80,
            "대형마트":80,
            "은행":70,
            "병원":0,
            "종합병원":100,
            "공원":100,
            "혐오시설":0,
            "인프라총점":80.0,
            "초등학군":90.0,
            "중학군":57.3,
            "학군총점":63.84,
            "인구수":39.09,
            "인구증감":-10.31,
            "인구총점":24.27,
            "일자리":15.58,
            "소득수준":53.45,
            "일자리총점":26.941,
            "가치 총점":60.926,
            "매매실거래년":20211204.0,
            "매매실거래가":116000.0,
            "전세실거래년":20220124.0,
            "전세실거래가":47250.0,
            "전세가율":40.73,
            "장기전세가율평균":64.27,
            "전세가율거품지수":23.54,
            "검색코드":73,
            "세대수":654.0,
            "준공년월":"1996-07-05",
            "준공년차":27.0,
            "가까운역이름":"광나루",
            "가까운역거리":703.29,
            "역세권여부":"준역세권",
            "30분이내주요거점역":3,
            "30분거점역이름":"['역삼', '잠실', '왕십리']",
            "1시간이내주요거점역":14,
            "1시간거점역이름":"['강남', '역삼', '잠실', '판교', '여의도', '을지로입구', '을지로3가', '양재', '정자', '왕십리', '홍대입구', '구로디지털단지', '명동', '서현']",
            "3km이내백화점수":2,
            "5km이내아울렛몰수":1,
            "1km이내대형먀트수":1,
            "500m이내은행수":4,
            "500m이내병원수":0,
            "5km이내대형병원수":6,
            "500m이내공원수":2,
            "3km이내혐오시설수":0,
            "초등학교학업성취도":90.0,
            "중학교학업성취도":93.5,
            "용적률":398,
            "건폐율":26,
            "Y":37.542289,
            "X":127.096557,
            "rank":52.0,
            "area_info":"27평(91.7), 33평(109.1)",
            "last_sales":"2021-12-04,116000.0,27평(91.7)",
            "rank_history":[
                [
                    "202202",
                    52
                ],
                [
                    "202201",
                    45
                ]
            ],
            "rank_gap":-7
        },
        {
            "index":373,
            "아파트명":"광진코지웰(도시형)",
            "투자타입":"일반",
            "전용면적(m2)":"19.35",
            "전용면적(평)":"5평",
            "법정동주소":"서울시 광진구 화양동 113-1",
            "도로명주소":"서울시 광진구 능동로19길 35",
            "세대수":0,
            "입주년차":80,
            "용적률점수":"--",
            "건폐율점수":"--",
            "세대당주차수":0,
            "난방방식":30,
            "공급면적":"--",
            "전용률":"--",
            "욕실수":50,
            "현관타입":10,
            "주거총점":25.0,
            "지역구공급총점":0.0,
            "역세권":80,
            "30분내 이동가능 거점":40,
            "1시간내 이동가능 거점":100,
            "교통총점":72.0,
            "백화점":100,
            "아울렛몰":80,
            "대형마트":80,
            "은행":20,
            "병원":0,
            "종합병원":100,
            "공원":100,
            "혐오시설":0,
            "인프라총점":75.0,
            "초등학군":89.92,
            "중학군":42.94,
            "학군총점":52.336,
            "인구수":39.09,
            "인구증감":-10.31,
            "인구총점":24.27,
            "일자리":15.58,
            "소득수준":53.45,
            "일자리총점":26.941,
            "가치 총점":60.5504,
            "매매실거래년":20220107.0,
            "매매실거래가":12400.0,
            "전세실거래년":20220111.0,
            "전세실거래가":15000.0,
            "전세가율":120.97,
            "장기전세가율평균":64.27,
            "전세가율거품지수":-56.7,
            "검색코드":105911,
            "세대수":296.0,
            "준공년월":"2014-11-03",
            "준공년차":9.0,
            "가까운역이름":"어린이대공원",
            "가까운역거리":264.08,
            "역세권여부":"역세권",
            "30분이내주요거점역":2,
            "30분거점역이름":"['잠실', '왕십리']",
            "1시간이내주요거점역":16,
            "1시간거점역이름":"['강남', '역삼', '잠실', '판교', '여의도', '을지로입구', '을지로3가', '양재', '정자', '평촌', '가산디지털단지', '왕십리', '홍대입구', '구로디지털단지', '명동', '서현']",
            "3km이내백화점수":1,
            "5km이내아울렛몰수":1,
            "1km이내대형먀트수":1,
            "500m이내은행수":2,
            "500m이내병원수":0,
            "5km이내대형병원수":8,
            "500m이내공원수":2,
            "3km이내혐오시설수":0,
            "초등학교학업성취도":89.92,
            "중학교학업성취도":70.9,
            "용적률":617,
            "건폐율":59,
            "Y":37.547116,
            "X":127.071885,
            "rank":53.0,
            "area_info":"5평(19.35), 5평(19.59), 6평(20.61), 6평(20.58), 6평(21.87), 6평(21.27), 6평(23.13), 7평(24.54), 7평(25.98), 7평(26.07), 7평(26.07), 8평(26.86), 7평(26.33), 8평(27.66), 9평(30.75), 10평(34.77)",
            "last_sales":"2022-01-07,12400.0,5평(19.35)",
            "rank_history":[
                [
                    "202202",
                    53
                ],
                [
                    "202201",
                    55
                ]
            ],
            "rank_gap":2
        },
        {
            "index":293,
            "아파트명":"자양7차현대홈타운",
            "투자타입":"일반",
            "전용면적(m2)":"78.47",
            "전용면적(평)":"23평",
            "법정동주소":"서울시 광진구 자양동 788",
            "도로명주소":"서울시 광진구 능동로4길 41",
            "세대수":0,
            "입주년차":20,
            "용적률점수":"--",
            "건폐율점수":"--",
            "세대당주차수":30,
            "난방방식":30,
            "공급면적":"--",
            "전용률":"--",
            "욕실수":50,
            "현관타입":10,
            "주거총점":17.5,
            "지역구공급총점":0.0,
            "역세권":80,
            "30분내 이동가능 거점":20,
            "1시간내 이동가능 거점":100,
            "교통총점":66.0,
            "백화점":100,
            "아울렛몰":80,
            "대형마트":80,
            "은행":100,
            "병원":0,
            "종합병원":100,
            "공원":80,
            "혐오시설":0,
            "인프라총점":82.4,
            "초등학군":89.97,
            "중학군":50.2,
            "학군총점":58.154,
            "인구수":39.09,
            "인구증감":-10.31,
            "인구총점":24.27,
            "일자리":15.58,
            "소득수준":53.45,
            "일자리총점":26.941,
            "가치 총점":60.0431,
            "매매실거래년":20210918.0,
            "매매실거래가":127000.0,
            "전세실거래년":20211217.0,
            "전세실거래가":47250.0,
            "전세가율":37.2,
            "장기전세가율평균":64.27,
            "전세가율거품지수":27.07,
            "검색코드":3345,
            "세대수":252.0,
            "준공년월":"2001-05-31",
            "준공년차":22.0,
            "가까운역이름":"뚝섬유원지",
            "가까운역거리":300.84,
            "역세권여부":"역세권",
            "30분이내주요거점역":1,
            "30분거점역이름":"['잠실']",
            "1시간이내주요거점역":16,
            "1시간거점역이름":"['강남', '역삼', '잠실', '판교', '여의도', '을지로입구', '을지로3가', '양재', '정자', '평촌', '가산디지털단지', '왕십리', '홍대입구', '구로디지털단지', '명동', '서현']",
            "3km이내백화점수":3,
            "5km이내아울렛몰수":1,
            "1km이내대형먀트수":1,
            "500m이내은행수":5,
            "500m이내병원수":0,
            "5km이내대형병원수":6,
            "500m이내공원수":1,
            "3km이내혐오시설수":0,
            "초등학교학업성취도":89.97,
            "중학교학업성취도":81.2,
            "용적률":289,
            "건폐율":24,
            "Y":37.53302,
            "X":127.06956,
            "rank":54.0,
            "area_info":"23평(78.47), 23평(78.96), 24평(81.58), 29평(99.09), 33평(109.92), 33평(111.58), 34평(115.28), 36평(120.47), 43평(143.91)",
            "last_sales":"2021-09-18,127000.0,23평(78.47)",
            "rank_history":[
                [
                    "202202",
                    54
                ],
                [
                    "202201",
                    54
                ]
            ],
            "rank_gap":0
        },
        {
            "index":0,
            "아파트명":"광나루현대",
            "투자타입":"일반",
            "전용면적(m2)":"103.72",
            "전용면적(평)":"31평",
            "법정동주소":"서울시 광진구 광장동 567",
            "도로명주소":"서울시 광진구 아차산로76길 31",
            "세대수":30,
            "입주년차":0,
            "용적률점수":"--",
            "건폐율점수":"--",
            "세대당주차수":0,
            "난방방식":30,
            "공급면적":"--",
            "전용률":"--",
            "욕실수":100,
            "현관타입":100,
            "주거총점":33.5,
            "지역구공급총점":0.0,
            "역세권":80,
            "30분내 이동가능 거점":40,
            "1시간내 이동가능 거점":100,
            "교통총점":72.0,
            "백화점":100,
            "아울렛몰":80,
            "대형마트":0,
            "은행":70,
            "병원":0,
            "종합병원":100,
            "공원":80,
            "혐오시설":0,
            "인프라총점":67.4,
            "초등학군":89.99,
            "중학군":43.08,
            "학군총점":52.462,
            "인구수":39.09,
            "인구증감":-10.31,
            "인구총점":24.27,
            "일자리":15.58,
            "소득수준":53.45,
            "일자리총점":26.941,
            "가치 총점":59.9893,
            "매매실거래년":20211204.0,
            "매매실거래가":128000.0,
            "전세실거래년":20210226.0,
            "전세실거래가":35000.0,
            "전세가율":27.34,
            "장기전세가율평균":64.27,
            "전세가율거품지수":36.93,
            "검색코드":80,
            "세대수":380.0,
            "준공년월":"1996-04-17",
            "준공년차":27.0,
            "가까운역이름":"광나루",
            "가까운역거리":462.66,
            "역세권여부":"역세권",
            "30분이내주요거점역":2,
            "30분거점역이름":"['잠실', '왕십리']",
            "1시간이내주요거점역":13,
            "1시간거점역이름":"['강남', '역삼', '잠실', '판교', '여의도', '을지로입구', '을지로3가', '양재', '가산디지털단지', '왕십리', '홍대입구', '명동', '서현']",
            "3km이내백화점수":1,
            "5km이내아울렛몰수":1,
            "1km이내대형먀트수":0,
            "500m이내은행수":3,
            "500m이내병원수":0,
            "5km이내대형병원수":7,
            "500m이내공원수":1,
            "3km이내혐오시설수":0,
            "초등학교학업성취도":89.99,
            "중학교학업성취도":70.8,
            "용적률":303,
            "건폐율":22,
            "Y":37.547082,
            "X":127.108314,
            "rank":55.0,
            "area_info":"31평(103.72), 31평(103.92), 31평(104.14)",
            "last_sales":"2021-12-04,128000.0,31평(103.72)",
            "rank_history":[
                [
                    "202202",
                    55
                ],
                [
                    "202201",
                    61
                ]
            ],
            "rank_gap":6
        },
        {
            "index":178,
            "아파트명":"일성파크",
            "투자타입":"일반",
            "전용면적(m2)":"94.03",
            "전용면적(평)":"28평",
            "법정동주소":"서울시 광진구 군자동 99",
            "도로명주소":"서울시 광진구 군자로12길 46",
            "세대수":30,
            "입주년차":0,
            "용적률점수":"--",
            "건폐율점수":"--",
            "세대당주차수":30,
            "난방방식":30,
            "공급면적":"--",
            "전용률":"--",
            "욕실수":50,
            "현관타입":100,
            "주거총점":33.0,
            "지역구공급총점":0.0,
            "역세권":80,
            "30분내 이동가능 거점":60,
            "1시간내 이동가능 거점":100,
            "교통총점":78.0,
            "백화점":100,
            "아울렛몰":0,
            "대형마트":0,
            "은행":70,
            "병원":0,
            "종합병원":100,
            "공원":100,
            "혐오시설":0,
            "인프라총점":60.0,
            "초등학군":89.98,
            "중학군":42.94,
            "학군총점":52.348,
            "인구수":39.09,
            "인구증감":-10.31,
            "인구총점":24.27,
            "일자리":15.58,
            "소득수준":53.45,
            "일자리총점":26.941,
            "가치 총점":59.7522,
            "매매실거래년":20210830.0,
            "매매실거래가":82000.0,
            "전세실거래년":20211201.0,
            "전세실거래가":50000.0,
            "전세가율":60.98,
            "장기전세가율평균":64.27,
            "전세가율거품지수":3.29,
            "검색코드":3186,
            "세대수":357.0,
            "준공년월":"1996-03-09",
            "준공년차":27.0,
            "가까운역이름":"어린이대공원",
            "가까운역거리":433.18,
            "역세권여부":"역세권",
            "30분이내주요거점역":3,
            "30분거점역이름":"['역삼', '잠실', '왕십리']",
            "1시간이내주요거점역":14,
            "1시간거점역이름":"['강남', '역삼', '잠실', '판교', '여의도', '을지로입구', '을지로3가', '양재', '평촌', '가산디지털단지', '왕십리', '구로디지털단지', '명동', '서현']",
            "3km이내백화점수":1,
            "5km이내아울렛몰수":0,
            "1km이내대형먀트수":0,
            "500m이내은행수":3,
            "500m이내병원수":0,
            "5km이내대형병원수":8,
            "500m이내공원수":2,
            "3km이내혐오시설수":0,
            "초등학교학업성취도":89.98,
            "중학교학업성취도":70.9,
            "용적률":270,
            "건폐율":18,
            "Y":37.551491,
            "X":127.072442,
            "rank":56.0,
            "area_info":"28평(94.03), 37평(124.32), 40평(133.24), 54평(180.13)",
            "last_sales":"2021-08-30,82000.0,28평(94.03)",
            "rank_history":[
                [
                    "202202",
                    56
                ],
                [
                    "202201",
                    57
                ]
            ],
            "rank_gap":1
        },
        {
            "index":29,
            "아파트명":"광장현대홈타운11차",
            "투자타입":"일반",
            "전용면적(m2)":"109.13",
            "전용면적(평)":"33평",
            "법정동주소":"서울시 광진구 광장동 579",
            "도로명주소":"서울시 광진구 아차산로69길 29",
            "세대수":0,
            "입주년차":20,
            "용적률점수":"--",
            "건폐율점수":"--",
            "세대당주차수":30,
            "난방방식":30,
            "공급면적":"--",
            "전용률":"--",
            "욕실수":100,
            "현관타입":100,
            "주거총점":31.5,
            "지역구공급총점":0.0,
            "역세권":50,
            "30분내 이동가능 거점":40,
            "1시간내 이동가능 거점":100,
            "교통총점":57.0,
            "백화점":100,
            "아울렛몰":80,
            "대형마트":80,
            "은행":70,
            "병원":0,
            "종합병원":100,
            "공원":80,
            "혐오시설":0,
            "인프라총점":79.4,
            "초등학군":90.0,
            "중학군":57.3,
            "학군총점":63.84,
            "인구수":39.09,
            "인구증감":-10.31,
            "인구총점":24.27,
            "일자리":15.58,
            "소득수준":53.45,
            "일자리총점":26.941,
            "가치 총점":59.646,
            "매매실거래년":20211001.0,
            "매매실거래가":198000.0,
            "전세실거래년":20210715.0,
            "전세실거래가":135000.0,
            "전세가율":68.18,
            "장기전세가율평균":64.27,
            "전세가율거품지수":-3.91,
            "검색코드":3336,
            "세대수":159.0,
            "준공년월":"2003-10-28",
            "준공년차":20.0,
            "가까운역이름":"광나루",
            "가까운역거리":589.42,
            "역세권여부":"준역세권",
            "30분이내주요거점역":2,
            "30분거점역이름":"['잠실', '왕십리']",
            "1시간이내주요거점역":13,
            "1시간거점역이름":"['강남', '역삼', '잠실', '판교', '여의도', '을지로입구', '을지로3가', '양재', '왕십리', '홍대입구', '구로디지털단지', '명동', '서현']",
            "3km이내백화점수":2,
            "5km이내아울렛몰수":1,
            "1km이내대형먀트수":1,
            "500m이내은행수":4,
            "500m이내병원수":0,
            "5km이내대형병원수":6,
            "500m이내공원수":1,
            "3km이내혐오시설수":0,
            "초등학교학업성취도":90.0,
            "중학교학업성취도":93.5,
            "용적률":100,
            "건폐율":30,
            "Y":37.54332,
            "X":127.09737,
            "rank":57.0,
            "area_info":"33평(109.13), 32평(109.08), 33평(109.51)",
            "last_sales":"2021-10-01,198000.0,33평(109.13)",
            "rank_history":[
                [
                    "202202",
                    57
                ],
                [
                    "202201",
                    56
                ]
            ],
            "rank_gap":-1
        },
        {
            "index":389,
            "아파트명":"동도센트리움캠퍼스파크(도시형)",
            "투자타입":"일반",
            "전용면적(m2)":"20.93",
            "전용면적(평)":"6평",
            "법정동주소":"서울시 광진구 화양동 116-2",
            "도로명주소":"서울시 광진구 광나루로 370",
            "세대수":0,
            "입주년차":100,
            "용적률점수":"--",
            "건폐율점수":"--",
            "세대당주차수":0,
            "난방방식":30,
            "공급면적":"--",
            "전용률":"--",
            "욕실수":50,
            "현관타입":10,
            "주거총점":29.0,
            "지역구공급총점":0.0,
            "역세권":80,
            "30분내 이동가능 거점":40,
            "1시간내 이동가능 거점":100,
            "교통총점":72.0,
            "백화점":100,
            "아울렛몰":80,
            "대형마트":0,
            "은행":70,
            "병원":0,
            "종합병원":100,
            "공원":100,
            "혐오시설":0,
            "인프라총점":68.0,
            "초등학군":89.98,
            "중학군":42.94,
            "학군총점":52.348,
            "인구수":39.09,
            "인구증감":-10.31,
            "인구총점":24.27,
            "일자리":15.58,
            "소득수준":53.45,
            "일자리총점":26.941,
            "가치 총점":59.2522,
            "매매실거래년":20191217.0,
            "매매실거래가":22140.0,
            "전세실거래년":null,
            "전세실거래가":null,
            "전세가율":null,
            "장기전세가율평균":64.27,
            "전세가율거품지수":null,
            "검색코드":117393,
            "세대수":181.0,
            "준공년월":"2019-09-27",
            "준공년차":4.0,
            "가까운역이름":"어린이대공원",
            "가까운역거리":326.93,
            "역세권여부":"역세권",
            "30분이내주요거점역":2,
            "30분거점역이름":"['잠실', '왕십리']",
            "1시간이내주요거점역":16,
            "1시간거점역이름":"['강남', '역삼', '잠실', '판교', '여의도', '을지로입구', '을지로3가', '양재', '정자', '평촌', '가산디지털단지', '왕십리', '홍대입구', '구로디지털단지', '명동', '서현']",
            "3km이내백화점수":1,
            "5km이내아울렛몰수":1,
            "1km이내대형먀트수":0,
            "500m이내은행수":3,
            "500m이내병원수":0,
            "5km이내대형병원수":8,
            "500m이내공원수":2,
            "3km이내혐오시설수":0,
            "초등학교학업성취도":89.98,
            "중학교학업성취도":70.9,
            "용적률":753,
            "건폐율":59,
            "Y":37.547706,
            "X":127.07097,
            "rank":58.0,
            "area_info":"6평(20.93), 6평(20.93), 6평(21.1), 6평(22.78), 7평(24.71), 7평(25.95), 8평(26.72), 8평(28.38), 8평(28.51), 8평(28.14), 8평(28.31)",
            "last_sales":"2019-12-17,22140.0,8평(28.31)",
            "rank_history":[
                [
                    "202202",
                    58
                ],
                [
                    "202201",
                    59
                ]
            ],
            "rank_gap":1
        },
        {
            "index":191,
            "아파트명":"광진한화꿈에그린",
            "투자타입":"일반",
            "전용면적(m2)":"106.86",
            "전용면적(평)":"32평",
            "법정동주소":"서울시 광진구 자양동 853",
            "도로명주소":"서울시 광진구 뚝섬로24길 74",
            "세대수":0,
            "입주년차":40,
            "용적률점수":"--",
            "건폐율점수":"--",
            "세대당주차수":60,
            "난방방식":30,
            "공급면적":"--",
            "전용률":"--",
            "욕실수":100,
            "현관타입":100,
            "주거총점":40.0,
            "지역구공급총점":0.0,
            "역세권":80,
            "30분내 이동가능 거점":40,
            "1시간내 이동가능 거점":100,
            "교통총점":72.0,
            "백화점":100,
            "아울렛몰":80,
            "대형마트":0,
            "은행":0,
            "병원":0,
            "종합병원":100,
            "공원":100,
            "혐오시설":0,
            "인프라총점":61.0,
            "초등학군":89.97,
            "중학군":40.54,
            "학군총점":50.426,
            "인구수":39.09,
            "인구증감":-10.31,
            "인구총점":24.27,
            "일자리":15.58,
            "소득수준":53.45,
            "일자리총점":26.941,
            "가치 총점":59.0639,
            "매매실거래년":20210721.0,
            "매매실거래가":180000.0,
            "전세실거래년":20211218.0,
            "전세실거래가":65000.0,
            "전세가율":49.43,
            "장기전세가율평균":64.27,
            "전세가율거품지수":14.84,
            "검색코드":18553,
            "세대수":116.0,
            "준공년월":"2006-05-30",
            "준공년차":17.0,
            "가까운역이름":"뚝섬유원지",
            "가까운역거리":483.41,
            "역세권여부":"역세권",
            "30분이내주요거점역":2,
            "30분거점역이름":"['역삼', '잠실']",
            "1시간이내주요거점역":16,
            "1시간거점역이름":"['강남', '역삼', '잠실', '판교', '여의도', '을지로입구', '을지로3가', '양재', '정자', '평촌', '가산디지털단지', '왕십리', '홍대입구', '구로디지털단지', '명동', '서현']",
            "3km이내백화점수":3,
            "5km이내아울렛몰수":1,
            "1km이내대형먀트수":0,
            "500m이내은행수":1,
            "500m이내병원수":0,
            "5km이내대형병원수":6,
            "500m이내공원수":2,
            "3km이내혐오시설수":0,
            "초등학교학업성취도":89.97,
            "중학교학업성취도":67.1,
            "용적률":245,
            "건폐율":19,
            "Y":37.53362,
            "X":127.06189,
            "rank":59.0,
            "area_info":"32평(106.86), 32평(106.17), 52평(172.91), 52평(172.55)",
            "last_sales":"2021-07-21,180000.0,52평(172.91)",
            "rank_history":[
                [
                    "202202",
                    59
                ],
                [
                    "202201",
                    60
                ]
            ],
            "rank_gap":1
        },
        {
            "index":302,
            "아파트명":"자양8차현대홈타운",
            "투자타입":"일반",
            "전용면적(m2)":"108.33",
            "전용면적(평)":"32평",
            "법정동주소":"서울시 광진구 자양동 789",
            "도로명주소":"서울시 광진구 뚝섬로36길 19",
            "세대수":0,
            "입주년차":20,
            "용적률점수":"--",
            "건폐율점수":"--",
            "세대당주차수":30,
            "난방방식":30,
            "공급면적":"--",
            "전용률":"--",
            "욕실수":100,
            "현관타입":100,
            "주거총점":31.5,
            "지역구공급총점":0.0,
            "역세권":50,
            "30분내 이동가능 거점":20,
            "1시간내 이동가능 거점":100,
            "교통총점":51.0,
            "백화점":100,
            "아울렛몰":80,
            "대형마트":100,
            "은행":100,
            "병원":0,
            "종합병원":100,
            "공원":80,
            "혐오시설":0,
            "인프라총점":85.4,
            "초등학군":89.98,
            "중학군":50.2,
            "학군총점":58.156,
            "인구수":39.09,
            "인구증감":-10.31,
            "인구총점":24.27,
            "일자리":15.58,
            "소득수준":53.45,
            "일자리총점":26.941,
            "가치 총점":58.4934,
            "매매실거래년":20210906.0,
            "매매실거래가":140500.0,
            "전세실거래년":20211229.0,
            "전세실거래가":65000.0,
            "전세가율":46.26,
            "장기전세가율평균":64.27,
            "전세가율거품지수":18.01,
            "검색코드":3347,
            "세대수":257.0,
            "준공년월":"2002-05-08",
            "준공년차":21.0,
            "가까운역이름":"뚝섬유원지",
            "가까운역거리":544.26,
            "역세권여부":"준역세권",
            "30분이내주요거점역":1,
            "30분거점역이름":"['잠실']",
            "1시간이내주요거점역":15,
            "1시간거점역이름":"['강남', '역삼', '잠실', '판교', '여의도', '을지로입구', '을지로3가', '양재', '평촌', '가산디지털단지', '왕십리', '홍대입구', '구로디지털단지', '명동', '서현']",
            "3km이내백화점수":3,
            "5km이내아울렛몰수":1,
            "1km이내대형먀트수":2,
            "500m이내은행수":5,
            "500m이내병원수":0,
            "5km이내대형병원수":5,
            "500m이내공원수":1,
            "3km이내혐오시설수":0,
            "초등학교학업성취도":89.98,
            "중학교학업성취도":81.2,
            "용적률":276,
            "건폐율":19,
            "Y":37.533622,
            "X":127.07229,
            "rank":60.0,
            "area_info":"32평(108.33), 42평(140.48)",
            "last_sales":"2021-09-06,140500.0,32평(108.33)",
            "rank_history":[
                [
                    "202202",
                    60
                ],
                [
                    "202201",
                    62
                ]
            ],
            "rank_gap":2
        },
        {
            "index":200,
            "아파트명":"대동",
            "투자타입":"일반",
            "전용면적(m2)":"82.88",
            "전용면적(평)":"25평",
            "법정동주소":"서울시 광진구 자양동 784-1",
            "도로명주소":"서울시 광진구 뚝섬로31길 20",
            "세대수":30,
            "입주년차":20,
            "용적률점수":"--",
            "건폐율점수":"--",
            "세대당주차수":30,
            "난방방식":30,
            "공급면적":"--",
            "전용률":"--",
            "욕실수":50,
            "현관타입":10,
            "주거총점":28.0,
            "지역구공급총점":0.0,
            "역세권":50,
            "30분내 이동가능 거점":40,
            "1시간내 이동가능 거점":100,
            "교통총점":57.0,
            "백화점":100,
            "아울렛몰":80,
            "대형마트":80,
            "은행":100,
            "병원":0,
            "종합병원":100,
            "공원":80,
            "혐오시설":0,
            "인프라총점":82.4,
            "초등학군":89.97,
            "중학군":40.54,
            "학군총점":50.426,
            "인구수":39.09,
            "인구증감":-10.31,
            "인구총점":24.27,
            "일자리":15.58,
            "소득수준":53.45,
            "일자리총점":26.941,
            "가치 총점":57.8339,
            "매매실거래년":20220105.0,
            "매매실거래가":131000.0,
            "전세실거래년":20220108.0,
            "전세실거래가":39900.0,
            "전세가율":39.5,
            "장기전세가율평균":64.27,
            "전세가율거품지수":24.77,
            "검색코드":88,
            "세대수":314.0,
            "준공년월":"1999-03-10",
            "준공년차":24.0,
            "가까운역이름":"건대입구",
            "가까운역거리":528.72,
            "역세권여부":"준역세권",
            "30분이내주요거점역":2,
            "30분거점역이름":"['역삼', '잠실']",
            "1시간이내주요거점역":15,
            "1시간거점역이름":"['강남', '역삼', '잠실', '판교', '여의도', '을지로입구', '을지로3가', '양재', '평촌', '가산디지털단지', '왕십리', '홍대입구', '구로디지털단지', '명동', '서현']",
            "3km이내백화점수":2,
            "5km이내아울렛몰수":1,
            "1km이내대형먀트수":1,
            "500m이내은행수":6,
            "500m이내병원수":0,
            "5km이내대형병원수":5,
            "500m이내공원수":1,
            "3km이내혐오시설수":0,
            "초등학교학업성취도":89.97,
            "중학교학업성취도":67.1,
            "용적률":322,
            "건폐율":27,
            "Y":37.536168,
            "X":127.068388,
            "rank":61.0,
            "area_info":"25평(82.88), 24평(82.23), 32평(108.29), 44평(146.82)",
            "last_sales":"2022-01-05,131000.0,32평(108.29)",
            "rank_history":[
                [
                    "202202",
                    61
                ],
                [
                    "202201",
                    58
                ]
            ],
            "rank_gap":-3
        },
        {
            "index":349,
            "아파트명":"현대강변",
            "투자타입":"재건축",
            "전용면적(m2)":"93.74",
            "전용면적(평)":"28평",
            "법정동주소":"서울시 광진구 자양동 673",
            "도로명주소":"서울시 광진구 자양로3가길 43",
            "세대수":0,
            "입주년차":"--",
            "용적률점수":60,
            "건폐율점수":80,
            "세대당주차수":"--",
            "난방방식":"--",
            "공급면적":70,
            "전용률":80,
            "욕실수":"--",
            "현관타입":"--",
            "주거총점":47.5,
            "지역구공급총점":0.0,
            "역세권":50,
            "30분내 이동가능 거점":20,
            "1시간내 이동가능 거점":100,
            "교통총점":51.0,
            "백화점":100,
            "아울렛몰":80,
            "대형마트":80,
            "은행":0,
            "병원":0,
            "종합병원":100,
            "공원":100,
            "혐오시설":0,
            "인프라총점":73.0,
            "초등학군":89.98,
            "중학군":46.48,
            "학군총점":55.18,
            "인구수":39.09,
            "인구증감":-10.31,
            "인구총점":24.27,
            "일자리":15.58,
            "소득수준":53.45,
            "일자리총점":26.941,
            "가치 총점":57.527,
            "매매실거래년":20210907.0,
            "매매실거래가":130000.0,
            "전세실거래년":20220105.0,
            "전세실거래가":36700.0,
            "전세가율":28.23,
            "장기전세가율평균":64.27,
            "전세가율거품지수":36.04,
            "검색코드":101,
            "세대수":208.0,
            "준공년월":"1991-12-10",
            "준공년차":32.0,
            "가까운역이름":"구의",
            "가까운역거리":960.07,
            "역세권여부":"준역세권",
            "30분이내주요거점역":1,
            "30분거점역이름":"['잠실']",
            "1시간이내주요거점역":14,
            "1시간거점역이름":"['강남', '역삼', '잠실', '판교', '여의도', '을지로입구', '을지로3가', '양재', '정자', '왕십리', '홍대입구', '구로디지털단지', '명동', '서현']",
            "3km이내백화점수":3,
            "5km이내아울렛몰수":1,
            "1km이내대형먀트수":1,
            "500m이내은행수":0,
            "500m이내병원수":0,
            "5km이내대형병원수":6,
            "500m이내공원수":2,
            "3km이내혐오시설수":0,
            "초등학교학업성취도":89.98,
            "중학교학업성취도":76.8,
            "용적률":249,
            "건폐율":23,
            "Y":37.528446,
            "X":127.085625,
            "rank":62.0,
            "area_info":"28평(93.74), 28평(93.96), 28평(94.7)",
            "last_sales":"2021-09-07,130000.0,28평(93.74)",
            "rank_history":[
                [
                    "202202",
                    62
                ],
                [
                    "202201",
                    63
                ]
            ],
            "rank_gap":1
        },
        {
            "index":8,
            "아파트명":"광장금호베스트빌",
            "투자타입":"일반",
            "전용면적(m2)":"81.14",
            "전용면적(평)":"24평",
            "법정동주소":"서울시 광진구 광장동 578",
            "도로명주소":"서울시 광진구 광나루로 579",
            "세대수":0,
            "입주년차":20,
            "용적률점수":"--",
            "건폐율점수":"--",
            "세대당주차수":30,
            "난방방식":30,
            "공급면적":"--",
            "전용률":"--",
            "욕실수":50,
            "현관타입":100,
            "주거총점":26.5,
            "지역구공급총점":0.0,
            "역세권":50,
            "30분내 이동가능 거점":40,
            "1시간내 이동가능 거점":100,
            "교통총점":57.0,
            "백화점":100,
            "아울렛몰":80,
            "대형마트":80,
            "은행":20,
            "병원":0,
            "종합병원":100,
            "공원":100,
            "혐오시설":0,
            "인프라총점":75.0,
            "초등학군":90.0,
            "중학군":57.3,
            "학군총점":63.84,
            "인구수":39.09,
            "인구증감":-10.31,
            "인구총점":24.27,
            "일자리":15.58,
            "소득수준":53.45,
            "일자리총점":26.941,
            "가치 총점":57.326,
            "매매실거래년":20210911.0,
            "매매실거래가":144000.0,
            "전세실거래년":20211204.0,
            "전세실거래가":46000.0,
            "전세가율":42.01,
            "장기전세가율평균":64.27,
            "전세가율거품지수":22.26,
            "검색코드":3334,
            "세대수":242.0,
            "준공년월":"2001-06-18",
            "준공년차":22.0,
            "가까운역이름":"광나루",
            "가까운역거리":862.95,
            "역세권여부":"준역세권",
            "30분이내주요거점역":2,
            "30분거점역이름":"['잠실', '왕십리']",
            "1시간이내주요거점역":13,
            "1시간거점역이름":"['강남', '역삼', '잠실', '판교', '여의도', '을지로입구', '을지로3가', '양재', '왕십리', '홍대입구', '구로디지털단지', '명동', '서현']",
            "3km이내백화점수":2,
            "5km이내아울렛몰수":1,
            "1km이내대형먀트수":1,
            "500m이내은행수":2,
            "500m이내병원수":0,
            "5km이내대형병원수":7,
            "500m이내공원수":3,
            "3km이내혐오시설수":0,
            "초등학교학업성취도":90.0,
            "중학교학업성취도":93.5,
            "용적률":276,
            "건폐율":23,
            "Y":37.54375,
            "X":127.09398,
            "rank":63.0,
            "area_info":"24평(81.14), 32평(108.34)",
            "last_sales":"2021-09-11,144000.0,32평(108.34)",
            "rank_history":[
                [
                    "202202",
                    63
                ],
                [
                    "202201",
                    64
                ]
            ],
            "rank_gap":1
        },
        {
            "index":333,
            "아파트명":"한강성원",
            "투자타입":"일반",
            "전용면적(m2)":"80.29",
            "전용면적(평)":"24평",
            "법정동주소":"서울시 광진구 자양동 831-1",
            "도로명주소":"서울시 광진구 능동로3길 17",
            "세대수":0,
            "입주년차":0,
            "용적률점수":"--",
            "건폐율점수":"--",
            "세대당주차수":0,
            "난방방식":30,
            "공급면적":"--",
            "전용률":"--",
            "욕실수":50,
            "현관타입":10,
            "주거총점":9.0,
            "지역구공급총점":0.0,
            "역세권":80,
            "30분내 이동가능 거점":20,
            "1시간내 이동가능 거점":100,
            "교통총점":66.0,
            "백화점":100,
            "아울렛몰":80,
            "대형마트":80,
            "은행":70,
            "병원":0,
            "종합병원":100,
            "공원":80,
            "혐오시설":0,
            "인프라총점":79.4,
            "초등학군":89.97,
            "중학군":40.54,
            "학군총점":50.426,
            "인구수":39.09,
            "인구증감":-10.31,
            "인구총점":24.27,
            "일자리":15.58,
            "소득수준":53.45,
            "일자리총점":26.941,
            "가치 총점":56.2839,
            "매매실거래년":20210819.0,
            "매매실거래가":66800.0,
            "전세실거래년":20220110.0,
            "전세실거래가":40700.0,
            "전세가율":41.53,
            "장기전세가율평균":64.27,
            "전세가율거품지수":22.74,
            "검색코드":86,
            "세대수":140.0,
            "준공년월":"1997-08-08",
            "준공년차":26.0,
            "가까운역이름":"뚝섬유원지",
            "가까운역거리":191.82,
            "역세권여부":"역세권",
            "30분이내주요거점역":1,
            "30분거점역이름":"['왕십리']",
            "1시간이내주요거점역":16,
            "1시간거점역이름":"['강남', '역삼', '잠실', '판교', '여의도', '을지로입구', '을지로3가', '양재', '정자', '평촌', '가산디지털단지', '왕십리', '홍대입구', '구로디지털단지', '명동', '서현']",
            "3km이내백화점수":3,
            "5km이내아울렛몰수":1,
            "1km이내대형먀트수":1,
            "500m이내은행수":3,
            "500m이내병원수":0,
            "5km이내대형병원수":6,
            "500m이내공원수":1,
            "3km이내혐오시설수":0,
            "초등학교학업성취도":89.97,
            "중학교학업성취도":67.1,
            "용적률":343,
            "건폐율":34,
            "Y":37.533185,
            "X":127.066049,
            "rank":64.0,
            "area_info":"24평(80.29), 34평(113.59)",
            "last_sales":"2021-08-19,66800.0,34평(113.59)",
            "rank_history":[
                [
                    "202202",
                    64
                ],
                [
                    "202201",
                    66
                ]
            ],
            "rank_gap":2
        },
        {
            "index":337,
            "아파트명":"한라",
            "투자타입":"일반",
            "전용면적(m2)":"98.77",
            "전용면적(평)":"29평",
            "법정동주소":"서울시 광진구 자양동 762",
            "도로명주소":"서울시 광진구 뚝섬로33길 20",
            "세대수":30,
            "입주년차":0,
            "용적률점수":"--",
            "건폐율점수":"--",
            "세대당주차수":30,
            "난방방식":30,
            "공급면적":"--",
            "전용률":"--",
            "욕실수":50,
            "현관타입":10,
            "주거총점":24.0,
            "지역구공급총점":0.0,
            "역세권":50,
            "30분내 이동가능 거점":20,
            "1시간내 이동가능 거점":100,
            "교통총점":51.0,
            "백화점":100,
            "아울렛몰":80,
            "대형마트":80,
            "은행":100,
            "병원":0,
            "종합병원":100,
            "공원":80,
            "혐오시설":0,
            "인프라총점":82.4,
            "초등학군":89.97,
            "중학군":50.2,
            "학군총점":58.154,
            "인구수":39.09,
            "인구증감":-10.31,
            "인구총점":24.27,
            "일자리":15.58,
            "소득수준":53.45,
            "일자리총점":26.941,
            "가치 총점":56.0931,
            "매매실거래년":20211225.0,
            "매매실거래가":105000.0,
            "전세실거래년":20220124.0,
            "전세실거래가":55000.0,
            "전세가율":52.38,
            "장기전세가율평균":64.27,
            "전세가율거품지수":11.89,
            "검색코드":99,
            "세대수":329.0,
            "준공년월":"1996-08-31",
            "준공년차":27.0,
            "가까운역이름":"뚝섬유원지",
            "가까운역거리":540.15,
            "역세권여부":"준역세권",
            "30분이내주요거점역":1,
            "30분거점역이름":"['역삼']",
            "1시간이내주요거점역":16,
            "1시간거점역이름":"['강남', '역삼', '잠실', '판교', '여의도', '을지로입구', '을지로3가', '양재', '정자', '평촌', '가산디지털단지', '왕십리', '홍대입구', '구로디지털단지', '명동', '서현']",
            "3km이내백화점수":2,
            "5km이내아울렛몰수":1,
            "1km이내대형먀트수":1,
            "500m이내은행수":7,
            "500m이내병원수":0,
            "5km이내대형병원수":5,
            "500m이내공원수":1,
            "3km이내혐오시설수":0,
            "초등학교학업성취도":89.97,
            "중학교학업성취도":81.2,
            "용적률":301,
            "건폐율":25,
            "Y":37.535427,
            "X":127.070378,
            "rank":65.0,
            "area_info":"29평(98.77), 33평(111.98), 42평(139.32), 47평(157.97)",
            "last_sales":"2021-12-25,105000.0,29평(98.77)",
            "rank_history":[
                [
                    "202202",
                    65
                ],
                [
                    "202201",
                    65
                ]
            ],
            "rank_gap":0
        },
        {
            "index":41,
            "아파트명":"극동1차",
            "투자타입":"재건축",
            "전용면적(m2)":"103.63",
            "전용면적(평)":"31평",
            "법정동주소":"서울시 광진구 광장동 218-1",
            "도로명주소":"서울시 광진구 아차산로 552",
            "세대수":50,
            "입주년차":"--",
            "용적률점수":80,
            "건폐율점수":0,
            "세대당주차수":"--",
            "난방방식":"--",
            "공급면적":90,
            "전용률":80,
            "욕실수":"--",
            "현관타입":"--",
            "주거총점":55.5,
            "지역구공급총점":0.0,
            "역세권":80,
            "30분내 이동가능 거점":0,
            "1시간내 이동가능 거점":0,
            "교통총점":40.0,
            "백화점":100,
            "아울렛몰":80,
            "대형마트":0,
            "은행":70,
            "병원":0,
            "종합병원":100,
            "공원":80,
            "혐오시설":0,
            "인프라총점":67.4,
            "초등학군":90.01,
            "중학군":60.0,
            "학군총점":66.002,
            "인구수":39.09,
            "인구증감":-10.31,
            "인구총점":24.27,
            "일자리":15.58,
            "소득수준":53.45,
            "일자리총점":26.941,
            "가치 총점":55.2203,
            "매매실거래년":20211022.0,
            "매매실거래가":270000.0,
            "전세실거래년":20220115.0,
            "전세실거래가":50400.0,
            "전세가율":27.24,
            "장기전세가율평균":64.27,
            "전세가율거품지수":37.03,
            "검색코드":66,
            "세대수":448.0,
            "준공년월":"1985-09-14",
            "준공년차":38.0,
            "가까운역이름":"광나루",
            "가까운역거리":217.74,
            "역세권여부":"역세권",
            "30분이내주요거점역":0,
            "30분거점역이름":"[]",
            "1시간이내주요거점역":0,
            "1시간거점역이름":"[]",
            "3km이내백화점수":2,
            "5km이내아울렛몰수":1,
            "1km이내대형먀트수":0,
            "500m이내은행수":3,
            "500m이내병원수":0,
            "5km이내대형병원수":7,
            "500m이내공원수":1,
            "3km이내혐오시설수":0,
            "초등학교학업성취도":90.01,
            "중학교학업성취도":97.6,
            "용적률":204,
            "건폐율":0,
            "Y":37.543391,
            "X":127.104103,
            "rank":66.0,
            "area_info":"31평(103.63), 44평(148.45), 54평(179.12)",
            "last_sales":"2021-10-22,270000.0,54평(179.12)",
            "rank_history":[
                [
                    "202202",
                    66
                ],
                [
                    "202201",
                    10
                ]
            ],
            "rank_gap":-56
        },
        {
            "index":76,
            "아파트명":"e편한세상광진그랜드파크",
            "투자타입":"일반",
            "전용면적(m2)":"105.98",
            "전용면적(평)":"32평",
            "법정동주소":"서울시 광진구 구의동 680",
            "도로명주소":"서울시 광진구 광나루로 458",
            "세대수":80,
            "입주년차":100,
            "용적률점수":"--",
            "건폐율점수":"--",
            "세대당주차수":60,
            "난방방식":30,
            "공급면적":"--",
            "전용률":"--",
            "욕실수":100,
            "현관타입":100,
            "주거총점":80.0,
            "지역구공급총점":0.0,
            "역세권":50,
            "30분내 이동가능 거점":0,
            "1시간내 이동가능 거점":0,
            "교통총점":25.0,
            "백화점":100,
            "아울렛몰":80,
            "대형마트":80,
            "은행":20,
            "병원":0,
            "종합병원":100,
            "공원":80,
            "혐오시설":0,
            "인프라총점":74.4,
            "초등학군":90.0,
            "중학군":42.94,
            "학군총점":52.352,
            "인구수":39.09,
            "인구증감":-10.31,
            "인구총점":24.27,
            "일자리":15.58,
            "소득수준":53.45,
            "일자리총점":26.941,
            "가치 총점":54.9228,
            "매매실거래년":"18000101",
            "매매실거래가":null,
            "전세실거래년":20211207.0,
            "전세실거래가":101000.0,
            "전세가율":null,
            "장기전세가율평균":64.27,
            "전세가율거품지수":null,
            "검색코드":125105,
            "세대수":730.0,
            "준공년월":"2022-01-01",
            "준공년차":1.0,
            "가까운역이름":"어린이대공원",
            "가까운역거리":678.62,
            "역세권여부":"준역세권",
            "30분이내주요거점역":0,
            "30분거점역이름":"[]",
            "1시간이내주요거점역":0,
            "1시간거점역이름":"[]",
            "3km이내백화점수":1,
            "5km이내아울렛몰수":1,
            "1km이내대형먀트수":1,
            "500m이내은행수":2,
            "500m이내병원수":0,
            "5km이내대형병원수":6,
            "500m이내공원수":1,
            "3km이내혐오시설수":0,
            "초등학교학업성취도":90.0,
            "중학교학업성취도":70.9,
            "용적률":0,
            "건폐율":0,
            "Y":37.544256,
            "X":127.080723,
            "rank":67.0,
            "area_info":"32평(105.98), 32평(106.06), 32평(107.38), 32평(107.88), 32평(107.46), 42평(139.52), 43평(144.7), 43평(144.85), 43평(145.08)",
            "last_sales":"1800-01-01,nan,32평(105.98)",
            "rank_history":[
                [
                    "202202",
                    0
                ],
                [
                    "202201",
                    9999
                ]
            ],
            "rank_gap":9999
        },
        {
            "index":62,
            "아파트명":"워커힐푸르지오",
            "투자타입":"일반",
            "전용면적(m2)":"90.21",
            "전용면적(평)":"27평",
            "법정동주소":"서울시 광진구 광장동 148-4",
            "도로명주소":"서울시 광진구 아차산로78길 10",
            "세대수":0,
            "입주년차":60,
            "용적률점수":"--",
            "건폐율점수":"--",
            "세대당주차수":30,
            "난방방식":30,
            "공급면적":"--",
            "전용률":"--",
            "욕실수":100,
            "현관타입":100,
            "주거총점":39.5,
            "지역구공급총점":0.0,
            "역세권":50,
            "30분내 이동가능 거점":20,
            "1시간내 이동가능 거점":100,
            "교통총점":51.0,
            "백화점":100,
            "아울렛몰":80,
            "대형마트":0,
            "은행":20,
            "병원":0,
            "종합병원":100,
            "공원":0,
            "혐오시설":0,
            "인프라총점":60.0,
            "초등학군":89.99,
            "중학군":43.08,
            "학군총점":52.462,
            "인구수":39.09,
            "인구증감":-10.31,
            "인구총점":24.27,
            "일자리":15.58,
            "소득수준":53.45,
            "일자리총점":26.941,
            "가치 총점":51.6193,
            "매매실거래년":20220104.0,
            "매매실거래가":147000.0,
            "전세실거래년":20210911.0,
            "전세실거래가":48300.0,
            "전세가율":41.75,
            "장기전세가율평균":64.27,
            "전세가율거품지수":22.52,
            "검색코드":71,
            "세대수":200.0,
            "준공년월":"2013-08-16",
            "준공년차":10.0,
            "가까운역이름":"광나루",
            "가까운역거리":670.09,
            "역세권여부":"준역세권",
            "30분이내주요거점역":1,
            "30분거점역이름":"['왕십리']",
            "1시간이내주요거점역":13,
            "1시간거점역이름":"['강남', '역삼', '잠실', '판교', '여의도', '을지로입구', '을지로3가', '양재', '왕십리', '홍대입구', '구로디지털단지', '명동', '서현']",
            "3km이내백화점수":1,
            "5km이내아울렛몰수":1,
            "1km이내대형먀트수":0,
            "500m이내은행수":2,
            "500m이내병원수":0,
            "5km이내대형병원수":7,
            "500m이내공원수":0,
            "3km이내혐오시설수":0,
            "초등학교학업성취도":89.99,
            "중학교학업성취도":70.8,
            "용적률":294,
            "건폐율":67,
            "Y":37.549716,
            "X":127.108746,
            "rank":68.0,
            "area_info":"27평(90.21), 27평(91.33), 27평(91.39), 29평(96.98), 30평(99.81), 35평(118.91), 36평(119.76)",
            "last_sales":"2022-01-04,147000.0,35평(118.91)",
            "rank_history":[
                [
                    "202202",
                    68
                ],
                [
                    "202201",
                    68
                ]
            ],
            "rank_gap":0
        },
        {
            "index":58,
            "아파트명":"워커힐",
            "투자타입":"재건축",
            "전용면적(m2)":"164.03",
            "전용면적(평)":"49평",
            "법정동주소":"서울시 광진구 광장동 145-8",
            "도로명주소":"서울시 광진구 아차산로 637",
            "세대수":50,
            "입주년차":"--",
            "용적률점수":0,
            "건폐율점수":0,
            "세대당주차수":"--",
            "난방방식":"--",
            "공급면적":100,
            "전용률":100,
            "욕실수":"--",
            "현관타입":"--",
            "주거총점":25.0,
            "지역구공급총점":0.0,
            "역세권":50,
            "30분내 이동가능 거점":40,
            "1시간내 이동가능 거점":100,
            "교통총점":57.0,
            "백화점":100,
            "아울렛몰":80,
            "대형마트":0,
            "은행":20,
            "병원":0,
            "종합병원":100,
            "공원":0,
            "혐오시설":0,
            "인프라총점":60.0,
            "초등학군":89.99,
            "중학군":43.08,
            "학군총점":52.462,
            "인구수":39.09,
            "인구증감":-10.31,
            "인구총점":24.27,
            "일자리":15.58,
            "소득수준":53.45,
            "일자리총점":26.941,
            "가치 총점":50.8193,
            "매매실거래년":20210719.0,
            "매매실거래가":243000.0,
            "전세실거래년":20211108.0,
            "전세실거래가":110000.0,
            "전세가율":45.27,
            "장기전세가율평균":64.27,
            "전세가율거품지수":19.0,
            "검색코드":70,
            "세대수":576.0,
            "준공년월":"1978-11-13",
            "준공년차":45.0,
            "가까운역이름":"광나루",
            "가까운역거리":714.04,
            "역세권여부":"준역세권",
            "30분이내주요거점역":2,
            "30분거점역이름":"['잠실', '왕십리']",
            "1시간이내주요거점역":13,
            "1시간거점역이름":"['강남', '역삼', '잠실', '판교', '여의도', '을지로입구', '을지로3가', '양재', '왕십리', '홍대입구', '구로디지털단지', '명동', '서현']",
            "3km이내백화점수":1,
            "5km이내아울렛몰수":1,
            "1km이내대형먀트수":0,
            "500m이내은행수":2,
            "500m이내병원수":0,
            "5km이내대형병원수":7,
            "500m이내공원수":0,
            "3km이내혐오시설수":0,
            "초등학교학업성취도":89.99,
            "중학교학업성취도":70.8,
            "용적률":0,
            "건폐율":0,
            "Y":37.551047,
            "X":127.107191,
            "rank":69.0,
            "area_info":"49평(164.03), 52평(174.88), 65평(218.09), 75평(250.06)",
            "last_sales":"2021-07-19,243000.0,49평(164.03)",
            "rank_history":[
                [
                    "202202",
                    69
                ],
                [
                    "202201",
                    69
                ]
            ],
            "rank_gap":0
        },
        {
            "index":185,
            "아파트명":"경남아너스빌",
            "투자타입":"일반",
            "전용면적(m2)":"85.95",
            "전용면적(평)":"25평",
            "법정동주소":"서울시 광진구 자양동 666-28",
            "도로명주소":"서울시 광진구 자양로3길 55",
            "세대수":0,
            "입주년차":0,
            "용적률점수":"--",
            "건폐율점수":"--",
            "세대당주차수":0,
            "난방방식":30,
            "공급면적":"--",
            "전용률":"--",
            "욕실수":50,
            "현관타입":10,
            "주거총점":9.0,
            "지역구공급총점":0.0,
            "역세권":50,
            "30분내 이동가능 거점":20,
            "1시간내 이동가능 거점":100,
            "교통총점":51.0,
            "백화점":100,
            "아울렛몰":80,
            "대형마트":80,
            "은행":0,
            "병원":0,
            "종합병원":100,
            "공원":100,
            "혐오시설":0,
            "인프라총점":73.0,
            "초등학군":89.98,
            "중학군":46.48,
            "학군총점":55.18,
            "인구수":39.09,
            "인구증감":-10.31,
            "인구총점":24.27,
            "일자리":15.58,
            "소득수준":53.45,
            "일자리총점":26.941,
            "가치 총점":49.827,
            "매매실거래년":20210728.0,
            "매매실거래가":107500.0,
            "전세실거래년":20211026.0,
            "전세실거래가":33600.0,
            "전세가율":49.05,
            "장기전세가율평균":64.27,
            "전세가율거품지수":15.22,
            "검색코드":1058,
            "세대수":150.0,
            "준공년월":"1997-05-24",
            "준공년차":26.0,
            "가까운역이름":"구의",
            "가까운역거리":860.84,
            "역세권여부":"준역세권",
            "30분이내주요거점역":1,
            "30분거점역이름":"['잠실']",
            "1시간이내주요거점역":14,
            "1시간거점역이름":"['강남', '역삼', '잠실', '판교', '여의도', '을지로입구', '을지로3가', '양재', '정자', '왕십리', '홍대입구', '구로디지털단지', '명동', '서현']",
            "3km이내백화점수":3,
            "5km이내아울렛몰수":1,
            "1km이내대형먀트수":1,
            "500m이내은행수":1,
            "500m이내병원수":0,
            "5km이내대형병원수":6,
            "500m이내공원수":3,
            "3km이내혐오시설수":0,
            "초등학교학업성취도":89.98,
            "중학교학업성취도":76.8,
            "용적률":316,
            "건폐율":28,
            "Y":37.529461,
            "X":127.084164,
            "rank":70.0,
            "area_info":"25평(85.95), 34평(113.64)",
            "last_sales":"2021-07-28,107500.0,34평(113.64)",
            "rank_history":[
                [
                    "202202",
                    70
                ],
                [
                    "202201",
                    67
                ]
            ],
            "rank_gap":-3
        },
        {
            "index":225,
            "아파트명":"로얄동아",
            "투자타입":"일반",
            "전용면적(m2)":"77.35",
            "전용면적(평)":"23평",
            "법정동주소":"서울시 광진구 자양동 644",
            "도로명주소":"서울시 광진구 뚝섬로52마길 56",
            "세대수":30,
            "입주년차":20,
            "용적률점수":"--",
            "건폐율점수":"--",
            "세대당주차수":30,
            "난방방식":30,
            "공급면적":"--",
            "전용률":"--",
            "욕실수":50,
            "현관타입":10,
            "주거총점":28.0,
            "지역구공급총점":0.0,
            "역세권":0,
            "30분내 이동가능 거점":20,
            "1시간내 이동가능 거점":100,
            "교통총점":26.0,
            "백화점":100,
            "아울렛몰":80,
            "대형마트":80,
            "은행":0,
            "병원":0,
            "종합병원":100,
            "공원":100,
            "혐오시설":0,
            "인프라총점":73.0,
            "초등학군":89.98,
            "중학군":46.48,
            "학군총점":55.18,
            "인구수":39.09,
            "인구증감":-10.31,
            "인구총점":24.27,
            "일자리":15.58,
            "소득수준":53.45,
            "일자리총점":26.941,
            "가치 총점":44.877,
            "매매실거래년":20211202.0,
            "매매실거래가":101000.0,
            "전세실거래년":20211221.0,
            "전세실거래가":42000.0,
            "전세가율":41.58,
            "장기전세가율평균":64.27,
            "전세가율거품지수":22.69,
            "검색코드":89,
            "세대수":322.0,
            "준공년월":"1999-09-16",
            "준공년차":24.0,
            "가까운역이름":"구의",
            "가까운역거리":1060.02,
            "역세권여부":"비역세권",
            "30분이내주요거점역":1,
            "30분거점역이름":"['잠실']",
            "1시간이내주요거점역":13,
            "1시간거점역이름":"['강남', '역삼', '잠실', '판교', '여의도', '을지로입구', '을지로3가', '양재', '왕십리', '홍대입구', '구로디지털단지', '명동', '서현']",
            "3km이내백화점수":4,
            "5km이내아울렛몰수":1,
            "1km이내대형먀트수":1,
            "500m이내은행수":1,
            "500m이내병원수":0,
            "5km이내대형병원수":8,
            "500m이내공원수":2,
            "3km이내혐오시설수":0,
            "초등학교학업성취도":89.98,
            "중학교학업성취도":76.8,
            "용적률":350,
            "건폐율":23,
            "Y":37.528374,
            "X":127.08101,
            "rank":71.0,
            "area_info":"23평(77.35), 28평(92.72), 33평(109.51), 33평(109.42), 44평(147.54)",
            "last_sales":"2021-12-02,101000.0,23평(77.35)",
            "rank_history":[
                [
                    "202202",
                    71
                ],
                [
                    "202201",
                    72
                ]
            ],
            "rank_gap":1
        },
        {
            "index":326,
            "아파트명":"자양현대3차",
            "투자타입":"일반",
            "전용면적(m2)":"78.95",
            "전용면적(평)":"23평",
            "법정동주소":"서울시 광진구 자양동 670",
            "도로명주소":"서울시 광진구 뚝섬로56가길 10",
            "세대수":50,
            "입주년차":0,
            "용적률점수":"--",
            "건폐율점수":"--",
            "세대당주차수":0,
            "난방방식":30,
            "공급면적":"--",
            "전용률":"--",
            "욕실수":50,
            "현관타입":10,
            "주거총점":26.5,
            "지역구공급총점":0.0,
            "역세권":0,
            "30분내 이동가능 거점":20,
            "1시간내 이동가능 거점":100,
            "교통총점":26.0,
            "백화점":100,
            "아울렛몰":80,
            "대형마트":80,
            "은행":0,
            "병원":0,
            "종합병원":100,
            "공원":100,
            "혐오시설":0,
            "인프라총점":73.0,
            "초등학군":89.98,
            "중학군":46.48,
            "학군총점":55.18,
            "인구수":39.09,
            "인구증감":-10.31,
            "인구총점":24.27,
            "일자리":15.58,
            "소득수준":53.45,
            "일자리총점":26.941,
            "가치 총점":44.577,
            "매매실거래년":20211209.0,
            "매매실거래가":124500.0,
            "전세실거래년":20210417.0,
            "전세실거래가":28000.0,
            "전세가율":31.11,
            "장기전세가율평균":64.27,
            "전세가율거품지수":33.16,
            "검색코드":103,
            "세대수":439.0,
            "준공년월":"1996-12-09",
            "준공년차":27.0,
            "가까운역이름":"구의",
            "가까운역거리":1003.63,
            "역세권여부":"비역세권",
            "30분이내주요거점역":1,
            "30분거점역이름":"['잠실']",
            "1시간이내주요거점역":13,
            "1시간거점역이름":"['강남', '역삼', '잠실', '판교', '여의도', '을지로입구', '을지로3가', '양재', '왕십리', '홍대입구', '구로디지털단지', '명동', '서현']",
            "3km이내백화점수":3,
            "5km이내아울렛몰수":1,
            "1km이내대형먀트수":1,
            "500m이내은행수":0,
            "500m이내병원수":0,
            "5km이내대형병원수":8,
            "500m이내공원수":2,
            "3km이내혐오시설수":0,
            "초등학교학업성취도":89.98,
            "중학교학업성취도":76.8,
            "용적률":357,
            "건폐율":28,
            "Y":37.528249,
            "X":127.083546,
            "rank":72.0,
            "area_info":"23평(78.95), 29평(98.69), 30평(101.73)",
            "last_sales":"2021-12-09,124500.0,29평(98.69)",
            "rank_history":[
                [
                    "202202",
                    72
                ],
                [
                    "202201",
                    70
                ]
            ],
            "rank_gap":-2
        },
        {
            "index":341,
            "아파트명":"한솔리베르",
            "투자타입":"일반",
            "전용면적(m2)":"78.57",
            "전용면적(평)":"23평",
            "법정동주소":"서울시 광진구 자양동 672",
            "도로명주소":"서울시 광진구 뚝섬로56가길 28",
            "세대수":0,
            "입주년차":20,
            "용적률점수":"--",
            "건폐율점수":"--",
            "세대당주차수":30,
            "난방방식":30,
            "공급면적":"--",
            "전용률":"--",
            "욕실수":50,
            "현관타입":100,
            "주거총점":26.5,
            "지역구공급총점":0.0,
            "역세권":0,
            "30분내 이동가능 거점":20,
            "1시간내 이동가능 거점":100,
            "교통총점":26.0,
            "백화점":100,
            "아울렛몰":80,
            "대형마트":80,
            "은행":0,
            "병원":0,
            "종합병원":100,
            "공원":80,
            "혐오시설":0,
            "인프라총점":72.4,
            "초등학군":89.98,
            "중학군":46.48,
            "학군총점":55.18,
            "인구수":39.09,
            "인구증감":-10.31,
            "인구총점":24.27,
            "일자리":15.58,
            "소득수준":53.45,
            "일자리총점":26.941,
            "가치 총점":44.397,
            "매매실거래년":20211009.0,
            "매매실거래가":131000.0,
            "전세실거래년":20210821.0,
            "전세실거래가":37800.0,
            "전세가율":33.16,
            "장기전세가율평균":64.27,
            "전세가율거품지수":31.11,
            "검색코드":3343,
            "세대수":185.0,
            "준공년월":"2002-01-24",
            "준공년차":21.0,
            "가까운역이름":"구의",
            "가까운역거리":1005.58,
            "역세권여부":"비역세권",
            "30분이내주요거점역":1,
            "30분거점역이름":"['잠실']",
            "1시간이내주요거점역":14,
            "1시간거점역이름":"['강남', '역삼', '잠실', '판교', '여의도', '을지로입구', '을지로3가', '양재', '정자', '왕십리', '홍대입구', '구로디지털단지', '명동', '서현']",
            "3km이내백화점수":3,
            "5km이내아울렛몰수":1,
            "1km이내대형먀트수":1,
            "500m이내은행수":0,
            "500m이내병원수":0,
            "5km이내대형병원수":7,
            "500m이내공원수":1,
            "3km이내혐오시설수":0,
            "초등학교학업성취도":89.98,
            "중학교학업성취도":76.8,
            "용적률":350,
            "건폐율":18,
            "Y":37.528087,
            "X":127.084679,
            "rank":73.0,
            "area_info":"23평(78.57), 32평(106.86), 32평(106.94), 32평(106.94), 32평(106.84)",
            "last_sales":"2021-10-09,131000.0,32평(106.94)",
            "rank_history":[
                [
                    "202202",
                    73
                ],
                [
                    "202201",
                    71
                ]
            ],
            "rank_gap":-2
        },
        {
            "index":324,
            "아파트명":"자양현대(645-5)",
            "투자타입":"일반",
            "전용면적(m2)":"102.29",
            "전용면적(평)":"30평",
            "법정동주소":"서울시 광진구 자양동 645-5",
            "도로명주소":"서울시 광진구 뚝섬로56길 72",
            "세대수":0,
            "입주년차":0,
            "용적률점수":"--",
            "건폐율점수":"--",
            "세대당주차수":0,
            "난방방식":30,
            "공급면적":"--",
            "전용률":"--",
            "욕실수":100,
            "현관타입":100,
            "주거총점":23.0,
            "지역구공급총점":0.0,
            "역세권":0,
            "30분내 이동가능 거점":20,
            "1시간내 이동가능 거점":100,
            "교통총점":26.0,
            "백화점":100,
            "아울렛몰":80,
            "대형마트":80,
            "은행":0,
            "병원":0,
            "종합병원":100,
            "공원":100,
            "혐오시설":0,
            "인프라총점":73.0,
            "초등학군":89.98,
            "중학군":46.48,
            "학군총점":55.18,
            "인구수":39.09,
            "인구증감":-10.31,
            "인구총점":24.27,
            "일자리":15.58,
            "소득수준":53.45,
            "일자리총점":26.941,
            "가치 총점":43.877,
            "매매실거래년":20210715.0,
            "매매실거래가":126500.0,
            "전세실거래년":20211215.0,
            "전세실거래가":53000.0,
            "전세가율":41.9,
            "장기전세가율평균":64.27,
            "전세가율거품지수":22.37,
            "검색코드":2991,
            "세대수":182.0,
            "준공년월":"1993-05-27",
            "준공년차":30.0,
            "가까운역이름":"구의",
            "가까운역거리":1045.09,
            "역세권여부":"비역세권",
            "30분이내주요거점역":1,
            "30분거점역이름":"['잠실']",
            "1시간이내주요거점역":13,
            "1시간거점역이름":"['강남', '역삼', '잠실', '판교', '여의도', '을지로입구', '을지로3가', '양재', '왕십리', '홍대입구', '구로디지털단지', '명동', '서현']",
            "3km이내백화점수":4,
            "5km이내아울렛몰수":1,
            "1km이내대형먀트수":1,
            "500m이내은행수":1,
            "500m이내병원수":0,
            "5km이내대형병원수":7,
            "500m이내공원수":2,
            "3km이내혐오시설수":0,
            "초등학교학업성취도":89.98,
            "중학교학업성취도":76.8,
            "용적률":280,
            "건폐율":22,
            "Y":37.528158,
            "X":127.082178,
            "rank":74.0,
            "area_info":"30평(102.29), 32평(106.17)",
            "last_sales":"2021-07-15,126500.0,30평(102.29)",
            "rank_history":[
                [
                    "202202",
                    74
                ],
                [
                    "202201",
                    74
                ]
            ],
            "rank_gap":0
        },
        {
            "index":286,
            "아파트명":"자양5차현대",
            "투자타입":"일반",
            "전용면적(m2)":"78.32",
            "전용면적(평)":"23평",
            "법정동주소":"서울시 광진구 자양동 642",
            "도로명주소":"서울시 광진구 뚝섬로54길 74",
            "세대수":0,
            "입주년차":0,
            "용적률점수":"--",
            "건폐율점수":"--",
            "세대당주차수":30,
            "난방방식":30,
            "공급면적":"--",
            "전용률":"--",
            "욕실수":50,
            "현관타입":100,
            "주거총점":22.5,
            "지역구공급총점":0.0,
            "역세권":0,
            "30분내 이동가능 거점":20,
            "1시간내 이동가능 거점":100,
            "교통총점":26.0,
            "백화점":100,
            "아울렛몰":80,
            "대형마트":80,
            "은행":0,
            "병원":0,
            "종합병원":100,
            "공원":100,
            "혐오시설":0,
            "인프라총점":73.0,
            "초등학군":89.96,
            "중학군":46.48,
            "학군총점":55.176,
            "인구수":39.09,
            "인구증감":-10.31,
            "인구총점":24.27,
            "일자리":15.58,
            "소득수준":53.45,
            "일자리총점":26.941,
            "가치 총점":43.7764,
            "매매실거래년":20210811.0,
            "매매실거래가":114000.0,
            "전세실거래년":20201123.0,
            "전세실거래가":39500.0,
            "전세가율":47.59,
            "장기전세가율평균":64.27,
            "전세가율거품지수":16.68,
            "검색코드":907,
            "세대수":270.0,
            "준공년월":"1998-06-24",
            "준공년차":25.0,
            "가까운역이름":"뚝섬유원지",
            "가까운역거리":1111.14,
            "역세권여부":"비역세권",
            "30분이내주요거점역":1,
            "30분거점역이름":"['잠실']",
            "1시간이내주요거점역":13,
            "1시간거점역이름":"['강남', '역삼', '잠실', '판교', '여의도', '을지로입구', '을지로3가', '양재', '가산디지털단지', '왕십리', '홍대입구', '명동', '서현']",
            "3km이내백화점수":4,
            "5km이내아울렛몰수":1,
            "1km이내대형먀트수":1,
            "500m이내은행수":1,
            "500m이내병원수":0,
            "5km이내대형병원수":7,
            "500m이내공원수":3,
            "3km이내혐오시설수":0,
            "초등학교학업성취도":89.96,
            "중학교학업성취도":76.8,
            "용적률":384,
            "건폐율":29,
            "Y":37.528708,
            "X":127.078788,
            "rank":75.0,
            "area_info":"23평(78.32), 25평(83.38), 30평(100.62), 33평(111.11), 33평(111.13), 43평(143.17), 45평(149.94)",
            "last_sales":"2021-08-11,114000.0,25평(83.38)",
            "rank_history":[
                [
                    "202202",
                    75
                ],
                [
                    "202201",
                    73
                ]
            ],
            "rank_gap":-2
        },
        {
            "index":182,
            "아파트명":"경남",
            "투자타입":"일반",
            "전용면적(m2)":"84.58",
            "전용면적(평)":"25평",
            "법정동주소":"서울시 광진구 자양동 641",
            "도로명주소":"서울시 광진구 뚝섬로52길 71",
            "세대수":0,
            "입주년차":20,
            "용적률점수":"--",
            "건폐율점수":"--",
            "세대당주차수":30,
            "난방방식":30,
            "공급면적":"--",
            "전용률":"--",
            "욕실수":50,
            "현관타입":10,
            "주거총점":17.5,
            "지역구공급총점":0.0,
            "역세권":0,
            "30분내 이동가능 거점":20,
            "1시간내 이동가능 거점":100,
            "교통총점":26.0,
            "백화점":100,
            "아울렛몰":80,
            "대형마트":80,
            "은행":0,
            "병원":0,
            "종합병원":100,
            "공원":100,
            "혐오시설":0,
            "인프라총점":73.0,
            "초등학군":89.96,
            "중학군":46.48,
            "학군총점":55.176,
            "인구수":39.09,
            "인구증감":-10.31,
            "인구총점":24.27,
            "일자리":15.58,
            "소득수준":53.45,
            "일자리총점":26.941,
            "가치 총점":42.7764,
            "매매실거래년":20210628.0,
            "매매실거래가":114500.0,
            "전세실거래년":20211211.0,
            "전세실거래가":35000.0,
            "전세가율":39.64,
            "장기전세가율평균":64.27,
            "전세가율거품지수":24.63,
            "검색코드":2989,
            "세대수":232.0,
            "준공년월":"1999-06-01",
            "준공년차":24.0,
            "가까운역이름":"뚝섬유원지",
            "가까운역거리":1103.45,
            "역세권여부":"비역세권",
            "30분이내주요거점역":1,
            "30분거점역이름":"['잠실']",
            "1시간이내주요거점역":14,
            "1시간거점역이름":"['강남', '역삼', '잠실', '판교', '여의도', '을지로입구', '을지로3가', '양재', '가산디지털단지', '왕십리', '홍대입구', '구로디지털단지', '명동', '서현']",
            "3km이내백화점수":4,
            "5km이내아울렛몰수":1,
            "1km이내대형먀트수":1,
            "500m이내은행수":1,
            "500m이내병원수":0,
            "5km이내대형병원수":7,
            "500m이내공원수":3,
            "3km이내혐오시설수":0,
            "초등학교학업성취도":89.96,
            "중학교학업성취도":76.8,
            "용적률":349,
            "건폐율":27,
            "Y":37.52891,
            "X":127.07877,
            "rank":76.0,
            "area_info":"25평(84.58), 32평(108.5), 43평(142.2)",
            "last_sales":"2021-06-28,114500.0,32평(108.5)",
            "rank_history":[
                [
                    "202202",
                    76
                ],
                [
                    "202201",
                    75
                ]
            ],
            "rank_gap":-1
        },
        {
            "index":358,
            "아파트명":"에스케이",
            "투자타입":"일반",
            "전용면적(m2)":"84.04",
            "전용면적(평)":"25평",
            "법정동주소":"서울시 광진구 중곡동 292",
            "도로명주소":"서울시 광진구 용마산로 174",
            "세대수":0,
            "입주년차":20,
            "용적률점수":"--",
            "건폐율점수":"--",
            "세대당주차수":30,
            "난방방식":30,
            "공급면적":"--",
            "전용률":"--",
            "욕실수":50,
            "현관타입":10,
            "주거총점":17.5,
            "지역구공급총점":0.0,
            "역세권":80,
            "30분내 이동가능 거점":40,
            "1시간내 이동가능 거점":100,
            "교통총점":72.0,
            "백화점":0,
            "아울렛몰":0,
            "대형마트":0,
            "은행":0,
            "병원":0,
            "종합병원":100,
            "공원":0,
            "혐오시설":0,
            "인프라총점":20.0,
            "초등학군":89.99,
            "중학군":39.3,
            "학군총점":49.438,
            "인구수":39.09,
            "인구증감":-10.31,
            "인구총점":24.27,
            "일자리":15.58,
            "소득수준":53.45,
            "일자리총점":26.941,
            "가치 총점":42.1157,
            "매매실거래년":20210729.0,
            "매매실거래가":70000.0,
            "전세실거래년":20220121.0,
            "전세실거래가":35000.0,
            "전세가율":50.0,
            "장기전세가율평균":64.27,
            "전세가율거품지수":14.27,
            "검색코드":9467,
            "세대수":182.0,
            "준공년월":"1999-11-30",
            "준공년차":24.0,
            "가까운역이름":"중곡",
            "가까운역거리":397.7,
            "역세권여부":"역세권",
            "30분이내주요거점역":2,
            "30분거점역이름":"['잠실', '왕십리']",
            "1시간이내주요거점역":14,
            "1시간거점역이름":"['강남', '역삼', '잠실', '판교', '여의도', '을지로입구', '을지로3가', '양재', '가산디지털단지', '왕십리', '홍대입구', '구로디지털단지', '명동', '서현']",
            "3km이내백화점수":0,
            "5km이내아울렛몰수":0,
            "1km이내대형먀트수":0,
            "500m이내은행수":1,
            "500m이내병원수":0,
            "5km이내대형병원수":9,
            "500m이내공원수":0,
            "3km이내혐오시설수":0,
            "초등학교학업성취도":89.99,
            "중학교학업성취도":65.5,
            "용적률":384,
            "건폐율":30,
            "Y":37.569009,
            "X":127.086601,
            "rank":77.0,
            "area_info":"25평(84.04), 26평(88.45), 33평(111.77), 42평(139.9)",
            "last_sales":"2021-07-29,70000.0,25평(84.04)",
            "rank_history":[
                [
                    "202202",
                    77
                ],
                [
                    "202201",
                    76
                ]
            ],
            "rank_gap":-1
        },
        {
            "index":362,
            "아파트명":"중곡",
            "투자타입":"재건축",
            "전용면적(m2)":"48.46",
            "전용면적(평)":"14평",
            "법정동주소":"서울시 광진구 중곡동 191-77",
            "도로명주소":"서울시 광진구 동일로72길 17",
            "세대수":0,
            "입주년차":"--",
            "용적률점수":0,
            "건폐율점수":0,
            "세대당주차수":"--",
            "난방방식":"--",
            "공급면적":50,
            "전용률":100,
            "욕실수":"--",
            "현관타입":"--",
            "주거총점":7.5,
            "지역구공급총점":0.0,
            "역세권":50,
            "30분내 이동가능 거점":20,
            "1시간내 이동가능 거점":100,
            "교통총점":51.0,
            "백화점":0,
            "아울렛몰":0,
            "대형마트":0,
            "은행":0,
            "병원":0,
            "종합병원":100,
            "공원":100,
            "혐오시설":0,
            "인프라총점":23.0,
            "초등학군":89.97,
            "중학군":40.12,
            "학군총점":50.09,
            "인구수":39.09,
            "인구증감":-10.31,
            "인구총점":24.27,
            "일자리":15.58,
            "소득수준":53.45,
            "일자리총점":26.941,
            "가치 총점":33.7635,
            "매매실거래년":20211110.0,
            "매매실거래가":60000.0,
            "전세실거래년":20210302.0,
            "전세실거래가":14000.0,
            "전세가율":27.45,
            "장기전세가율평균":64.27,
            "전세가율거품지수":36.82,
            "검색코드":1060,
            "세대수":270.0,
            "준공년월":"1976-05-19",
            "준공년차":47.0,
            "가까운역이름":"중곡",
            "가까운역거리":502.5,
            "역세권여부":"준역세권",
            "30분이내주요거점역":1,
            "30분거점역이름":"['왕십리']",
            "1시간이내주요거점역":13,
            "1시간거점역이름":"['강남', '역삼', '잠실', '판교', '여의도', '을지로입구', '을지로3가', '양재', '가산디지털단지', '왕십리', '홍대입구', '구로디지털단지', '명동']",
            "3km이내백화점수":0,
            "5km이내아울렛몰수":0,
            "1km이내대형먀트수":0,
            "500m이내은행수":1,
            "500m이내병원수":0,
            "5km이내대형병원수":9,
            "500m이내공원수":2,
            "3km이내혐오시설수":0,
            "초등학교학업성취도":89.97,
            "중학교학업성취도":66.2,
            "용적률":0,
            "건폐율":0,
            "Y":37.566605,
            "X":127.078684,
            "rank":78.0,
            "area_info":"14평(48.46), 14평(48.5), 17평(57.88), 17평(57.85), 17평(58.74), 17평(58.08), 17평(58.78), 17평(58.12), 17평(58.71), 18평(61.32), 18평(61.35)",
            "last_sales":"2021-11-10,60000.0,17평(58.74)",
            "rank_history":[
                [
                    "202202",
                    78
                ],
                [
                    "202201",
                    77
                ]
            ],
            "rank_gap":-1
        }
    ]
}