{
    "schema":{
        "fields":[
            {
                "name":"index",
                "type":"integer"
            },
            {
                "name":"아파트명",
                "type":"string"
            },
            {
                "name":"투자타입",
                "type":"string"
            },
            {
                "name":"전용면적(m2)",
                "type":"string"
            },
            {
                "name":"전용면적(평)",
                "type":"string"
            },
            {
                "name":"법정동주소",
                "type":"string"
            },
            {
                "name":"도로명주소",
                "type":"string"
            },
            {
                "name":"세대수",
                "type":"integer"
            },
            {
                "name":"입주년차",
                "type":"string"
            },
            {
                "name":"용적률점수",
                "type":"string"
            },
            {
                "name":"건폐율점수",
                "type":"string"
            },
            {
                "name":"세대당주차수",
                "type":"string"
            },
            {
                "name":"난방방식",
                "type":"string"
            },
            {
                "name":"공급면적",
                "type":"string"
            },
            {
                "name":"전용률",
                "type":"string"
            },
            {
                "name":"욕실수",
                "type":"string"
            },
            {
                "name":"현관타입",
                "type":"string"
            },
            {
                "name":"주거총점",
                "type":"number"
            },
            {
                "name":"지역구공급총점",
                "type":"number"
            },
            {
                "name":"역세권",
                "type":"integer"
            },
            {
                "name":"30분내 이동가능 거점",
                "type":"integer"
            },
            {
                "name":"1시간내 이동가능 거점",
                "type":"integer"
            },
            {
                "name":"교통총점",
                "type":"number"
            },
            {
                "name":"백화점",
                "type":"integer"
            },
            {
                "name":"아울렛몰",
                "type":"integer"
            },
            {
                "name":"대형마트",
                "type":"integer"
            },
            {
                "name":"은행",
                "type":"integer"
            },
            {
                "name":"병원",
                "type":"integer"
            },
            {
                "name":"종합병원",
                "type":"integer"
            },
            {
                "name":"공원",
                "type":"integer"
            },
            {
                "name":"혐오시설",
                "type":"integer"
            },
            {
                "name":"인프라총점",
                "type":"number"
            },
            {
                "name":"초등학군",
                "type":"number"
            },
            {
                "name":"중학군",
                "type":"number"
            },
            {
                "name":"학군총점",
                "type":"number"
            },
            {
                "name":"인구수",
                "type":"number"
            },
            {
                "name":"인구증감",
                "type":"number"
            },
            {
                "name":"인구총점",
                "type":"number"
            },
            {
                "name":"일자리",
                "type":"number"
            },
            {
                "name":"소득수준",
                "type":"number"
            },
            {
                "name":"일자리총점",
                "type":"number"
            },
            {
                "name":"가치 총점",
                "type":"number"
            },
            {
                "name":"매매실거래년",
                "type":"string"
            },
            {
                "name":"매매실거래가",
                "type":"number"
            },
            {
                "name":"전세실거래년",
                "type":"number"
            },
            {
                "name":"전세실거래가",
                "type":"number"
            },
            {
                "name":"전세가율",
                "type":"number"
            },
            {
                "name":"장기전세가율평균",
                "type":"number"
            },
            {
                "name":"전세가율거품지수",
                "type":"number"
            },
            {
                "name":"검색코드",
                "type":"integer"
            },
            {
                "name":"세대수",
                "type":"number"
            },
            {
                "name":"준공년월",
                "type":"string"
            },
            {
                "name":"준공년차",
                "type":"number"
            },
            {
                "name":"가까운역이름",
                "type":"string"
            },
            {
                "name":"가까운역거리",
                "type":"number"
            },
            {
                "name":"역세권여부",
                "type":"string"
            },
            {
                "name":"30분이내주요거점역",
                "type":"integer"
            },
            {
                "name":"30분거점역이름",
                "type":"string"
            },
            {
                "name":"1시간이내주요거점역",
                "type":"integer"
            },
            {
                "name":"1시간거점역이름",
                "type":"string"
            },
            {
                "name":"3km이내백화점수",
                "type":"integer"
            },
            {
                "name":"5km이내아울렛몰수",
                "type":"integer"
            },
            {
                "name":"1km이내대형먀트수",
                "type":"integer"
            },
            {
                "name":"500m이내은행수",
                "type":"integer"
            },
            {
                "name":"500m이내병원수",
                "type":"integer"
            },
            {
                "name":"5km이내대형병원수",
                "type":"integer"
            },
            {
                "name":"500m이내공원수",
                "type":"integer"
            },
            {
                "name":"3km이내혐오시설수",
                "type":"integer"
            },
            {
                "name":"초등학교학업성취도",
                "type":"number"
            },
            {
                "name":"중학교학업성취도",
                "type":"number"
            },
            {
                "name":"용적률",
                "type":"integer"
            },
            {
                "name":"건폐율",
                "type":"integer"
            },
            {
                "name":"Y",
                "type":"number"
            },
            {
                "name":"X",
                "type":"number"
            },
            {
                "name":"rank",
                "type":"number"
            },
            {
                "name":"area_info",
                "type":"string"
            },
            {
                "name":"last_sales",
                "type":"string"
            },
            {
                "name":"rank_history",
                "type":"string"
            },
            {
                "name":"rank_gap",
                "type":"integer"
            }
        ],
        "primaryKey":[
            "index"
        ],
        "pandas_version":"1.4.0"
    },
    "data":[
        {
            "index":614,
            "아파트명":"트리지움",
            "투자타입":"일반",
            "전용면적(m2)":"84.7",
            "전용면적(평)":"25평",
            "법정동주소":"서울시 송파구 잠실동 35",
            "도로명주소":"서울시 송파구 잠실로 62",
            "세대수":100,
            "입주년차":40,
            "용적률점수":"--",
            "건폐율점수":"--",
            "세대당주차수":60,
            "난방방식":100,
            "공급면적":"--",
            "전용률":"--",
            "욕실수":100,
            "현관타입":100,
            "주거총점":82.0,
            "지역구공급총점":0.0,
            "역세권":80,
            "30분내 이동가능 거점":100,
            "1시간내 이동가능 거점":100,
            "교통총점":90.0,
            "백화점":100,
            "아울렛몰":100,
            "대형마트":100,
            "은행":100,
            "병원":0,
            "종합병원":100,
            "공원":100,
            "혐오시설":0,
            "인프라총점":88.0,
            "초등학군":89.98,
            "중학군":57.14,
            "학군총점":63.708,
            "인구수":73.41,
            "인구증감":-8.64,
            "인구총점":48.795,
            "일자리":40.19,
            "소득수준":64.36,
            "일자리총점":47.441,
            "가치 총점":83.8562,
            "매매실거래년":20210915.0,
            "매매실거래가":232000.0,
            "전세실거래년":20220116.0,
            "전세실거래가":95000.0,
            "전세가율":48.84,
            "장기전세가율평균":57.02,
            "전세가율거품지수":8.18,
            "검색코드":19127,
            "세대수":3696.0,
            "준공년월":"2007-08-24",
            "준공년차":16.0,
            "가까운역이름":"잠실새내",
            "가까운역거리":286.75,
            "역세권여부":"역세권",
            "30분이내주요거점역":5,
            "30분거점역이름":"['강남', '역삼', '잠실', '양재', '왕십리']",
            "1시간이내주요거점역":16,
            "1시간거점역이름":"['강남', '역삼', '잠실', '판교', '여의도', '을지로입구', '을지로3가', '양재', '정자', '평촌', '가산디지털단지', '왕십리', '홍대입구', '구로디지털단지', '명동', '서현']",
            "3km이내백화점수":3,
            "5km이내아울렛몰수":2,
            "1km이내대형먀트수":2,
            "500m이내은행수":9,
            "500m이내병원수":0,
            "5km이내대형병원수":7,
            "500m이내공원수":2,
            "3km이내혐오시설수":0,
            "초등학교학업성취도":89.98,
            "중학교학업성취도":93.1,
            "용적률":274,
            "건폐율":14,
            "Y":37.509812,
            "X":127.088394,
            "rank":1.0,
            "area_info":"25평(84.7), 33평(110.54), 33평(110.84), 33평(110.86), 43평(143.14), 54평(180.31)",
            "last_sales":"2021-09-15,232000.0,33평(110.86)",
            "rank_history":[
                [
                    "202202",
                    1
                ],
                [
                    "202201",
                    1
                ]
            ],
            "rank_gap":0
        },
        {
            "index":565,
            "아파트명":"리센츠",
            "투자타입":"일반",
            "전용면적(m2)":"42.28",
            "전용면적(평)":"12평",
            "법정동주소":"서울시 송파구 잠실동 22",
            "도로명주소":"서울시 송파구 올림픽로 135",
            "세대수":100,
            "입주년차":40,
            "용적률점수":"--",
            "건폐율점수":"--",
            "세대당주차수":60,
            "난방방식":100,
            "공급면적":"--",
            "전용률":"--",
            "욕실수":50,
            "현관타입":100,
            "주거총점":77.0,
            "지역구공급총점":0.0,
            "역세권":80,
            "30분내 이동가능 거점":100,
            "1시간내 이동가능 거점":100,
            "교통총점":90.0,
            "백화점":100,
            "아울렛몰":80,
            "대형마트":100,
            "은행":100,
            "병원":0,
            "종합병원":100,
            "공원":100,
            "혐오시설":0,
            "인프라총점":86.0,
            "초등학군":90.0,
            "중학군":57.14,
            "학군총점":63.712,
            "인구수":73.41,
            "인구증감":-8.64,
            "인구총점":48.795,
            "일자리":40.19,
            "소득수준":64.36,
            "일자리총점":47.441,
            "가치 총점":82.2568,
            "매매실거래년":20211230.0,
            "매매실거래가":350000.0,
            "전세실거래년":20220126.0,
            "전세실거래가":41000.0,
            "전세가율":36.28,
            "장기전세가율평균":57.02,
            "전세가율거품지수":20.74,
            "검색코드":22746,
            "세대수":5563.0,
            "준공년월":"2008-07-31",
            "준공년차":15.0,
            "가까운역이름":"잠실새내",
            "가까운역거리":181.48,
            "역세권여부":"역세권",
            "30분이내주요거점역":5,
            "30분거점역이름":"['강남', '역삼', '잠실', '양재', '왕십리']",
            "1시간이내주요거점역":16,
            "1시간거점역이름":"['강남', '역삼', '잠실', '판교', '여의도', '을지로입구', '을지로3가', '양재', '정자', '평촌', '가산디지털단지', '왕십리', '홍대입구', '구로디지털단지', '명동', '서현']",
            "3km이내백화점수":3,
            "5km이내아울렛몰수":1,
            "1km이내대형먀트수":2,
            "500m이내은행수":8,
            "500m이내병원수":0,
            "5km이내대형병원수":8,
            "500m이내공원수":2,
            "3km이내혐오시설수":0,
            "초등학교학업성취도":90.0,
            "중학교학업성취도":93.1,
            "용적률":275,
            "건폐율":15,
            "Y":37.513251,
            "X":127.08675,
            "rank":2.0,
            "area_info":"12평(42.28), 12평(42.6), 12평(42.52), 24평(82.32), 24평(82.13), 24평(82.47), 24평(82.16), 24평(82.1), 24평(82.1), 33평(109.2), 33평(109.35), 33평(109.34), 33평(109.31), 33평(109.26), 33평(109.4), 33평(109.2), 33평(109.47), 33평(109.51), 33평(110.3), 38평(126.59), 48평(158.87), 48평(158.69)",
            "last_sales":"2021-12-30,350000.0,48평(158.87)",
            "rank_history":[
                [
                    "202202",
                    2
                ],
                [
                    "202201",
                    2
                ]
            ],
            "rank_gap":0
        },
        {
            "index":468,
            "아파트명":"파크리오",
            "투자타입":"일반",
            "전용면적(m2)":"52.99",
            "전용면적(평)":"16평",
            "법정동주소":"서울시 송파구 신천동 17",
            "도로명주소":"서울시 송파구 올림픽로 435",
            "세대수":100,
            "입주년차":40,
            "용적률점수":"--",
            "건폐율점수":"--",
            "세대당주차수":60,
            "난방방식":100,
            "공급면적":"--",
            "전용률":"--",
            "욕실수":50,
            "현관타입":100,
            "주거총점":77.0,
            "지역구공급총점":0.0,
            "역세권":80,
            "30분내 이동가능 거점":100,
            "1시간내 이동가능 거점":100,
            "교통총점":90.0,
            "백화점":100,
            "아울렛몰":80,
            "대형마트":100,
            "은행":70,
            "병원":0,
            "종합병원":100,
            "공원":100,
            "혐오시설":0,
            "인프라총점":83.0,
            "초등학군":89.99,
            "중학군":49.8,
            "학군총점":57.838,
            "인구수":73.41,
            "인구증감":-8.64,
            "인구총점":48.795,
            "일자리":40.19,
            "소득수준":64.36,
            "일자리총점":47.441,
            "가치 총점":80.4757,
            "매매실거래년":20211126.0,
            "매매실거래가":95000.0,
            "전세실거래년":20211230.0,
            "전세실거래가":42000.0,
            "전세가율":44.21,
            "장기전세가율평균":57.02,
            "전세가율거품지수":12.81,
            "검색코드":22675,
            "세대수":6864.0,
            "준공년월":"2008-08-29",
            "준공년차":15.0,
            "가까운역이름":"잠실나루",
            "가까운역거리":435.23,
            "역세권여부":"역세권",
            "30분이내주요거점역":5,
            "30분거점역이름":"['강남', '역삼', '잠실', '양재', '왕십리']",
            "1시간이내주요거점역":16,
            "1시간거점역이름":"['강남', '역삼', '잠실', '판교', '여의도', '을지로입구', '을지로3가', '양재', '정자', '평촌', '가산디지털단지', '왕십리', '홍대입구', '구로디지털단지', '명동', '서현']",
            "3km이내백화점수":3,
            "5km이내아울렛몰수":1,
            "1km이내대형먀트수":2,
            "500m이내은행수":3,
            "500m이내병원수":0,
            "5km이내대형병원수":7,
            "500m이내공원수":4,
            "3km이내혐오시설수":0,
            "초등학교학업성취도":89.99,
            "중학교학업성취도":82.6,
            "용적률":283,
            "건폐율":14,
            "Y":37.521278,
            "X":127.108677,
            "rank":3.0,
            "area_info":"16평(52.99), 26평(86.85), 26평(86.74), 26평(87.14), 32평(108.82), 32평(108.23), 32평(108.82), 33평(109.62), 45평(149.93), 52평(174.08)",
            "last_sales":"2021-11-26,95000.0,16평(52.99)",
            "rank_history":[
                [
                    "202202",
                    3
                ],
                [
                    "202201",
                    5
                ]
            ],
            "rank_gap":2
        },
        {
            "index":349,
            "아파트명":"올림픽선수기자촌",
            "투자타입":"재건축",
            "전용면적(m2)":"82.65",
            "전용면적(평)":"25평",
            "법정동주소":"서울시 송파구 방이동 89",
            "도로명주소":"서울시 송파구 양재대로 1218",
            "세대수":100,
            "입주년차":"--",
            "용적률점수":100,
            "건폐율점수":100,
            "세대당주차수":"--",
            "난방방식":"--",
            "공급면적":70,
            "전용률":60,
            "욕실수":"--",
            "현관타입":"--",
            "주거총점":96.5,
            "지역구공급총점":0.0,
            "역세권":80,
            "30분내 이동가능 거점":60,
            "1시간내 이동가능 거점":100,
            "교통총점":78.0,
            "백화점":100,
            "아울렛몰":100,
            "대형마트":80,
            "은행":70,
            "병원":0,
            "종합병원":100,
            "공원":0,
            "혐오시설":0,
            "인프라총점":79.0,
            "초등학군":89.98,
            "중학군":60.28,
            "학군총점":66.22,
            "인구수":73.41,
            "인구증감":-8.64,
            "인구총점":48.795,
            "일자리":40.19,
            "소득수준":64.36,
            "일자리총점":47.441,
            "가치 총점":80.233,
            "매매실거래년":20210916.0,
            "매매실거래가":309000.0,
            "전세실거래년":20211211.0,
            "전세실거래가":90000.0,
            "전세가율":51.72,
            "장기전세가율평균":57.02,
            "전세가율거품지수":5.3,
            "검색코드":634,
            "세대수":5540.0,
            "준공년월":"1988-06-14",
            "준공년차":35.0,
            "가까운역이름":"올림픽공원",
            "가까운역거리":488.25,
            "역세권여부":"역세권",
            "30분이내주요거점역":3,
            "30분거점역이름":"['강남', '역삼', '잠실']",
            "1시간이내주요거점역":16,
            "1시간거점역이름":"['강남', '역삼', '잠실', '판교', '여의도', '을지로입구', '을지로3가', '양재', '정자', '평촌', '가산디지털단지', '왕십리', '홍대입구', '구로디지털단지', '명동', '서현']",
            "3km이내백화점수":1,
            "5km이내아울렛몰수":2,
            "1km이내대형먀트수":1,
            "500m이내은행수":3,
            "500m이내병원수":0,
            "5km이내대형병원수":5,
            "500m이내공원수":0,
            "3km이내혐오시설수":0,
            "초등학교학업성취도":89.98,
            "중학교학업성취도":97.2,
            "용적률":137,
            "건폐율":12,
            "Y":37.51505,
            "X":127.13623,
            "rank":4.0,
            "area_info":"25평(82.65), 29평(95.87), 32평(109.09), 32평(109.09), 34평(112.4), 39평(132.23), 39평(132.23), 43평(142.15), 46평(155.37), 46평(155.37), 48평(161.98), 50평(165.29), 51평(168.6), 51평(171.9), 53평(175.21), 57평(188.43), 63평(211.57)",
            "last_sales":"2021-09-16,309000.0,51평(171.9)",
            "rank_history":[
                [
                    "202202",
                    4
                ],
                [
                    "202201",
                    3
                ]
            ],
            "rank_gap":-1
        },
        {
            "index":429,
            "아파트명":"롯데캐슬골드",
            "투자타입":"일반",
            "전용면적(m2)":"158.05",
            "전용면적(평)":"47평",
            "법정동주소":"서울시 송파구 신천동 7-18",
            "도로명주소":"서울시 송파구 올림픽로 269",
            "세대수":50,
            "입주년차":40,
            "용적률점수":"--",
            "건폐율점수":"--",
            "세대당주차수":100,
            "난방방식":80,
            "공급면적":"--",
            "전용률":"--",
            "욕실수":100,
            "현관타입":100,
            "주거총점":68.5,
            "지역구공급총점":0.0,
            "역세권":80,
            "30분내 이동가능 거점":80,
            "1시간내 이동가능 거점":100,
            "교통총점":84.0,
            "백화점":100,
            "아울렛몰":100,
            "대형마트":100,
            "은행":100,
            "병원":0,
            "종합병원":100,
            "공원":100,
            "혐오시설":0,
            "인프라총점":88.0,
            "초등학군":90.01,
            "중학군":57.82,
            "학군총점":64.258,
            "인구수":73.41,
            "인구증감":-8.64,
            "인구총점":48.795,
            "일자리":40.19,
            "소득수준":64.36,
            "일자리총점":47.441,
            "가치 총점":79.1387,
            "매매실거래년":20210127.0,
            "매매실거래가":385000.0,
            "전세실거래년":null,
            "전세실거래가":null,
            "전세가율":null,
            "장기전세가율평균":57.02,
            "전세가율거품지수":null,
            "검색코드":12951,
            "세대수":400.0,
            "준공년월":"2005-11-22",
            "준공년차":18.0,
            "가까운역이름":"잠실",
            "가까운역거리":159.97,
            "역세권여부":"역세권",
            "30분이내주요거점역":4,
            "30분거점역이름":"['강남', '역삼', '잠실', '왕십리']",
            "1시간이내주요거점역":15,
            "1시간거점역이름":"['강남', '역삼', '잠실', '판교', '여의도', '을지로입구', '을지로3가', '정자', '평촌', '가산디지털단지', '왕십리', '홍대입구', '구로디지털단지', '명동', '서현']",
            "3km이내백화점수":2,
            "5km이내아울렛몰수":2,
            "1km이내대형먀트수":4,
            "500m이내은행수":16,
            "500m이내병원수":0,
            "5km이내대형병원수":7,
            "500m이내공원수":4,
            "3km이내혐오시설수":0,
            "초등학교학업성취도":90.01,
            "중학교학업성취도":94.7,
            "용적률":646,
            "건폐율":46,
            "Y":37.514576,
            "X":127.100601,
            "rank":5.0,
            "area_info":"47평(158.05), 52평(172.06), 57평(190.48), 64평(214.33), 64평(214.59), 65평(215.53), 66평(218.89), 66평(219.51), 72평(241.28), 73평(242.94), 74평(245.12), 75평(249.21), 79평(261.35), 81평(269.26), 81평(269.37), 82평(273.04), 94평(312.96), 95평(314.7), 95평(314.92)",
            "last_sales":"2021-01-27,385000.0,95평(314.92)",
            "rank_history":[
                [
                    "202202",
                    5
                ],
                [
                    "202201",
                    4
                ]
            ],
            "rank_gap":-1
        },
        {
            "index":609,
            "아파트명":"잠실엘스",
            "투자타입":"일반",
            "전용면적(m2)":"84.75",
            "전용면적(평)":"25평",
            "법정동주소":"서울시 송파구 잠실동 19",
            "도로명주소":"서울시 송파구 올림픽로 99",
            "세대수":100,
            "입주년차":40,
            "용적률점수":"--",
            "건폐율점수":"--",
            "세대당주차수":60,
            "난방방식":100,
            "공급면적":"--",
            "전용률":"--",
            "욕실수":100,
            "현관타입":100,
            "주거총점":82.0,
            "지역구공급총점":0.0,
            "역세권":80,
            "30분내 이동가능 거점":100,
            "1시간내 이동가능 거점":100,
            "교통총점":90.0,
            "백화점":100,
            "아울렛몰":80,
            "대형마트":0,
            "은행":100,
            "병원":0,
            "종합병원":100,
            "공원":80,
            "혐오시설":0,
            "인프라총점":70.4,
            "초등학군":89.98,
            "중학군":57.1,
            "학군총점":63.676,
            "인구수":73.41,
            "인구증감":-8.64,
            "인구총점":48.795,
            "일자리":40.19,
            "소득수준":64.36,
            "일자리총점":47.441,
            "가치 총점":78.5714,
            "매매실거래년":20211126.0,
            "매매실거래가":340000.0,
            "전세실거래년":20220128.0,
            "전세실거래가":84000.0,
            "전세가율":38.36,
            "장기전세가율평균":57.02,
            "전세가율거품지수":18.66,
            "검색코드":22627,
            "세대수":5678.0,
            "준공년월":"2008-09-30",
            "준공년차":15.0,
            "가까운역이름":"잠실새내",
            "가까운역거리":446.27,
            "역세권여부":"역세권",
            "30분이내주요거점역":5,
            "30분거점역이름":"['강남', '역삼', '잠실', '양재', '왕십리']",
            "1시간이내주요거점역":16,
            "1시간거점역이름":"['강남', '역삼', '잠실', '판교', '여의도', '을지로입구', '을지로3가', '양재', '정자', '평촌', '가산디지털단지', '왕십리', '홍대입구', '구로디지털단지', '명동', '서현']",
            "3km이내백화점수":4,
            "5km이내아울렛몰수":1,
            "1km이내대형먀트수":0,
            "500m이내은행수":6,
            "500m이내병원수":0,
            "5km이내대형병원수":7,
            "500m이내공원수":1,
            "3km이내혐오시설수":0,
            "초등학교학업성취도":89.98,
            "중학교학업성취도":92.1,
            "용적률":275,
            "건폐율":16,
            "Y":37.513348,
            "X":127.081556,
            "rank":6.0,
            "area_info":"25평(84.75), 33평(109.47), 33평(109.29), 33평(111.52), 45평(149.88)",
            "last_sales":"2021-11-26,340000.0,45평(149.88)",
            "rank_history":[
                [
                    "202202",
                    6
                ],
                [
                    "202201",
                    6
                ]
            ],
            "rank_gap":0
        },
        {
            "index":457,
            "아파트명":"잠실푸르지오월드마크",
            "투자타입":"일반",
            "전용면적(m2)":"115.31",
            "전용면적(평)":"34평",
            "법정동주소":"서울시 송파구 신천동 11-4",
            "도로명주소":"서울시 송파구 올림픽로35가길 9",
            "세대수":0,
            "입주년차":60,
            "용적률점수":"--",
            "건폐율점수":"--",
            "세대당주차수":60,
            "난방방식":100,
            "공급면적":"--",
            "전용률":"--",
            "욕실수":100,
            "현관타입":100,
            "주거총점":51.0,
            "지역구공급총점":0.0,
            "역세권":80,
            "30분내 이동가능 거점":100,
            "1시간내 이동가능 거점":100,
            "교통총점":90.0,
            "백화점":100,
            "아울렛몰":100,
            "대형마트":100,
            "은행":100,
            "병원":0,
            "종합병원":100,
            "공원":100,
            "혐오시설":0,
            "인프라총점":88.0,
            "초등학군":90.01,
            "중학군":57.82,
            "학군총점":64.258,
            "인구수":73.41,
            "인구증감":-8.64,
            "인구총점":48.795,
            "일자리":40.19,
            "소득수준":64.36,
            "일자리총점":47.441,
            "가치 총점":77.7387,
            "매매실거래년":20210604.0,
            "매매실거래가":360000.0,
            "전세실거래년":20210313.0,
            "전세실거래가":100000.0,
            "전세가율":62.89,
            "장기전세가율평균":57.02,
            "전세가율거품지수":-5.87,
            "검색코드":102616,
            "세대수":288.0,
            "준공년월":"2013-06-19",
            "준공년차":10.0,
            "가까운역이름":"잠실나루",
            "가까운역거리":364.28,
            "역세권여부":"역세권",
            "30분이내주요거점역":5,
            "30분거점역이름":"['강남', '역삼', '잠실', '양재', '왕십리']",
            "1시간이내주요거점역":16,
            "1시간거점역이름":"['강남', '역삼', '잠실', '판교', '여의도', '을지로입구', '을지로3가', '양재', '정자', '평촌', '가산디지털단지', '왕십리', '홍대입구', '구로디지털단지', '명동', '서현']",
            "3km이내백화점수":2,
            "5km이내아울렛몰수":2,
            "1km이내대형먀트수":4,
            "500m이내은행수":16,
            "500m이내병원수":0,
            "5km이내대형병원수":7,
            "500m이내공원수":5,
            "3km이내혐오시설수":0,
            "초등학교학업성취도":90.01,
            "중학교학업성취도":94.7,
            "용적률":598,
            "건폐율":38,
            "Y":37.517464,
            "X":127.103519,
            "rank":7.0,
            "area_info":"34평(115.31), 45평(150.08), 45평(151.74), 46평(153.89), 49평(163.32), 49평(164.83), 51평(170.69), 52평(173.13), 62평(206.02), 97평(322.67), 101평(335.52)",
            "last_sales":"2021-06-04,360000.0,101평(335.52)",
            "rank_history":[
                [
                    "202202",
                    7
                ],
                [
                    "202201",
                    7
                ]
            ],
            "rank_gap":0
        },
        {
            "index":423,
            "아파트명":"더샵스타리버",
            "투자타입":"일반",
            "전용면적(m2)":"155.7",
            "전용면적(평)":"47평",
            "법정동주소":"서울시 송파구 신천동 11-8",
            "도로명주소":"서울시 송파구 올림픽로35길 93",
            "세대수":0,
            "입주년차":40,
            "용적률점수":"--",
            "건폐율점수":"--",
            "세대당주차수":100,
            "난방방식":30,
            "공급면적":"--",
            "전용률":"--",
            "욕실수":100,
            "현관타입":100,
            "주거총점":46.0,
            "지역구공급총점":0.0,
            "역세권":80,
            "30분내 이동가능 거점":100,
            "1시간내 이동가능 거점":100,
            "교통총점":90.0,
            "백화점":100,
            "아울렛몰":100,
            "대형마트":100,
            "은행":100,
            "병원":0,
            "종합병원":100,
            "공원":100,
            "혐오시설":0,
            "인프라총점":88.0,
            "초등학군":90.01,
            "중학군":57.82,
            "학군총점":64.258,
            "인구수":73.41,
            "인구증감":-8.64,
            "인구총점":48.795,
            "일자리":40.19,
            "소득수준":64.36,
            "일자리총점":47.441,
            "가치 총점":76.7387,
            "매매실거래년":20210916.0,
            "매매실거래가":200000.0,
            "전세실거래년":20170701.0,
            "전세실거래가":71000.0,
            "전세가율":59.17,
            "장기전세가율평균":57.02,
            "전세가율거품지수":-2.15,
            "검색코드":12743,
            "세대수":189.0,
            "준공년월":"2006-09-29",
            "준공년차":17.0,
            "가까운역이름":"잠실나루",
            "가까운역거리":344.24,
            "역세권여부":"역세권",
            "30분이내주요거점역":5,
            "30분거점역이름":"['강남', '역삼', '잠실', '양재', '왕십리']",
            "1시간이내주요거점역":16,
            "1시간거점역이름":"['강남', '역삼', '잠실', '판교', '여의도', '을지로입구', '을지로3가', '양재', '정자', '평촌', '가산디지털단지', '왕십리', '홍대입구', '구로디지털단지', '명동', '서현']",
            "3km이내백화점수":3,
            "5km이내아울렛몰수":2,
            "1km이내대형먀트수":4,
            "500m이내은행수":11,
            "500m이내병원수":0,
            "5km이내대형병원수":7,
            "500m이내공원수":5,
            "3km이내혐오시설수":0,
            "초등학교학업성취도":90.01,
            "중학교학업성취도":94.7,
            "용적률":589,
            "건폐율":34,
            "Y":37.517678,
            "X":127.104422,
            "rank":8.0,
            "area_info":"47평(155.7), 52평(171.95), 52평(171.95), 53평(176.49), 62평(207.45), 62평(207.45)",
            "last_sales":"2021-09-16,200000.0,62평(207.45)",
            "rank_history":[
                [
                    "202202",
                    8
                ],
                [
                    "202201",
                    8
                ]
            ],
            "rank_gap":0
        },
        {
            "index":448,
            "아파트명":"잠실더샵스타파크",
            "투자타입":"일반",
            "전용면적(m2)":"167.41",
            "전용면적(평)":"50평",
            "법정동주소":"서울시 송파구 신천동 7-14",
            "도로명주소":"서울시 송파구 올림픽로35가길 10",
            "세대수":0,
            "입주년차":40,
            "용적률점수":"--",
            "건폐율점수":"--",
            "세대당주차수":100,
            "난방방식":30,
            "공급면적":"--",
            "전용률":"--",
            "욕실수":100,
            "현관타입":100,
            "주거총점":46.0,
            "지역구공급총점":0.0,
            "역세권":80,
            "30분내 이동가능 거점":100,
            "1시간내 이동가능 거점":100,
            "교통총점":90.0,
            "백화점":100,
            "아울렛몰":100,
            "대형마트":100,
            "은행":100,
            "병원":0,
            "종합병원":100,
            "공원":100,
            "혐오시설":0,
            "인프라총점":88.0,
            "초등학군":90.01,
            "중학군":57.82,
            "학군총점":64.258,
            "인구수":73.41,
            "인구증감":-8.64,
            "인구총점":48.795,
            "일자리":40.19,
            "소득수준":64.36,
            "일자리총점":47.441,
            "가치 총점":76.7387,
            "매매실거래년":20210518.0,
            "매매실거래가":230000.0,
            "전세실거래년":20171024.0,
            "전세실거래가":90000.0,
            "전세가율":65.69,
            "장기전세가율평균":57.02,
            "전세가율거품지수":-8.67,
            "검색코드":26774,
            "세대수":213.0,
            "준공년월":"2008-09-12",
            "준공년차":15.0,
            "가까운역이름":"잠실",
            "가까운역거리":333.74,
            "역세권여부":"역세권",
            "30분이내주요거점역":5,
            "30분거점역이름":"['강남', '역삼', '잠실', '양재', '왕십리']",
            "1시간이내주요거점역":16,
            "1시간거점역이름":"['강남', '역삼', '잠실', '판교', '여의도', '을지로입구', '을지로3가', '양재', '정자', '평촌', '가산디지털단지', '왕십리', '홍대입구', '구로디지털단지', '명동', '서현']",
            "3km이내백화점수":2,
            "5km이내아울렛몰수":2,
            "1km이내대형먀트수":4,
            "500m이내은행수":17,
            "500m이내병원수":0,
            "5km이내대형병원수":7,
            "500m이내공원수":4,
            "3km이내혐오시설수":0,
            "초등학교학업성취도":90.01,
            "중학교학업성취도":94.7,
            "용적률":591,
            "건폐율":38,
            "Y":37.516948,
            "X":127.102055,
            "rank":8.0,
            "area_info":"50평(167.41), 57평(191.43), 63평(211.04), 69평(230.87), 76평(253.83), 87평(290.31), 89평(294.82), 89평(294.82), 100평(333.28)",
            "last_sales":"2021-05-18,230000.0,76평(253.83)",
            "rank_history":[
                [
                    "202202",
                    8
                ],
                [
                    "202201",
                    8
                ]
            ],
            "rank_gap":0
        },
        {
            "index":559,
            "아파트명":"레이크팰리스",
            "투자타입":"일반",
            "전용면적(m2)":"86.43",
            "전용면적(평)":"26평",
            "법정동주소":"서울시 송파구 잠실동 44",
            "도로명주소":"서울시 송파구 잠실로 88",
            "세대수":100,
            "입주년차":40,
            "용적률점수":"--",
            "건폐율점수":"--",
            "세대당주차수":60,
            "난방방식":100,
            "공급면적":"--",
            "전용률":"--",
            "욕실수":100,
            "현관타입":100,
            "주거총점":82.0,
            "지역구공급총점":0.0,
            "역세권":50,
            "30분내 이동가능 거점":80,
            "1시간내 이동가능 거점":100,
            "교통총점":69.0,
            "백화점":100,
            "아울렛몰":100,
            "대형마트":100,
            "은행":100,
            "병원":0,
            "종합병원":100,
            "공원":100,
            "혐오시설":0,
            "인프라총점":88.0,
            "초등학군":89.98,
            "중학군":57.14,
            "학군총점":63.708,
            "인구수":73.41,
            "인구증감":-8.64,
            "인구총점":48.795,
            "일자리":40.19,
            "소득수준":64.36,
            "일자리총점":47.441,
            "가치 총점":76.5062,
            "매매실거래년":20211227.0,
            "매매실거래가":184000.0,
            "전세실거래년":20220121.0,
            "전세실거래가":68250.0,
            "전세가율":37.09,
            "장기전세가율평균":57.02,
            "전세가율거품지수":19.93,
            "검색코드":15011,
            "세대수":2678.0,
            "준공년월":"2006-12-28",
            "준공년차":17.0,
            "가까운역이름":"잠실",
            "가까운역거리":808.99,
            "역세권여부":"준역세권",
            "30분이내주요거점역":4,
            "30분거점역이름":"['강남', '역삼', '잠실', '왕십리']",
            "1시간이내주요거점역":16,
            "1시간거점역이름":"['강남', '역삼', '잠실', '판교', '여의도', '을지로입구', '을지로3가', '양재', '정자', '평촌', '가산디지털단지', '왕십리', '홍대입구', '구로디지털단지', '명동', '서현']",
            "3km이내백화점수":2,
            "5km이내아울렛몰수":2,
            "1km이내대형먀트수":3,
            "500m이내은행수":7,
            "500m이내병원수":0,
            "5km이내대형병원수":7,
            "500m이내공원수":4,
            "3km이내혐오시설수":0,
            "초등학교학업성취도":89.98,
            "중학교학업성취도":93.1,
            "용적률":273,
            "건폐율":14,
            "Y":37.509505,
            "X":127.094973,
            "rank":9.0,
            "area_info":"26평(86.43), 26평(86.43), 34평(114.8), 43평(144.32), 50평(166.86), 50평(167.9)",
            "last_sales":"2021-12-27,184000.0,26평(86.43)",
            "rank_history":[
                [
                    "202202",
                    9
                ],
                [
                    "202201",
                    9
                ]
            ],
            "rank_gap":0
        },
        {
            "index":534,
            "아파트명":"갤러리아팰리스",
            "투자타입":"일반",
            "전용면적(m2)":"107.56",
            "전용면적(평)":"32평",
            "법정동주소":"서울시 송파구 잠실동 40",
            "도로명주소":"서울시 송파구 올림픽로 212",
            "세대수":80,
            "입주년차":40,
            "용적률점수":"--",
            "건폐율점수":"--",
            "세대당주차수":30,
            "난방방식":100,
            "공급면적":"--",
            "전용률":"--",
            "욕실수":100,
            "현관타입":100,
            "주거총점":70.5,
            "지역구공급총점":0.0,
            "역세권":50,
            "30분내 이동가능 거점":100,
            "1시간내 이동가능 거점":100,
            "교통총점":75.0,
            "백화점":100,
            "아울렛몰":100,
            "대형마트":100,
            "은행":100,
            "병원":0,
            "종합병원":100,
            "공원":100,
            "혐오시설":0,
            "인프라총점":88.0,
            "초등학군":89.98,
            "중학군":57.14,
            "학군총점":63.708,
            "인구수":73.41,
            "인구증감":-8.64,
            "인구총점":48.795,
            "일자리":40.19,
            "소득수준":64.36,
            "일자리총점":47.441,
            "가치 총점":76.3062,
            "매매실거래년":20210825.0,
            "매매실거래가":328000.0,
            "전세실거래년":20211006.0,
            "전세실거래가":89250.0,
            "전세가율":53.6,
            "장기전세가율평균":57.02,
            "전세가율거품지수":3.42,
            "검색코드":12236,
            "세대수":741.0,
            "준공년월":"2005-01-11",
            "준공년차":18.0,
            "가까운역이름":"잠실새내",
            "가까운역거리":691.45,
            "역세권여부":"준역세권",
            "30분이내주요거점역":5,
            "30분거점역이름":"['강남', '역삼', '잠실', '양재', '왕십리']",
            "1시간이내주요거점역":16,
            "1시간거점역이름":"['강남', '역삼', '잠실', '판교', '여의도', '을지로입구', '을지로3가', '양재', '정자', '평촌', '가산디지털단지', '왕십리', '홍대입구', '구로디지털단지', '명동', '서현']",
            "3km이내백화점수":2,
            "5km이내아울렛몰수":2,
            "1km이내대형먀트수":4,
            "500m이내은행수":5,
            "500m이내병원수":0,
            "5km이내대형병원수":7,
            "500m이내공원수":4,
            "3km이내혐오시설수":0,
            "초등학교학업성취도":89.98,
            "중학교학업성취도":93.1,
            "용적률":799,
            "건폐율":34,
            "Y":37.511219,
            "X":127.093979,
            "rank":10.0,
            "area_info":"32평(107.56), 47평(156.65), 47평(157.03), 52평(174.54), 53평(176.48), 57평(190.05), 57평(190.05), 58평(191.93), 58평(192.57), 58평(193.6), 58평(193.13), 58평(194.68), 62평(206.87), 63평(208.8), 63평(209.27), 67평(224.21), 67평(224.39), 67평(224.39), 81평(269.87), 81평(269.87), 93평(310.7), 93평(310.7), 94평(311.72), 94평(311.72), 94평(311.73)",
            "last_sales":"2021-08-25,328000.0,67평(224.21)",
            "rank_history":[
                [
                    "202202",
                    10
                ],
                [
                    "202201",
                    11
                ]
            ],
            "rank_gap":1
        },
        {
            "index":478,
            "아파트명":"한신잠실코아",
            "투자타입":"재건축",
            "전용면적(m2)":"42.97",
            "전용면적(평)":"12평",
            "법정동주소":"서울시 송파구 신천동 11-9",
            "도로명주소":"서울시 송파구 올림픽로35가길 11",
            "세대수":50,
            "입주년차":"--",
            "용적률점수":0,
            "건폐율점수":80,
            "세대당주차수":"--",
            "난방방식":"--",
            "공급면적":50,
            "전용률":60,
            "욕실수":"--",
            "현관타입":"--",
            "주거총점":36.5,
            "지역구공급총점":0.0,
            "역세권":80,
            "30분내 이동가능 거점":100,
            "1시간내 이동가능 거점":100,
            "교통총점":90.0,
            "백화점":100,
            "아울렛몰":100,
            "대형마트":100,
            "은행":100,
            "병원":0,
            "종합병원":100,
            "공원":100,
            "혐오시설":0,
            "인프라총점":88.0,
            "초등학군":90.01,
            "중학군":57.82,
            "학군총점":64.258,
            "인구수":73.41,
            "인구증감":-8.64,
            "인구총점":48.795,
            "일자리":40.19,
            "소득수준":64.36,
            "일자리총점":47.441,
            "가치 총점":74.8387,
            "매매실거래년":20211221.0,
            "매매실거래가":105000.0,
            "전세실거래년":20211119.0,
            "전세실거래가":35000.0,
            "전세가율":42.22,
            "장기전세가율평균":57.02,
            "전세가율거품지수":14.8,
            "검색코드":393,
            "세대수":493.0,
            "준공년월":"1988-12-01",
            "준공년차":35.0,
            "가까운역이름":"잠실",
            "가까운역거리":373.04,
            "역세권여부":"역세권",
            "30분이내주요거점역":5,
            "30분거점역이름":"['강남', '역삼', '잠실', '양재', '왕십리']",
            "1시간이내주요거점역":16,
            "1시간거점역이름":"['강남', '역삼', '잠실', '판교', '여의도', '을지로입구', '을지로3가', '양재', '정자', '평촌', '가산디지털단지', '왕십리', '홍대입구', '구로디지털단지', '명동', '서현']",
            "3km이내백화점수":2,
            "5km이내아울렛몰수":2,
            "1km이내대형먀트수":4,
            "500m이내은행수":13,
            "500m이내병원수":0,
            "5km이내대형병원수":7,
            "500m이내공원수":5,
            "3km이내혐오시설수":0,
            "초등학교학업성취도":90.01,
            "중학교학업성취도":94.7,
            "용적률":390,
            "건폐율":29,
            "Y":37.516822,
            "X":127.10442,
            "rank":11.0,
            "area_info":"12평(42.97), 17평(59.5), 21평(72.72), 22평(76.03), 25평(85.95), 27평(92.56)",
            "last_sales":"2021-12-21,105000.0,17평(59.5)",
            "rank_history":[
                [
                    "202202",
                    11
                ],
                [
                    "202201",
                    12
                ]
            ],
            "rank_gap":1
        },
        {
            "index":328,
            "아파트명":"대림가락(방이대림)",
            "투자타입":"재건축",
            "전용면적(m2)":"101.94",
            "전용면적(평)":"30평",
            "법정동주소":"서울시 송파구 방이동 217",
            "도로명주소":"서울시 송파구 양재대로 1109",
            "세대수":50,
            "입주년차":"--",
            "용적률점수":80,
            "건폐율점수":0,
            "세대당주차수":"--",
            "난방방식":"--",
            "공급면적":90,
            "전용률":80,
            "욕실수":"--",
            "현관타입":"--",
            "주거총점":55.5,
            "지역구공급총점":0.0,
            "역세권":80,
            "30분내 이동가능 거점":80,
            "1시간내 이동가능 거점":100,
            "교통총점":84.0,
            "백화점":100,
            "아울렛몰":100,
            "대형마트":80,
            "은행":70,
            "병원":0,
            "종합병원":100,
            "공원":100,
            "혐오시설":0,
            "인프라총점":82.0,
            "초등학군":90.02,
            "중학군":53.8,
            "학군총점":61.044,
            "인구수":73.41,
            "인구증감":-8.64,
            "인구총점":48.795,
            "일자리":40.19,
            "소득수준":64.36,
            "일자리총점":47.441,
            "가치 총점":74.2566,
            "매매실거래년":20210725.0,
            "매매실거래가":167000.0,
            "전세실거래년":20220103.0,
            "전세실거래가":88000.0,
            "전세가율":52.69,
            "장기전세가율평균":57.02,
            "전세가율거품지수":4.33,
            "검색코드":611,
            "세대수":480.0,
            "준공년월":"1985-02-23",
            "준공년차":38.0,
            "가까운역이름":"방이",
            "가까운역거리":218.48,
            "역세권여부":"역세권",
            "30분이내주요거점역":4,
            "30분거점역이름":"['강남', '역삼', '잠실', '왕십리']",
            "1시간이내주요거점역":14,
            "1시간거점역이름":"['강남', '역삼', '잠실', '판교', '여의도', '을지로입구', '을지로3가', '양재', '정자', '왕십리', '홍대입구', '구로디지털단지', '명동', '서현']",
            "3km이내백화점수":2,
            "5km이내아울렛몰수":2,
            "1km이내대형먀트수":1,
            "500m이내은행수":4,
            "500m이내병원수":0,
            "5km이내대형병원수":6,
            "500m이내공원수":3,
            "3km이내혐오시설수":0,
            "초등학교학업성취도":90.02,
            "중학교학업성취도":87.4,
            "용적률":176,
            "건폐율":0,
            "Y":37.507431,
            "X":127.124429,
            "rank":12.0,
            "area_info":"30평(101.94), 43평(145.25), 53평(175.53)",
            "last_sales":"2021-07-25,167000.0,30평(101.94)",
            "rank_history":[
                [
                    "202202",
                    12
                ],
                [
                    "202201",
                    13
                ]
            ],
            "rank_gap":1
        },
        {
            "index":587,
            "아파트명":"아시아선수촌",
            "투자타입":"재건축",
            "전용면적(m2)":"124.77",
            "전용면적(평)":"37평",
            "법정동주소":"서울시 송파구 잠실동 86",
            "도로명주소":"서울시 송파구 올림픽로4길 15",
            "세대수":90,
            "입주년차":"--",
            "용적률점수":80,
            "건폐율점수":0,
            "세대당주차수":"--",
            "난방방식":"--",
            "공급면적":100,
            "전용률":80,
            "욕실수":"--",
            "현관타입":"--",
            "주거총점":68.0,
            "지역구공급총점":0.0,
            "역세권":80,
            "30분내 이동가능 거점":80,
            "1시간내 이동가능 거점":100,
            "교통총점":84.0,
            "백화점":100,
            "아울렛몰":80,
            "대형마트":0,
            "은행":100,
            "병원":0,
            "종합병원":100,
            "공원":100,
            "혐오시설":0,
            "인프라총점":71.0,
            "초등학군":89.98,
            "중학군":53.16,
            "학군총점":60.524,
            "인구수":73.41,
            "인구증감":-8.64,
            "인구총점":48.795,
            "일자리":40.19,
            "소득수준":64.36,
            "일자리총점":47.441,
            "가치 총점":73.3786,
            "매매실거래년":20210812.0,
            "매매실거래가":466000.0,
            "전세실거래년":20210707.0,
            "전세실거래가":92400.0,
            "전세가율":32.25,
            "장기전세가율평균":57.02,
            "전세가율거품지수":24.77,
            "검색코드":635,
            "세대수":1356.0,
            "준공년월":"1986-06-14",
            "준공년차":37.0,
            "가까운역이름":"종합운동장",
            "가까운역거리":438.75,
            "역세권여부":"역세권",
            "30분이내주요거점역":4,
            "30분거점역이름":"['강남', '역삼', '잠실', '양재']",
            "1시간이내주요거점역":16,
            "1시간거점역이름":"['강남', '역삼', '잠실', '판교', '여의도', '을지로입구', '을지로3가', '양재', '정자', '평촌', '가산디지털단지', '왕십리', '홍대입구', '구로디지털단지', '명동', '서현']",
            "3km이내백화점수":4,
            "5km이내아울렛몰수":1,
            "1km이내대형먀트수":0,
            "500m이내은행수":5,
            "500m이내병원수":0,
            "5km이내대형병원수":7,
            "500m이내공원수":3,
            "3km이내혐오시설수":0,
            "초등학교학업성취도":89.98,
            "중학교학업성취도":87.4,
            "용적률":152,
            "건폐율":0,
            "Y":37.507849,
            "X":127.076641,
            "rank":13.0,
            "area_info":"37평(124.77), 46평(154.14), 51평(168.84), 51평(171.64), 56평(185.58), 64평(213.36)",
            "last_sales":"2021-08-12,466000.0,64평(213.36)",
            "rank_history":[
                [
                    "202202",
                    13
                ],
                [
                    "202201",
                    10
                ]
            ],
            "rank_gap":-3
        },
        {
            "index":103,
            "아파트명":"헬리오시티",
            "투자타입":"일반",
            "전용면적(m2)":"61.37",
            "전용면적(평)":"18평",
            "법정동주소":"서울시 송파구 가락동 913",
            "도로명주소":"서울시 송파구 송파대로 345",
            "세대수":100,
            "입주년차":80,
            "용적률점수":"--",
            "건폐율점수":"--",
            "세대당주차수":60,
            "난방방식":100,
            "공급면적":"--",
            "전용률":"--",
            "욕실수":50,
            "현관타입":100,
            "주거총점":85.0,
            "지역구공급총점":0.0,
            "역세권":80,
            "30분내 이동가능 거점":40,
            "1시간내 이동가능 거점":100,
            "교통총점":72.0,
            "백화점":100,
            "아울렛몰":100,
            "대형마트":0,
            "은행":100,
            "병원":0,
            "종합병원":100,
            "공원":100,
            "혐오시설":0,
            "인프라총점":73.0,
            "초등학군":90.01,
            "중학군":49.52,
            "학군총점":57.618,
            "인구수":73.41,
            "인구증감":-8.64,
            "인구총점":48.795,
            "일자리":40.19,
            "소득수준":64.36,
            "일자리총점":47.441,
            "가치 총점":72.7427,
            "매매실거래년":20211215.0,
            "매매실거래가":222500.0,
            "전세실거래년":20220118.0,
            "전세실거래가":46305.0,
            "전세가율":37.04,
            "장기전세가율평균":57.02,
            "전세가율거품지수":19.98,
            "검색코드":111515,
            "세대수":9510.0,
            "준공년월":"2018-12-28",
            "준공년차":5.0,
            "가까운역이름":"송파",
            "가까운역거리":491.37,
            "역세권여부":"역세권",
            "30분이내주요거점역":2,
            "30분거점역이름":"['역삼', '잠실']",
            "1시간이내주요거점역":15,
            "1시간거점역이름":"['강남', '역삼', '잠실', '판교', '여의도', '을지로입구', '을지로3가', '양재', '정자', '평촌', '왕십리', '홍대입구', '구로디지털단지', '명동', '서현']",
            "3km이내백화점수":2,
            "5km이내아울렛몰수":2,
            "1km이내대형먀트수":0,
            "500m이내은행수":5,
            "500m이내병원수":0,
            "5km이내대형병원수":5,
            "500m이내공원수":3,
            "3km이내혐오시설수":0,
            "초등학교학업성취도":90.01,
            "중학교학업성취도":81.2,
            "용적률":285,
            "건폐율":19,
            "Y":37.497624,
            "X":127.107268,
            "rank":14.0,
            "area_info":"18평(61.37), 18평(61.52), 18평(61.44), 18평(62.46), 22평(72.91), 21평(72.52), 21평(72.62), 21평(72.46), 25평(84.1), 32평(107.97), 32평(107.66), 32평(107.66), 32평(107.66), 32평(108.43), 32평(108.43), 32평(108.01), 32평(108.72), 32평(108.71), 33평(109.73), 33평(109.76), 33평(110.1), 33평(110.17), 38평(126.35), 42평(140.26), 42평(141.08), 49평(163.91), 58평(193.96), 58평(193.02), 58평(193.06), 58평(194.2)",
            "last_sales":"2021-12-15,222500.0,33평(110.17)",
            "rank_history":[
                [
                    "202202",
                    14
                ],
                [
                    "202201",
                    15
                ]
            ],
            "rank_gap":1
        },
        {
            "index":72,
            "아파트명":"송파롯데캐슬파인힐",
            "투자타입":"일반",
            "전용면적(m2)":"207.97",
            "전용면적(평)":"62평",
            "법정동주소":"서울시 송파구 가락동 79",
            "도로명주소":"서울시 송파구 중대로 121",
            "세대수":0,
            "입주년차":20,
            "용적률점수":"--",
            "건폐율점수":"--",
            "세대당주차수":100,
            "난방방식":100,
            "공급면적":"--",
            "전용률":"--",
            "욕실수":100,
            "현관타입":100,
            "주거총점":49.0,
            "지역구공급총점":0.0,
            "역세권":80,
            "30분내 이동가능 거점":60,
            "1시간내 이동가능 거점":100,
            "교통총점":78.0,
            "백화점":100,
            "아울렛몰":100,
            "대형마트":80,
            "은행":100,
            "병원":0,
            "종합병원":100,
            "공원":100,
            "혐오시설":0,
            "인프라총점":85.0,
            "초등학군":89.96,
            "중학군":54.52,
            "학군총점":61.608,
            "인구수":73.41,
            "인구증감":-8.64,
            "인구총점":48.795,
            "일자리":40.19,
            "소득수준":64.36,
            "일자리총점":47.441,
            "가치 총점":71.8412,
            "매매실거래년":20211006.0,
            "매매실거래가":140000.0,
            "전세실거래년":20210604.0,
            "전세실거래가":84000.0,
            "전세가율":54.37,
            "장기전세가율평균":57.02,
            "전세가율거품지수":2.65,
            "검색코드":3427,
            "세대수":102.0,
            "준공년월":"2003-12-20",
            "준공년차":20.0,
            "가까운역이름":"경찰병원",
            "가까운역거리":325.82,
            "역세권여부":"역세권",
            "30분이내주요거점역":3,
            "30분거점역이름":"['역삼', '잠실', '양재']",
            "1시간이내주요거점역":14,
            "1시간거점역이름":"['강남', '역삼', '잠실', '판교', '여의도', '을지로입구', '을지로3가', '양재', '정자', '평촌', '왕십리', '구로디지털단지', '명동', '서현']",
            "3km이내백화점수":2,
            "5km이내아울렛몰수":2,
            "1km이내대형먀트수":1,
            "500m이내은행수":8,
            "500m이내병원수":0,
            "5km이내대형병원수":5,
            "500m이내공원수":6,
            "3km이내혐오시설수":0,
            "초등학교학업성취도":89.96,
            "중학교학업성취도":88.4,
            "용적률":915,
            "건폐율":58,
            "Y":37.494387,
            "X":127.121391,
            "rank":15.0,
            "area_info":"62평(207.97), 69평(229.18), 69평(229.37), 97평(323.01), 101평(334.86)",
            "last_sales":"2021-10-06,140000.0,69평(229.18)",
            "rank_history":[
                [
                    "202202",
                    15
                ],
                [
                    "202201",
                    16
                ]
            ],
            "rank_gap":1
        },
        {
            "index":0,
            "아파트명":"가락금호",
            "투자타입":"일반",
            "전용면적(m2)":"80.77",
            "전용면적(평)":"24평",
            "법정동주소":"서울시 송파구 가락동 95-1",
            "도로명주소":"서울시 송파구 송파대로32길 15",
            "세대수":90,
            "입주년차":0,
            "용적률점수":"--",
            "건폐율점수":"--",
            "세대당주차수":0,
            "난방방식":100,
            "공급면적":"--",
            "전용률":"--",
            "욕실수":100,
            "현관타입":10,
            "주거총점":52.5,
            "지역구공급총점":0.0,
            "역세권":80,
            "30분내 이동가능 거점":60,
            "1시간내 이동가능 거점":100,
            "교통총점":78.0,
            "백화점":100,
            "아울렛몰":100,
            "대형마트":80,
            "은행":70,
            "병원":0,
            "종합병원":100,
            "공원":100,
            "혐오시설":0,
            "인프라총점":82.0,
            "초등학군":89.99,
            "중학군":49.52,
            "학군총점":57.614,
            "인구수":73.41,
            "인구증감":-8.64,
            "인구총점":48.795,
            "일자리":40.19,
            "소득수준":64.36,
            "일자리총점":47.441,
            "가치 총점":71.0421,
            "매매실거래년":20210916.0,
            "매매실거래가":161500.0,
            "전세실거래년":20211114.0,
            "전세실거래가":43000.0,
            "전세가율":33.86,
            "장기전세가율평균":57.02,
            "전세가율거품지수":23.16,
            "검색코드":594,
            "세대수":915.0,
            "준공년월":"1997-08-11",
            "준공년차":26.0,
            "가까운역이름":"송파",
            "가까운역거리":486.68,
            "역세권여부":"역세권",
            "30분이내주요거점역":3,
            "30분거점역이름":"['역삼', '잠실', '양재']",
            "1시간이내주요거점역":14,
            "1시간거점역이름":"['강남', '역삼', '잠실', '판교', '여의도', '을지로입구', '을지로3가', '양재', '정자', '평촌', '왕십리', '구로디지털단지', '명동', '서현']",
            "3km이내백화점수":2,
            "5km이내아울렛몰수":2,
            "1km이내대형먀트수":1,
            "500m이내은행수":4,
            "500m이내병원수":0,
            "5km이내대형병원수":5,
            "500m이내공원수":3,
            "3km이내혐오시설수":0,
            "초등학교학업성취도":89.99,
            "중학교학업성취도":81.2,
            "용적률":397,
            "건폐율":22,
            "Y":37.496709,
            "X":127.116207,
            "rank":16.0,
            "area_info":"24평(80.77), 24평(81.11), 24평(81.11), 32평(107.98), 32평(108.14)",
            "last_sales":"2021-09-16,161500.0,32평(108.14)",
            "rank_history":[
                [
                    "202202",
                    16
                ],
                [
                    "202201",
                    18
                ]
            ],
            "rank_gap":2
        },
        {
            "index":77,
            "아파트명":"송파성원상떼빌",
            "투자타입":"일반",
            "전용면적(m2)":"113.32",
            "전용면적(평)":"34평",
            "법정동주소":"서울시 송파구 가락동 80",
            "도로명주소":"서울시 송파구 송파대로28길 27",
            "세대수":30,
            "입주년차":40,
            "용적률점수":"--",
            "건폐율점수":"--",
            "세대당주차수":60,
            "난방방식":30,
            "공급면적":"--",
            "전용률":"--",
            "욕실수":100,
            "현관타입":100,
            "주거총점":50.5,
            "지역구공급총점":0.0,
            "역세권":80,
            "30분내 이동가능 거점":40,
            "1시간내 이동가능 거점":100,
            "교통총점":72.0,
            "백화점":100,
            "아울렛몰":100,
            "대형마트":80,
            "은행":100,
            "병원":0,
            "종합병원":100,
            "공원":100,
            "혐오시설":0,
            "인프라총점":85.0,
            "초등학군":89.96,
            "중학군":54.52,
            "학군총점":61.608,
            "인구수":73.41,
            "인구증감":-8.64,
            "인구총점":48.795,
            "일자리":40.19,
            "소득수준":64.36,
            "일자리총점":47.441,
            "가치 총점":70.0412,
            "매매실거래년":20211109.0,
            "매매실거래가":149500.0,
            "전세실거래년":20201127.0,
            "전세실거래가":69000.0,
            "전세가율":69.7,
            "장기전세가율평균":57.02,
            "전세가율거품지수":-12.68,
            "검색코드":12948,
            "세대수":324.0,
            "준공년월":"2006-06-09",
            "준공년차":17.0,
            "가까운역이름":"가락시장",
            "가까운역거리":338.16,
            "역세권여부":"역세권",
            "30분이내주요거점역":2,
            "30분거점역이름":"['잠실', '양재']",
            "1시간이내주요거점역":15,
            "1시간거점역이름":"['강남', '역삼', '잠실', '판교', '여의도', '을지로입구', '을지로3가', '양재', '정자', '평촌', '왕십리', '홍대입구', '구로디지털단지', '명동', '서현']",
            "3km이내백화점수":2,
            "5km이내아울렛몰수":2,
            "1km이내대형먀트수":1,
            "500m이내은행수":8,
            "500m이내병원수":0,
            "5km이내대형병원수":5,
            "500m이내공원수":6,
            "3km이내혐오시설수":0,
            "초등학교학업성취도":89.96,
            "중학교학업성취도":88.4,
            "용적률":545,
            "건폐율":57,
            "Y":37.495037,
            "X":127.120389,
            "rank":17.0,
            "area_info":"34평(113.32), 37평(124.44), 37평(124.45), 38평(126.84), 39평(129.88), 39평(131.17), 41평(135.74), 41평(135.68), 42평(140.23), 44평(146.38), 44평(148.49), 45평(151.8), 48평(160.81), 51평(170.22), 53평(176.38), 55평(181.87), 55평(182.06)",
            "last_sales":"2021-11-09,149500.0,51평(170.22)",
            "rank_history":[
                [
                    "202202",
                    17
                ],
                [
                    "202201",
                    22
                ]
            ],
            "rank_gap":5
        },
        {
            "index":40,
            "아파트명":"가락현대6차",
            "투자타입":"재건축",
            "전용면적(m2)":"100.59",
            "전용면적(평)":"30평",
            "법정동주소":"서울시 송파구 가락동 55",
            "도로명주소":"서울시 송파구 송이로19길 8",
            "세대수":0,
            "입주년차":"--",
            "용적률점수":80,
            "건폐율점수":80,
            "세대당주차수":"--",
            "난방방식":"--",
            "공급면적":90,
            "전용률":80,
            "욕실수":"--",
            "현관타입":"--",
            "주거총점":56.5,
            "지역구공급총점":0.0,
            "역세권":80,
            "30분내 이동가능 거점":40,
            "1시간내 이동가능 거점":100,
            "교통총점":72.0,
            "백화점":100,
            "아울렛몰":100,
            "대형마트":80,
            "은행":70,
            "병원":0,
            "종합병원":100,
            "공원":100,
            "혐오시설":0,
            "인프라총점":82.0,
            "초등학군":89.99,
            "중학군":51.12,
            "학군총점":58.894,
            "인구수":73.41,
            "인구증감":-8.64,
            "인구총점":48.795,
            "일자리":40.19,
            "소득수준":64.36,
            "일자리총점":47.441,
            "가치 총점":69.9341,
            "매매실거래년":20211108.0,
            "매매실거래가":126000.0,
            "전세실거래년":20220125.0,
            "전세실거래가":52000.0,
            "전세가율":41.27,
            "장기전세가율평균":57.02,
            "전세가율거품지수":15.75,
            "검색코드":603,
            "세대수":160.0,
            "준공년월":"1991-12-14",
            "준공년차":32.0,
            "가까운역이름":"경찰병원",
            "가까운역거리":259.35,
            "역세권여부":"역세권",
            "30분이내주요거점역":2,
            "30분거점역이름":"['잠실', '양재']",
            "1시간이내주요거점역":14,
            "1시간거점역이름":"['강남', '역삼', '잠실', '판교', '여의도', '을지로입구', '을지로3가', '양재', '정자', '평촌', '왕십리', '구로디지털단지', '명동', '서현']",
            "3km이내백화점수":2,
            "5km이내아울렛몰수":2,
            "1km이내대형먀트수":1,
            "500m이내은행수":4,
            "500m이내병원수":0,
            "5km이내대형병원수":5,
            "500m이내공원수":8,
            "3km이내혐오시설수":0,
            "초등학교학업성취도":89.99,
            "중학교학업성취도":83.0,
            "용적률":203,
            "건폐율":22,
            "Y":37.497676,
            "X":127.122608,
            "rank":18.0,
            "area_info":"30평(100.59)",
            "last_sales":"2021-11-08,126000.0,30평(100.59)",
            "rank_history":[
                [
                    "202202",
                    18
                ],
                [
                    "202201",
                    23
                ]
            ],
            "rank_gap":5
        },
        {
            "index":366,
            "아파트명":"코오롱",
            "투자타입":"재건축",
            "전용면적(m2)":"80.81",
            "전용면적(평)":"24평",
            "법정동주소":"서울시 송파구 방이동 212-8",
            "도로명주소":"서울시 송파구 오금로31길 28",
            "세대수":80,
            "입주년차":"--",
            "용적률점수":60,
            "건폐율점수":0,
            "세대당주차수":"--",
            "난방방식":"--",
            "공급면적":50,
            "전용률":60,
            "욕실수":"--",
            "현관타입":"--",
            "주거총점":53.5,
            "지역구공급총점":0.0,
            "역세권":80,
            "30분내 이동가능 거점":40,
            "1시간내 이동가능 거점":100,
            "교통총점":72.0,
            "백화점":100,
            "아울렛몰":100,
            "대형마트":80,
            "은행":70,
            "병원":0,
            "종합병원":100,
            "공원":100,
            "혐오시설":0,
            "인프라총점":82.0,
            "초등학군":90.02,
            "중학군":53.8,
            "학군총점":61.044,
            "인구수":73.41,
            "인구증감":-8.64,
            "인구총점":48.795,
            "일자리":40.19,
            "소득수준":64.36,
            "일자리총점":47.441,
            "가치 총점":69.6566,
            "매매실거래년":20211030.0,
            "매매실거래가":159000.0,
            "전세실거래년":null,
            "전세실거래가":null,
            "전세가율":null,
            "장기전세가율평균":57.02,
            "전세가율거품지수":null,
            "검색코드":612,
            "세대수":758.0,
            "준공년월":"1991-10-18",
            "준공년차":32.0,
            "가까운역이름":"방이",
            "가까운역거리":267.53,
            "역세권여부":"역세권",
            "30분이내주요거점역":2,
            "30분거점역이름":"['잠실', '왕십리']",
            "1시간이내주요거점역":14,
            "1시간거점역이름":"['강남', '역삼', '잠실', '판교', '여의도', '을지로입구', '을지로3가', '양재', '정자', '왕십리', '홍대입구', '구로디지털단지', '명동', '서현']",
            "3km이내백화점수":2,
            "5km이내아울렛몰수":2,
            "1km이내대형먀트수":1,
            "500m이내은행수":3,
            "500m이내병원수":0,
            "5km이내대형병원수":6,
            "500m이내공원수":4,
            "3km이내혐오시설수":0,
            "초등학교학업성취도":90.02,
            "중학교학업성취도":87.4,
            "용적률":248,
            "건폐율":0,
            "Y":37.508844,
            "X":127.1231,
            "rank":19.0,
            "area_info":"24평(80.81), 32평(108.31)",
            "last_sales":"2021-10-30,159000.0,32평(108.31)",
            "rank_history":[
                [
                    "202202",
                    19
                ],
                [
                    "202201",
                    20
                ]
            ],
            "rank_gap":1
        },
        {
            "index":345,
            "아파트명":"신구블레스밸리",
            "투자타입":"일반",
            "전용면적(m2)":"142.27",
            "전용면적(평)":"43평",
            "법정동주소":"서울시 송파구 방이동 197",
            "도로명주소":"서울시 송파구 위례성대로12길 25",
            "세대수":0,
            "입주년차":40,
            "용적률점수":"--",
            "건폐율점수":"--",
            "세대당주차수":80,
            "난방방식":30,
            "공급면적":"--",
            "전용률":"--",
            "욕실수":100,
            "현관타입":100,
            "주거총점":43.0,
            "지역구공급총점":0.0,
            "역세권":80,
            "30분내 이동가능 거점":60,
            "1시간내 이동가능 거점":100,
            "교통총점":78.0,
            "백화점":100,
            "아울렛몰":100,
            "대형마트":80,
            "은행":70,
            "병원":0,
            "종합병원":100,
            "공원":100,
            "혐오시설":0,
            "인프라총점":82.0,
            "초등학군":90.02,
            "중학군":53.8,
            "학군총점":61.044,
            "인구수":73.41,
            "인구증감":-8.64,
            "인구총점":48.795,
            "일자리":40.19,
            "소득수준":64.36,
            "일자리총점":47.441,
            "가치 총점":69.6566,
            "매매실거래년":20220107.0,
            "매매실거래가":168000.0,
            "전세실거래년":20210907.0,
            "전세실거래가":72200.0,
            "전세가율":55.54,
            "장기전세가율평균":57.02,
            "전세가율거품지수":1.48,
            "검색코드":10860,
            "세대수":104.0,
            "준공년월":"2004-05-20",
            "준공년차":19.0,
            "가까운역이름":"방이",
            "가까운역거리":447.02,
            "역세권여부":"역세권",
            "30분이내주요거점역":3,
            "30분거점역이름":"['강남', '역삼', '잠실']",
            "1시간이내주요거점역":14,
            "1시간거점역이름":"['강남', '역삼', '잠실', '판교', '여의도', '을지로입구', '을지로3가', '양재', '정자', '평촌', '왕십리', '구로디지털단지', '명동', '서현']",
            "3km이내백화점수":2,
            "5km이내아울렛몰수":2,
            "1km이내대형먀트수":1,
            "500m이내은행수":3,
            "500m이내병원수":0,
            "5km이내대형병원수":6,
            "500m이내공원수":4,
            "3km이내혐오시설수":0,
            "초등학교학업성취도":90.02,
            "중학교학업성취도":87.4,
            "용적률":199,
            "건폐율":22,
            "Y":37.511487,
            "X":127.1223,
            "rank":19.0,
            "area_info":"43평(142.27), 53평(177.06)",
            "last_sales":"2022-01-07,168000.0,53평(177.06)",
            "rank_history":[
                [
                    "202202",
                    19
                ],
                [
                    "202201",
                    20
                ]
            ],
            "rank_gap":1
        },
        {
            "index":522,
            "아파트명":"올림픽파크센트레빌",
            "투자타입":"일반",
            "전용면적(m2)":"109.43",
            "전용면적(평)":"33평",
            "법정동주소":"서울시 송파구 오금동 615",
            "도로명주소":"서울시 송파구 양재대로72길 5",
            "세대수":0,
            "입주년차":60,
            "용적률점수":"--",
            "건폐율점수":"--",
            "세대당주차수":60,
            "난방방식":30,
            "공급면적":"--",
            "전용률":"--",
            "욕실수":100,
            "현관타입":100,
            "주거총점":44.0,
            "지역구공급총점":0.0,
            "역세권":80,
            "30분내 이동가능 거점":60,
            "1시간내 이동가능 거점":100,
            "교통총점":78.0,
            "백화점":100,
            "아울렛몰":100,
            "대형마트":80,
            "은행":70,
            "병원":0,
            "종합병원":100,
            "공원":100,
            "혐오시설":0,
            "인프라총점":82.0,
            "초등학군":89.98,
            "중학군":50.32,
            "학군총점":58.252,
            "인구수":73.41,
            "인구증감":-8.64,
            "인구총점":48.795,
            "일자리":40.19,
            "소득수준":64.36,
            "일자리총점":47.441,
            "가치 총점":69.4378,
            "매매실거래년":20211221.0,
            "매매실거래가":145000.0,
            "전세실거래년":20211228.0,
            "전세실거래가":81000.0,
            "전세가율":54.0,
            "장기전세가율평균":57.02,
            "전세가율거품지수":3.02,
            "검색코드":26300,
            "세대수":121.0,
            "준공년월":"2009-01-29",
            "준공년차":14.0,
            "가까운역이름":"방이",
            "가까운역거리":206.36,
            "역세권여부":"역세권",
            "30분이내주요거점역":3,
            "30분거점역이름":"['역삼', '잠실', '왕십리']",
            "1시간이내주요거점역":15,
            "1시간거점역이름":"['강남', '역삼', '잠실', '판교', '여의도', '을지로입구', '을지로3가', '양재', '정자', '평촌', '왕십리', '홍대입구', '구로디지털단지', '명동', '서현']",
            "3km이내백화점수":2,
            "5km이내아울렛몰수":2,
            "1km이내대형먀트수":1,
            "500m이내은행수":3,
            "500m이내병원수":0,
            "5km이내대형병원수":6,
            "500m이내공원수":5,
            "3km이내혐오시설수":0,
            "초등학교학업성취도":89.98,
            "중학교학업성취도":81.8,
            "용적률":438,
            "건폐율":54,
            "Y":37.510327,
            "X":127.127561,
            "rank":20.0,
            "area_info":"33평(109.43), 33평(109.94), 33평(110.86), 33평(110.68), 33평(110.12), 33평(111.73)",
            "last_sales":"2021-12-21,145000.0,33평(110.86)",
            "rank_history":[
                [
                    "202202",
                    20
                ],
                [
                    "202201",
                    21
                ]
            ],
            "rank_gap":1
        },
        {
            "index":310,
            "아파트명":"올림픽훼밀리타운",
            "투자타입":"재건축",
            "전용면적(m2)":"103.12",
            "전용면적(평)":"31평",
            "법정동주소":"서울시 송파구 문정동 150",
            "도로명주소":"서울시 송파구 중대로 24",
            "세대수":100,
            "입주년차":"--",
            "용적률점수":80,
            "건폐율점수":0,
            "세대당주차수":"--",
            "난방방식":"--",
            "공급면적":90,
            "전용률":80,
            "욕실수":"--",
            "현관타입":"--",
            "주거총점":70.5,
            "지역구공급총점":0.0,
            "역세권":50,
            "30분내 이동가능 거점":40,
            "1시간내 이동가능 거점":100,
            "교통총점":57.0,
            "백화점":100,
            "아울렛몰":100,
            "대형마트":100,
            "은행":70,
            "병원":0,
            "종합병원":100,
            "공원":100,
            "혐오시설":0,
            "인프라총점":85.0,
            "초등학군":89.98,
            "중학군":54.52,
            "학군총점":61.612,
            "인구수":73.41,
            "인구증감":-8.64,
            "인구총점":48.795,
            "일자리":40.19,
            "소득수준":64.36,
            "일자리총점":47.441,
            "가치 총점":68.7918,
            "매매실거래년":20220111.0,
            "매매실거래가":193500.0,
            "전세실거래년":20220115.0,
            "전세실거래가":57330.0,
            "전세가율":29.63,
            "장기전세가율평균":57.02,
            "전세가율거품지수":27.39,
            "검색코드":610,
            "세대수":4494.0,
            "준공년월":"1988-12-21",
            "준공년차":35.0,
            "가까운역이름":"가락시장",
            "가까운역거리":518.8,
            "역세권여부":"준역세권",
            "30분이내주요거점역":2,
            "30분거점역이름":"['잠실', '양재']",
            "1시간이내주요거점역":13,
            "1시간거점역이름":"['강남', '역삼', '잠실', '판교', '여의도', '을지로3가', '양재', '정자', '왕십리', '홍대입구', '구로디지털단지', '명동', '서현']",
            "3km이내백화점수":1,
            "5km이내아울렛몰수":2,
            "1km이내대형먀트수":2,
            "500m이내은행수":4,
            "500m이내병원수":0,
            "5km이내대형병원수":3,
            "500m이내공원수":4,
            "3km이내혐오시설수":0,
            "초등학교학업성취도":89.98,
            "중학교학업성취도":88.4,
            "용적률":194,
            "건폐율":0,
            "Y":37.4886,
            "X":127.115049,
            "rank":21.0,
            "area_info":"31평(103.12), 31평(104.39), 41평(138.73), 48평(158.84), 55평(182.8), 66평(219.66)",
            "last_sales":"2022-01-11,193500.0,31평(103.12)",
            "rank_history":[
                [
                    "202202",
                    21
                ],
                [
                    "202201",
                    30
                ]
            ],
            "rank_gap":9
        },
        {
            "index":14,
            "아파트명":"가락동부센트레빌",
            "투자타입":"일반",
            "전용면적(m2)":"141.91",
            "전용면적(평)":"42평",
            "법정동주소":"서울시 송파구 가락동 95",
            "도로명주소":"서울시 송파구 송파대로32길 33",
            "세대수":0,
            "입주년차":20,
            "용적률점수":"--",
            "건폐율점수":"--",
            "세대당주차수":80,
            "난방방식":100,
            "공급면적":"--",
            "전용률":"--",
            "욕실수":100,
            "현관타입":50,
            "주거총점":41.0,
            "지역구공급총점":0.0,
            "역세권":80,
            "30분내 이동가능 거점":60,
            "1시간내 이동가능 거점":100,
            "교통총점":78.0,
            "백화점":100,
            "아울렛몰":100,
            "대형마트":80,
            "은행":70,
            "병원":0,
            "종합병원":100,
            "공원":100,
            "혐오시설":0,
            "인프라총점":82.0,
            "초등학군":89.99,
            "중학군":49.52,
            "학군총점":57.614,
            "인구수":73.41,
            "인구증감":-8.64,
            "인구총점":48.795,
            "일자리":40.19,
            "소득수준":64.36,
            "일자리총점":47.441,
            "가치 총점":68.7421,
            "매매실거래년":20210702.0,
            "매매실거래가":182000.0,
            "전세실거래년":20211211.0,
            "전세실거래가":73500.0,
            "전세가율":40.38,
            "장기전세가율평균":57.02,
            "전세가율거품지수":16.64,
            "검색코드":2997,
            "세대수":264.0,
            "준공년월":"2001-11-26",
            "준공년차":22.0,
            "가까운역이름":"송파",
            "가까운역거리":378.45,
            "역세권여부":"역세권",
            "30분이내주요거점역":3,
            "30분거점역이름":"['역삼', '잠실', '양재']",
            "1시간이내주요거점역":15,
            "1시간거점역이름":"['강남', '역삼', '잠실', '판교', '여의도', '을지로입구', '을지로3가', '양재', '정자', '평촌', '왕십리', '홍대입구', '구로디지털단지', '명동', '서현']",
            "3km이내백화점수":2,
            "5km이내아울렛몰수":2,
            "1km이내대형먀트수":1,
            "500m이내은행수":3,
            "500m이내병원수":0,
            "5km이내대형병원수":5,
            "500m이내공원수":4,
            "3km이내혐오시설수":0,
            "초등학교학업성취도":89.99,
            "중학교학업성취도":81.2,
            "용적률":299,
            "건폐율":19,
            "Y":37.497986,
            "X":127.115887,
            "rank":22.0,
            "area_info":"42평(141.91), 51평(170.81)",
            "last_sales":"2021-07-02,182000.0,42평(141.91)",
            "rank_history":[
                [
                    "202202",
                    22
                ],
                [
                    "202201",
                    29
                ]
            ],
            "rank_gap":7
        },
        {
            "index":27,
            "아파트명":"가락우성1차",
            "투자타입":"재건축",
            "전용면적(m2)":"62.51",
            "전용면적(평)":"18평",
            "법정동주소":"서울시 송파구 가락동 96-1",
            "도로명주소":"서울시 송파구 송파대로32길 8",
            "세대수":80,
            "입주년차":"--",
            "용적률점수":80,
            "건폐율점수":0,
            "세대당주차수":"--",
            "난방방식":"--",
            "공급면적":50,
            "전용률":60,
            "욕실수":"--",
            "현관타입":"--",
            "주거총점":61.5,
            "지역구공급총점":0.0,
            "역세권":50,
            "30분내 이동가능 거점":60,
            "1시간내 이동가능 거점":100,
            "교통총점":63.0,
            "백화점":100,
            "아울렛몰":100,
            "대형마트":80,
            "은행":100,
            "병원":0,
            "종합병원":100,
            "공원":100,
            "혐오시설":0,
            "인프라총점":85.0,
            "초등학군":89.99,
            "중학군":51.12,
            "학군총점":58.894,
            "인구수":73.41,
            "인구증감":-8.64,
            "인구총점":48.795,
            "일자리":40.19,
            "소득수준":64.36,
            "일자리총점":47.441,
            "가치 총점":68.6841,
            "매매실거래년":20220104.0,
            "매매실거래가":110500.0,
            "전세실거래년":20220122.0,
            "전세실거래가":31500.0,
            "전세가율":28.51,
            "장기전세가율평균":57.02,
            "전세가율거품지수":28.51,
            "검색코드":348,
            "세대수":838.0,
            "준공년월":"1986-12-06",
            "준공년차":37.0,
            "가까운역이름":"가락시장",
            "가까운역거리":523.79,
            "역세권여부":"준역세권",
            "30분이내주요거점역":3,
            "30분거점역이름":"['역삼', '잠실', '양재']",
            "1시간이내주요거점역":15,
            "1시간거점역이름":"['강남', '역삼', '잠실', '판교', '여의도', '을지로입구', '을지로3가', '양재', '정자', '평촌', '왕십리', '홍대입구', '구로디지털단지', '명동', '서현']",
            "3km이내백화점수":2,
            "5km이내아울렛몰수":2,
            "1km이내대형먀트수":1,
            "500m이내은행수":6,
            "500m이내병원수":0,
            "5km이내대형병원수":5,
            "500m이내공원수":4,
            "3km이내혐오시설수":0,
            "초등학교학업성취도":89.99,
            "중학교학업성취도":83.0,
            "용적률":210,
            "건폐율":0,
            "Y":37.497206,
            "X":127.117604,
            "rank":23.0,
            "area_info":"18평(62.51), 23평(78.82), 38평(128.41), 44평(147.1)",
            "last_sales":"2022-01-04,110500.0,18평(62.51)",
            "rank_history":[
                [
                    "202202",
                    23
                ],
                [
                    "202201",
                    25
                ]
            ],
            "rank_gap":2
        },
        {
            "index":593,
            "아파트명":"우성1,2,3차",
            "투자타입":"재건축",
            "전용면적(m2)":"86.13",
            "전용면적(평)":"26평",
            "법정동주소":"서울시 송파구 잠실동 101-1",
            "도로명주소":"서울시 송파구 올림픽로4길 42",
            "세대수":100,
            "입주년차":"--",
            "용적률점수":0,
            "건폐율점수":0,
            "세대당주차수":"--",
            "난방방식":"--",
            "공급면적":70,
            "전용률":100,
            "욕실수":"--",
            "현관타입":"--",
            "주거총점":38.5,
            "지역구공급총점":0.0,
            "역세권":80,
            "30분내 이동가능 거점":100,
            "1시간내 이동가능 거점":100,
            "교통총점":90.0,
            "백화점":100,
            "아울렛몰":80,
            "대형마트":0,
            "은행":100,
            "병원":0,
            "종합병원":100,
            "공원":0,
            "혐오시설":0,
            "인프라총점":68.0,
            "초등학군":89.98,
            "중학군":53.16,
            "학군총점":60.524,
            "인구수":73.41,
            "인구증감":-8.64,
            "인구총점":48.795,
            "일자리":40.19,
            "소득수준":64.36,
            "일자리총점":47.441,
            "가치 총점":68.6786,
            "매매실거래년":20210828.0,
            "매매실거래가":230000.0,
            "전세실거래년":20220114.0,
            "전세실거래가":48300.0,
            "전세가율":26.83,
            "장기전세가율평균":57.02,
            "전세가율거품지수":30.19,
            "검색코드":12861,
            "세대수":1842.0,
            "준공년월":"1981-12-08",
            "준공년차":42.0,
            "가까운역이름":"종합운동장",
            "가까운역거리":483.46,
            "역세권여부":"역세권",
            "30분이내주요거점역":5,
            "30분거점역이름":"['강남', '역삼', '잠실', '양재', '왕십리']",
            "1시간이내주요거점역":16,
            "1시간거점역이름":"['강남', '역삼', '잠실', '판교', '여의도', '을지로입구', '을지로3가', '양재', '정자', '평촌', '가산디지털단지', '왕십리', '홍대입구', '구로디지털단지', '명동', '서현']",
            "3km이내백화점수":4,
            "5km이내아울렛몰수":1,
            "1km이내대형먀트수":0,
            "500m이내은행수":5,
            "500m이내병원수":0,
            "5km이내대형병원수":7,
            "500m이내공원수":0,
            "3km이내혐오시설수":0,
            "초등학교학업성취도":89.98,
            "중학교학업성취도":87.4,
            "용적률":0,
            "건폐율":0,
            "Y":37.506685,
            "X":127.07294,
            "rank":24.0,
            "area_info":"26평(86.13), 26평(86.09), 26평(86.56), 26평(86.46), 26평(87.93), 26평(88.43), 31평(102.65), 31평(102.75), 31평(104.6), 31평(104.6), 42평(141.57), 43평(144.85), 52평(173.63)",
            "last_sales":"2021-08-28,230000.0,31평(104.6)",
            "rank_history":[
                [
                    "202202",
                    24
                ],
                [
                    "202201",
                    19
                ]
            ],
            "rank_gap":-5
        },
        {
            "index":55,
            "아파트명":"송파가락두산위브센티움",
            "투자타입":"일반",
            "전용면적(m2)":"35.68",
            "전용면적(평)":"10평",
            "법정동주소":"서울시 송파구 가락동 98",
            "도로명주소":"서울시 송파구 송파대로30길 16",
            "세대수":0,
            "입주년차":40,
            "용적률점수":"--",
            "건폐율점수":"--",
            "세대당주차수":0,
            "난방방식":80,
            "공급면적":"--",
            "전용률":"--",
            "욕실수":50,
            "현관타입":100,
            "주거총점":31.0,
            "지역구공급총점":0.0,
            "역세권":80,
            "30분내 이동가능 거점":60,
            "1시간내 이동가능 거점":100,
            "교통총점":78.0,
            "백화점":100,
            "아울렛몰":100,
            "대형마트":80,
            "은행":100,
            "병원":0,
            "종합병원":100,
            "공원":100,
            "혐오시설":0,
            "인프라총점":85.0,
            "초등학군":89.96,
            "중학군":54.52,
            "학군총점":61.608,
            "인구수":73.41,
            "인구증감":-8.64,
            "인구총점":48.795,
            "일자리":40.19,
            "소득수준":64.36,
            "일자리총점":47.441,
            "가치 총점":68.2412,
            "매매실거래년":20211005.0,
            "매매실거래가":25900.0,
            "전세실거래년":20210522.0,
            "전세실거래가":14000.0,
            "전세가율":93.33,
            "장기전세가율평균":57.02,
            "전세가율거품지수":-36.31,
            "검색코드":12235,
            "세대수":113.0,
            "준공년월":"2004-03-29",
            "준공년차":19.0,
            "가까운역이름":"가락시장",
            "가까운역거리":238.87,
            "역세권여부":"역세권",
            "30분이내주요거점역":3,
            "30분거점역이름":"['역삼', '잠실', '양재']",
            "1시간이내주요거점역":14,
            "1시간거점역이름":"['강남', '역삼', '잠실', '판교', '여의도', '을지로입구', '을지로3가', '양재', '정자', '평촌', '왕십리', '구로디지털단지', '명동', '서현']",
            "3km이내백화점수":2,
            "5km이내아울렛몰수":2,
            "1km이내대형먀트수":1,
            "500m이내은행수":8,
            "500m이내병원수":0,
            "5km이내대형병원수":5,
            "500m이내공원수":4,
            "3km이내혐오시설수":0,
            "초등학교학업성취도":89.96,
            "중학교학업성취도":88.4,
            "용적률":673,
            "건폐율":59,
            "Y":37.494559,
            "X":127.119094,
            "rank":25.0,
            "area_info":"10평(35.68), 11평(37.2), 11평(38.17), 11평(39.66), 12평(40.66), 13평(43.44), 13평(43.01), 13평(44.15), 14평(46.81), 14평(47.14), 14평(48.42), 16평(53.82), 17평(56.4), 17평(57.68), 18평(60.66), 18평(61.38)",
            "last_sales":"2021-10-05,25900.0,14평(47.14)",
            "rank_history":[
                [
                    "202202",
                    25
                ],
                [
                    "202201",
                    27
                ]
            ],
            "rank_gap":2
        },
        {
            "index":876,
            "아파트명":"풍납현대",
            "투자타입":"일반",
            "전용면적(m2)":"88.59",
            "전용면적(평)":"26평",
            "법정동주소":"서울시 송파구 풍납동 413-1",
            "도로명주소":"서울시 송파구 올림픽로 525",
            "세대수":80,
            "입주년차":0,
            "용적률점수":"--",
            "건폐율점수":"--",
            "세대당주차수":0,
            "난방방식":100,
            "공급면적":"--",
            "전용률":"--",
            "욕실수":50,
            "현관타입":100,
            "주거총점":53.0,
            "지역구공급총점":0.0,
            "역세권":80,
            "30분내 이동가능 거점":80,
            "1시간내 이동가능 거점":100,
            "교통총점":84.0,
            "백화점":100,
            "아울렛몰":80,
            "대형마트":0,
            "은행":70,
            "병원":0,
            "종합병원":100,
            "공원":0,
            "혐오시설":0,
            "인프라총점":65.0,
            "초등학군":89.96,
            "중학군":48.0,
            "학군총점":56.392,
            "인구수":73.41,
            "인구증감":-8.64,
            "인구총점":48.795,
            "일자리":40.19,
            "소득수준":64.36,
            "일자리총점":47.441,
            "가치 총점":67.9588,
            "매매실거래년":20211221.0,
            "매매실거래가":95000.0,
            "전세실거래년":20210814.0,
            "전세실거래가":47250.0,
            "전세가율":49.74,
            "장기전세가율평균":57.02,
            "전세가율거품지수":7.28,
            "검색코드":649,
            "세대수":708.0,
            "준공년월":"1995-11-14",
            "준공년차":28.0,
            "가까운역이름":"강동구청",
            "가까운역거리":181.25,
            "역세권여부":"역세권",
            "30분이내주요거점역":4,
            "30분거점역이름":"['강남', '역삼', '잠실', '왕십리']",
            "1시간이내주요거점역":15,
            "1시간거점역이름":"['강남', '역삼', '잠실', '판교', '여의도', '을지로입구', '을지로3가', '양재', '정자', '가산디지털단지', '왕십리', '홍대입구', '구로디지털단지', '명동', '서현']",
            "3km이내백화점수":3,
            "5km이내아울렛몰수":1,
            "1km이내대형먀트수":0,
            "500m이내은행수":4,
            "500m이내병원수":0,
            "5km이내대형병원수":7,
            "500m이내공원수":0,
            "3km이내혐오시설수":0,
            "초등학교학업성취도":89.96,
            "중학교학업성취도":79.6,
            "용적률":249,
            "건폐율":16,
            "Y":37.529526,
            "X":127.118728,
            "rank":26.0,
            "area_info":"26평(88.59), 30평(101.17), 31평(102.85)",
            "last_sales":"2021-12-21,95000.0,26평(88.59)",
            "rank_history":[
                [
                    "202202",
                    26
                ],
                [
                    "202201",
                    17
                ]
            ],
            "rank_gap":-9
        },
        {
            "index":490,
            "아파트명":"대림",
            "투자타입":"재건축",
            "전용면적(m2)":"103.63",
            "전용면적(평)":"31평",
            "법정동주소":"서울시 송파구 오금동 2",
            "도로명주소":"서울시 송파구 위례성대로 176",
            "세대수":80,
            "입주년차":"--",
            "용적률점수":80,
            "건폐율점수":0,
            "세대당주차수":"--",
            "난방방식":"--",
            "공급면적":90,
            "전용률":80,
            "욕실수":"--",
            "현관타입":"--",
            "주거총점":64.5,
            "지역구공급총점":0.0,
            "역세권":80,
            "30분내 이동가능 거점":20,
            "1시간내 이동가능 거점":100,
            "교통총점":66.0,
            "백화점":100,
            "아울렛몰":100,
            "대형마트":80,
            "은행":20,
            "병원":0,
            "종합병원":100,
            "공원":100,
            "혐오시설":0,
            "인프라총점":77.0,
            "초등학군":89.98,
            "중학군":50.32,
            "학군총점":58.252,
            "인구수":73.41,
            "인구증감":-8.64,
            "인구총점":48.795,
            "일자리":40.19,
            "소득수준":64.36,
            "일자리총점":47.441,
            "가치 총점":67.8378,
            "매매실거래년":20211224.0,
            "매매실거래가":182000.0,
            "전세실거래년":20220124.0,
            "전세실거래가":68000.0,
            "전세가율":40.0,
            "장기전세가율평균":57.02,
            "전세가율거품지수":17.02,
            "검색코드":626,
            "세대수":749.0,
            "준공년월":"1988-12-10",
            "준공년차":35.0,
            "가까운역이름":"방이",
            "가까운역거리":329.49,
            "역세권여부":"역세권",
            "30분이내주요거점역":1,
            "30분거점역이름":"['잠실']",
            "1시간이내주요거점역":15,
            "1시간거점역이름":"['강남', '역삼', '잠실', '판교', '여의도', '을지로입구', '을지로3가', '양재', '정자', '평촌', '가산디지털단지', '왕십리', '구로디지털단지', '명동', '서현']",
            "3km이내백화점수":2,
            "5km이내아울렛몰수":2,
            "1km이내대형먀트수":1,
            "500m이내은행수":2,
            "500m이내병원수":0,
            "5km이내대형병원수":6,
            "500m이내공원수":4,
            "3km이내혐오시설수":0,
            "초등학교학업성취도":89.98,
            "중학교학업성취도":81.8,
            "용적률":210,
            "건폐율":0,
            "Y":37.510561,
            "X":127.129189,
            "rank":27.0,
            "area_info":"31평(103.63), 44평(145.62)",
            "last_sales":"2021-12-24,182000.0,44평(145.62)",
            "rank_history":[
                [
                    "202202",
                    27
                ],
                [
                    "202201",
                    24
                ]
            ],
            "rank_gap":-3
        },
        {
            "index":301,
            "아파트명":"송파파크하비오푸르지오",
            "투자타입":"일반",
            "전용면적(m2)":"115.69",
            "전용면적(평)":"34평",
            "법정동주소":"서울시 송파구 문정동 618",
            "도로명주소":"서울시 송파구 송파대로 111",
            "세대수":90,
            "입주년차":80,
            "용적률점수":"--",
            "건폐율점수":"--",
            "세대당주차수":60,
            "난방방식":100,
            "공급면적":"--",
            "전용률":"--",
            "욕실수":100,
            "현관타입":100,
            "주거총점":86.5,
            "지역구공급총점":0.0,
            "역세권":80,
            "30분내 이동가능 거점":40,
            "1시간내 이동가능 거점":100,
            "교통총점":72.0,
            "백화점":0,
            "아울렛몰":100,
            "대형마트":100,
            "은행":70,
            "병원":0,
            "종합병원":100,
            "공원":100,
            "혐오시설":0,
            "인프라총점":55.0,
            "초등학군":89.99,
            "중학군":47.88,
            "학군총점":56.302,
            "인구수":73.41,
            "인구증감":-8.64,
            "인구총점":48.795,
            "일자리":40.19,
            "소득수준":64.36,
            "일자리총점":47.441,
            "가치 총점":67.4453,
            "매매실거래년":20211122.0,
            "매매실거래가":169000.0,
            "전세실거래년":20211102.0,
            "전세실거래가":91000.0,
            "전세가율":53.85,
            "장기전세가율평균":57.02,
            "전세가율거품지수":3.17,
            "검색코드":107544,
            "세대수":999.0,
            "준공년월":"2016-09-29",
            "준공년차":7.0,
            "가까운역이름":"장지",
            "가까운역거리":328.71,
            "역세권여부":"역세권",
            "30분이내주요거점역":2,
            "30분거점역이름":"['잠실', '서현']",
            "1시간이내주요거점역":15,
            "1시간거점역이름":"['강남', '역삼', '잠실', '판교', '여의도', '을지로입구', '을지로3가', '양재', '정자', '수원시청', '왕십리', '홍대입구', '구로디지털단지', '명동', '서현']",
            "3km이내백화점수":0,
            "5km이내아울렛몰수":2,
            "1km이내대형먀트수":3,
            "500m이내은행수":3,
            "500m이내병원수":0,
            "5km이내대형병원수":5,
            "500m이내공원수":7,
            "3km이내혐오시설수":0,
            "초등학교학업성취도":89.99,
            "중학교학업성취도":79.6,
            "용적률":599,
            "건폐율":55,
            "Y":37.480506,
            "X":127.123239,
            "rank":28.0,
            "area_info":"34평(115.69), 34평(115.59), 34평(115.48), 35평(116.34), 35평(116.38), 47평(156.1), 52평(173.58), 55평(182.01), 61평(204.38)",
            "last_sales":"2021-11-22,169000.0,34평(115.69)",
            "rank_history":[
                [
                    "202202",
                    28
                ],
                [
                    "202201",
                    32
                ]
            ],
            "rank_gap":4
        },
        {
            "index":375,
            "아파트명":"잠실한솔",
            "투자타입":"일반",
            "전용면적(m2)":"77.33",
            "전용면적(평)":"23평",
            "법정동주소":"서울시 송파구 석촌동 285",
            "도로명주소":"서울시 송파구 백제고분로 348",
            "세대수":30,
            "입주년차":20,
            "용적률점수":"--",
            "건폐율점수":"--",
            "세대당주차수":30,
            "난방방식":30,
            "공급면적":"--",
            "전용률":"--",
            "욕실수":50,
            "현관타입":100,
            "주거총점":37.0,
            "지역구공급총점":0.0,
            "역세권":80,
            "30분내 이동가능 거점":80,
            "1시간내 이동가능 거점":100,
            "교통총점":84.0,
            "백화점":100,
            "아울렛몰":100,
            "대형마트":0,
            "은행":100,
            "병원":0,
            "종합병원":100,
            "공원":100,
            "혐오시설":0,
            "인프라총점":73.0,
            "초등학군":89.98,
            "중학군":49.52,
            "학군총점":57.612,
            "인구수":73.41,
            "인구증감":-8.64,
            "인구총점":48.795,
            "일자리":40.19,
            "소득수준":64.36,
            "일자리총점":47.441,
            "가치 총점":67.3418,
            "매매실거래년":20210722.0,
            "매매실거래가":134000.0,
            "전세실거래년":20220123.0,
            "전세실거래가":47880.0,
            "전세가율":35.73,
            "장기전세가율평균":57.02,
            "전세가율거품지수":21.29,
            "검색코드":3751,
            "세대수":393.0,
            "준공년월":"2000-10-10",
            "준공년차":23.0,
            "가까운역이름":"석촌",
            "가까운역거리":307.44,
            "역세권여부":"역세권",
            "30분이내주요거점역":4,
            "30분거점역이름":"['강남', '역삼', '잠실', '양재']",
            "1시간이내주요거점역":16,
            "1시간거점역이름":"['강남', '역삼', '잠실', '판교', '여의도', '을지로입구', '을지로3가', '양재', '정자', '평촌', '가산디지털단지', '왕십리', '홍대입구', '구로디지털단지', '명동', '서현']",
            "3km이내백화점수":2,
            "5km이내아울렛몰수":2,
            "1km이내대형먀트수":0,
            "500m이내은행수":7,
            "500m이내병원수":0,
            "5km이내대형병원수":7,
            "500m이내공원수":5,
            "3km이내혐오시설수":0,
            "초등학교학업성취도":89.98,
            "중학교학업성취도":81.2,
            "용적률":336,
            "건폐율":26,
            "Y":37.50358,
            "X":127.10439,
            "rank":29.0,
            "area_info":"23평(77.33), 23평(77.37), 33평(109.65), 33평(109.73), 33평(109.63)",
            "last_sales":"2021-07-22,134000.0,23평(77.33)",
            "rank_history":[
                [
                    "202202",
                    29
                ],
                [
                    "202201",
                    31
                ]
            ],
            "rank_gap":2
        },
        {
            "index":98,
            "아파트명":"한화오벨리스크",
            "투자타입":"일반",
            "전용면적(m2)":"35.52",
            "전용면적(평)":"10평",
            "법정동주소":"서울시 송파구 가락동 78-1",
            "도로명주소":"서울시 송파구 중대로 127",
            "세대수":0,
            "입주년차":40,
            "용적률점수":"--",
            "건폐율점수":"--",
            "세대당주차수":0,
            "난방방식":30,
            "공급면적":"--",
            "전용률":"--",
            "욕실수":50,
            "현관타입":100,
            "주거총점":26.0,
            "지역구공급총점":0.0,
            "역세권":80,
            "30분내 이동가능 거점":60,
            "1시간내 이동가능 거점":100,
            "교통총점":78.0,
            "백화점":100,
            "아울렛몰":100,
            "대형마트":80,
            "은행":100,
            "병원":0,
            "종합병원":100,
            "공원":100,
            "혐오시설":0,
            "인프라총점":85.0,
            "초등학군":89.96,
            "중학군":54.52,
            "학군총점":61.608,
            "인구수":73.41,
            "인구증감":-8.64,
            "인구총점":48.795,
            "일자리":40.19,
            "소득수준":64.36,
            "일자리총점":47.441,
            "가치 총점":67.2412,
            "매매실거래년":20210429.0,
            "매매실거래가":47000.0,
            "전세실거래년":20170215.0,
            "전세실거래가":14000.0,
            "전세가율":75.68,
            "장기전세가율평균":57.02,
            "전세가율거품지수":-18.66,
            "검색코드":13142,
            "세대수":160.0,
            "준공년월":"2004-11-30",
            "준공년차":19.0,
            "가까운역이름":"경찰병원",
            "가까운역거리":266.28,
            "역세권여부":"역세권",
            "30분이내주요거점역":3,
            "30분거점역이름":"['역삼', '잠실', '양재']",
            "1시간이내주요거점역":15,
            "1시간거점역이름":"['강남', '역삼', '잠실', '판교', '여의도', '을지로입구', '을지로3가', '양재', '정자', '평촌', '가산디지털단지', '왕십리', '구로디지털단지', '명동', '서현']",
            "3km이내백화점수":2,
            "5km이내아울렛몰수":2,
            "1km이내대형먀트수":1,
            "500m이내은행수":8,
            "500m이내병원수":0,
            "5km이내대형병원수":5,
            "500m이내공원수":7,
            "3km이내혐오시설수":0,
            "초등학교학업성취도":89.96,
            "중학교학업성취도":88.4,
            "용적률":746,
            "건폐율":55,
            "Y":37.494832,
            "X":127.12185,
            "rank":30.0,
            "area_info":"10평(35.52), 10평(36.04), 13평(43.07), 14평(47.19), 21평(69.47)",
            "last_sales":"2021-04-29,47000.0,21평(69.47)",
            "rank_history":[
                [
                    "202202",
                    30
                ],
                [
                    "202201",
                    33
                ]
            ],
            "rank_gap":3
        },
        {
            "index":401,
            "아파트명":"송파삼성래미안",
            "투자타입":"일반",
            "전용면적(m2)":"109.94",
            "전용면적(평)":"33평",
            "법정동주소":"서울시 송파구 송파동 162",
            "도로명주소":"서울시 송파구 오금로32길 14",
            "세대수":80,
            "입주년차":20,
            "용적률점수":"--",
            "건폐율점수":"--",
            "세대당주차수":60,
            "난방방식":100,
            "공급면적":"--",
            "전용률":"--",
            "욕실수":100,
            "현관타입":100,
            "주거총점":71.0,
            "지역구공급총점":0.0,
            "역세권":50,
            "30분내 이동가능 거점":40,
            "1시간내 이동가능 거점":100,
            "교통총점":57.0,
            "백화점":100,
            "아울렛몰":100,
            "대형마트":80,
            "은행":20,
            "병원":0,
            "종합병원":100,
            "공원":100,
            "혐오시설":0,
            "인프라총점":77.0,
            "초등학군":89.99,
            "중학군":53.3,
            "학군총점":60.638,
            "인구수":73.41,
            "인구증감":-8.64,
            "인구총점":48.795,
            "일자리":40.19,
            "소득수준":64.36,
            "일자리총점":47.441,
            "가치 총점":66.3457,
            "매매실거래년":20211030.0,
            "매매실거래가":200000.0,
            "전세실거래년":20211231.0,
            "전세실거래가":63000.0,
            "전세가율":37.95,
            "장기전세가율평균":57.02,
            "전세가율거품지수":19.07,
            "검색코드":3431,
            "세대수":845.0,
            "준공년월":"2001-12-21",
            "준공년차":22.0,
            "가까운역이름":"송파",
            "가까운역거리":777.75,
            "역세권여부":"준역세권",
            "30분이내주요거점역":2,
            "30분거점역이름":"['역삼', '잠실']",
            "1시간이내주요거점역":14,
            "1시간거점역이름":"['강남', '역삼', '잠실', '판교', '여의도', '을지로입구', '을지로3가', '양재', '정자', '평촌', '왕십리', '구로디지털단지', '명동', '서현']",
            "3km이내백화점수":2,
            "5km이내아울렛몰수":2,
            "1km이내대형먀트수":1,
            "500m이내은행수":2,
            "500m이내병원수":0,
            "5km이내대형병원수":6,
            "500m이내공원수":6,
            "3km이내혐오시설수":0,
            "초등학교학업성취도":89.99,
            "중학교학업성취도":86.7,
            "용적률":290,
            "건폐율":21,
            "Y":37.504744,
            "X":127.118295,
            "rank":31.0,
            "area_info":"33평(109.94), 33평(109.83), 36평(119.48), 43평(142.74), 49평(163.79), 57평(191.52), 57평(191.42)",
            "last_sales":"2021-10-30,200000.0,49평(163.79)",
            "rank_history":[
                [
                    "202202",
                    31
                ],
                [
                    "202201",
                    36
                ]
            ],
            "rank_gap":5
        },
        {
            "index":333,
            "아파트명":"보람파크빌리지(도시형)",
            "투자타입":"일반",
            "전용면적(m2)":"59.18",
            "전용면적(평)":"17평",
            "법정동주소":"서울시 송파구 방이동 210-1",
            "도로명주소":"서울시 송파구 마천로 1",
            "세대수":0,
            "입주년차":80,
            "용적률점수":"--",
            "건폐율점수":"--",
            "세대당주차수":0,
            "난방방식":30,
            "공급면적":"--",
            "전용률":"--",
            "욕실수":50,
            "현관타입":100,
            "주거총점":34.0,
            "지역구공급총점":0.0,
            "역세권":80,
            "30분내 이동가능 거점":40,
            "1시간내 이동가능 거점":100,
            "교통총점":72.0,
            "백화점":100,
            "아울렛몰":100,
            "대형마트":80,
            "은행":70,
            "병원":0,
            "종합병원":100,
            "공원":100,
            "혐오시설":0,
            "인프라총점":82.0,
            "초등학군":90.02,
            "중학군":53.8,
            "학군총점":61.044,
            "인구수":73.41,
            "인구증감":-8.64,
            "인구총점":48.795,
            "일자리":40.19,
            "소득수준":64.36,
            "일자리총점":47.441,
            "가치 총점":65.7566,
            "매매실거래년":"18000101",
            "매매실거래가":null,
            "전세실거래년":null,
            "전세실거래가":null,
            "전세가율":null,
            "장기전세가율평균":57.02,
            "전세가율거품지수":null,
            "검색코드":125118,
            "세대수":112.0,
            "준공년월":"2016-12-16",
            "준공년차":7.0,
            "가까운역이름":"방이",
            "가까운역거리":427.07,
            "역세권여부":"역세권",
            "30분이내주요거점역":2,
            "30분거점역이름":"['역삼', '잠실']",
            "1시간이내주요거점역":13,
            "1시간거점역이름":"['강남', '역삼', '잠실', '판교', '여의도', '을지로입구', '을지로3가', '양재', '정자', '왕십리', '구로디지털단지', '명동', '서현']",
            "3km이내백화점수":2,
            "5km이내아울렛몰수":2,
            "1km이내대형먀트수":1,
            "500m이내은행수":3,
            "500m이내병원수":0,
            "5km이내대형병원수":6,
            "500m이내공원수":5,
            "3km이내혐오시설수":0,
            "초등학교학업성취도":90.02,
            "중학교학업성취도":87.4,
            "용적률":199,
            "건폐율":51,
            "Y":37.510593,
            "X":127.121814,
            "rank":32.0,
            "area_info":"17평(59.18), 18평(59.74), 18평(60.63), 18평(60.42), 18평(62.28), 18평(62.59), 19평(63.97), 19평(63.36), 20평(68.66), 20평(68.07), 21평(72.47), 30평(102.41)",
            "last_sales":"1800-01-01,nan,17평(59.18)",
            "rank_history":[
                [
                    "202202",
                    32
                ],
                [
                    "202201",
                    35
                ]
            ],
            "rank_gap":3
        },
        {
            "index":20,
            "아파트명":"가락쌍용스윗닷홈3차(101~104동)",
            "투자타입":"일반",
            "전용면적(m2)":"79.58",
            "전용면적(평)":"24평",
            "법정동주소":"서울시 송파구 가락동 53",
            "도로명주소":"서울시 송파구 송이로21길 23",
            "세대수":0,
            "입주년차":40,
            "용적률점수":"--",
            "건폐율점수":"--",
            "세대당주차수":30,
            "난방방식":30,
            "공급면적":"--",
            "전용률":"--",
            "욕실수":100,
            "현관타입":100,
            "주거총점":35.5,
            "지역구공급총점":0.0,
            "역세권":80,
            "30분내 이동가능 거점":40,
            "1시간내 이동가능 거점":100,
            "교통총점":72.0,
            "백화점":100,
            "아울렛몰":100,
            "대형마트":80,
            "은행":70,
            "병원":0,
            "종합병원":100,
            "공원":100,
            "혐오시설":0,
            "인프라총점":82.0,
            "초등학군":89.99,
            "중학군":51.12,
            "학군총점":58.894,
            "인구수":73.41,
            "인구증감":-8.64,
            "인구총점":48.795,
            "일자리":40.19,
            "소득수준":64.36,
            "일자리총점":47.441,
            "가치 총점":65.7341,
            "매매실거래년":20210324.0,
            "매매실거래가":115000.0,
            "전세실거래년":20211005.0,
            "전세실거래가":68000.0,
            "전세가율":59.13,
            "장기전세가율평균":57.02,
            "전세가율거품지수":-2.11,
            "검색코드":13643,
            "세대수":206.0,
            "준공년월":"2005-02-28",
            "준공년차":18.0,
            "가까운역이름":"경찰병원",
            "가까운역거리":276.06,
            "역세권여부":"역세권",
            "30분이내주요거점역":2,
            "30분거점역이름":"['잠실', '양재']",
            "1시간이내주요거점역":14,
            "1시간거점역이름":"['강남', '역삼', '잠실', '판교', '여의도', '을지로입구', '을지로3가', '양재', '정자', '평촌', '왕십리', '구로디지털단지', '명동', '서현']",
            "3km이내백화점수":2,
            "5km이내아울렛몰수":2,
            "1km이내대형먀트수":1,
            "500m이내은행수":4,
            "500m이내병원수":0,
            "5km이내대형병원수":5,
            "500m이내공원수":9,
            "3km이내혐오시설수":0,
            "초등학교학업성취도":89.99,
            "중학교학업성취도":83.0,
            "용적률":0,
            "건폐율":0,
            "Y":37.497974,
            "X":127.122786,
            "rank":33.0,
            "area_info":"24평(79.58), 32평(105.81), 32평(105.9), 32평(105.81), 33평(110.69), 44평(148.17), 46평(154.87)",
            "last_sales":"2021-03-24,115000.0,24평(79.58)",
            "rank_history":[
                [
                    "202202",
                    33
                ],
                [
                    "202201",
                    39
                ]
            ],
            "rank_gap":6
        },
        {
            "index":709,
            "아파트명":"송파파인타운8단지",
            "투자타입":"일반",
            "전용면적(m2)":"83.44",
            "전용면적(평)":"25평",
            "법정동주소":"서울시 송파구 장지동 842",
            "도로명주소":"서울시 송파구 충민로4길 6",
            "세대수":80,
            "입주년차":40,
            "용적률점수":"--",
            "건폐율점수":"--",
            "세대당주차수":30,
            "난방방식":30,
            "공급면적":"--",
            "전용률":"--",
            "욕실수":100,
            "현관타입":100,
            "주거총점":63.5,
            "지역구공급총점":0.0,
            "역세권":80,
            "30분내 이동가능 거점":80,
            "1시간내 이동가능 거점":100,
            "교통총점":84.0,
            "백화점":0,
            "아울렛몰":100,
            "대형마트":100,
            "은행":20,
            "병원":0,
            "종합병원":100,
            "공원":100,
            "혐오시설":0,
            "인프라총점":50.0,
            "초등학군":89.99,
            "중학군":47.88,
            "학군총점":56.302,
            "인구수":73.41,
            "인구증감":-8.64,
            "인구총점":48.795,
            "일자리":40.19,
            "소득수준":64.36,
            "일자리총점":47.441,
            "가치 총점":65.5453,
            "매매실거래년":20210911.0,
            "매매실거래가":139500.0,
            "전세실거래년":20210928.0,
            "전세실거래가":13121.0,
            "전세가율":null,
            "장기전세가율평균":57.02,
            "전세가율거품지수":null,
            "검색코드":26471,
            "세대수":700.0,
            "준공년월":"2008-10-20",
            "준공년차":15.0,
            "가까운역이름":"장지",
            "가까운역거리":216.33,
            "역세권여부":"역세권",
            "30분이내주요거점역":4,
            "30분거점역이름":"['강남', '역삼', '잠실', '서현']",
            "1시간이내주요거점역":14,
            "1시간거점역이름":"['강남', '역삼', '잠실', '판교', '여의도', '을지로입구', '을지로3가', '양재', '정자', '수원시청', '왕십리', '구로디지털단지', '명동', '서현']",
            "3km이내백화점수":0,
            "5km이내아울렛몰수":2,
            "1km이내대형먀트수":3,
            "500m이내은행수":2,
            "500m이내병원수":0,
            "5km이내대형병원수":5,
            "500m이내공원수":6,
            "3km이내혐오시설수":0,
            "초등학교학업성취도":89.99,
            "중학교학업성취도":79.6,
            "용적률":238,
            "건폐율":19,
            "Y":37.47941,
            "X":127.128475,
            "rank":34.0,
            "area_info":"25평(83.44), 25평(83.77)",
            "last_sales":"2021-09-11,139500.0,25평(83.77)",
            "rank_history":[
                [
                    "202202",
                    34
                ],
                [
                    "202201",
                    37
                ]
            ],
            "rank_gap":3
        },
        {
            "index":831,
            "아파트명":"송파현대힐스테이트",
            "투자타입":"일반",
            "전용면적(m2)":"79.39",
            "전용면적(평)":"24평",
            "법정동주소":"서울시 송파구 풍납동 511",
            "도로명주소":"서울시 송파구 풍성로26길 31",
            "세대수":0,
            "입주년차":40,
            "용적률점수":"--",
            "건폐율점수":"--",
            "세대당주차수":60,
            "난방방식":30,
            "공급면적":"--",
            "전용률":"--",
            "욕실수":100,
            "현관타입":100,
            "주거총점":40.0,
            "지역구공급총점":0.0,
            "역세권":80,
            "30분내 이동가능 거점":80,
            "1시간내 이동가능 거점":100,
            "교통총점":84.0,
            "백화점":100,
            "아울렛몰":80,
            "대형마트":0,
            "은행":70,
            "병원":0,
            "종합병원":100,
            "공원":0,
            "혐오시설":0,
            "인프라총점":65.0,
            "초등학군":89.96,
            "중학군":48.0,
            "학군총점":56.392,
            "인구수":73.41,
            "인구증감":-8.64,
            "인구총점":48.795,
            "일자리":40.19,
            "소득수준":64.36,
            "일자리총점":47.441,
            "가치 총점":65.3588,
            "매매실거래년":20210202.0,
            "매매실거래가":127000.0,
            "전세실거래년":20200112.0,
            "전세실거래가":53000.0,
            "전세가율":51.96,
            "장기전세가율평균":57.02,
            "전세가율거품지수":5.06,
            "검색코드":19365,
            "세대수":166.0,
            "준공년월":"2006-02-24",
            "준공년차":17.0,
            "가까운역이름":"강동구청",
            "가까운역거리":199.39,
            "역세권여부":"역세권",
            "30분이내주요거점역":4,
            "30분거점역이름":"['강남', '역삼', '잠실', '왕십리']",
            "1시간이내주요거점역":16,
            "1시간거점역이름":"['강남', '역삼', '잠실', '판교', '여의도', '을지로입구', '을지로3가', '양재', '정자', '평촌', '가산디지털단지', '왕십리', '홍대입구', '구로디지털단지', '명동', '서현']",
            "3km이내백화점수":3,
            "5km이내아울렛몰수":1,
            "1km이내대형먀트수":0,
            "500m이내은행수":4,
            "500m이내병원수":0,
            "5km이내대형병원수":7,
            "500m이내공원수":0,
            "3km이내혐오시설수":0,
            "초등학교학업성취도":89.96,
            "중학교학업성취도":79.6,
            "용적률":223,
            "건폐율":28,
            "Y":37.531173,
            "X":127.118505,
            "rank":35.0,
            "area_info":"24평(79.39), 32평(105.84), 37평(122.37), 45평(148.81), 45평(148.8)",
            "last_sales":"2021-02-02,127000.0,32평(105.84)",
            "rank_history":[
                [
                    "202202",
                    35
                ],
                [
                    "202201",
                    28
                ]
            ],
            "rank_gap":-7
        },
        {
            "index":841,
            "아파트명":"쌍용",
            "투자타입":"일반",
            "전용면적(m2)":"106.22",
            "전용면적(평)":"32평",
            "법정동주소":"서울시 송파구 풍납동 401-1",
            "도로명주소":"서울시 송파구 올림픽로47길 9",
            "세대수":50,
            "입주년차":0,
            "용적률점수":"--",
            "건폐율점수":"--",
            "세대당주차수":80,
            "난방방식":30,
            "공급면적":"--",
            "전용률":"--",
            "욕실수":100,
            "현관타입":100,
            "주거총점":52.5,
            "지역구공급총점":0.0,
            "역세권":80,
            "30분내 이동가능 거점":60,
            "1시간내 이동가능 거점":100,
            "교통총점":78.0,
            "백화점":100,
            "아울렛몰":80,
            "대형마트":0,
            "은행":20,
            "병원":0,
            "종합병원":100,
            "공원":80,
            "혐오시설":0,
            "인프라총점":62.4,
            "초등학군":89.99,
            "중학군":50.2,
            "학군총점":58.158,
            "인구수":73.41,
            "인구증감":-8.64,
            "인구총점":48.795,
            "일자리":40.19,
            "소득수준":64.36,
            "일자리총점":47.441,
            "가치 총점":65.2437,
            "매매실거래년":20210901.0,
            "매매실거래가":130000.0,
            "전세실거래년":20220126.0,
            "전세실거래가":52500.0,
            "전세가율":40.38,
            "장기전세가율평균":57.02,
            "전세가율거품지수":16.64,
            "검색코드":646,
            "세대수":417.0,
            "준공년월":"1994-07-27",
            "준공년차":29.0,
            "가까운역이름":"강동구청",
            "가까운역거리":426.2,
            "역세권여부":"역세권",
            "30분이내주요거점역":3,
            "30분거점역이름":"['강남', '역삼', '잠실']",
            "1시간이내주요거점역":14,
            "1시간거점역이름":"['강남', '역삼', '잠실', '판교', '여의도', '을지로입구', '을지로3가', '양재', '정자', '왕십리', '홍대입구', '구로디지털단지', '명동', '서현']",
            "3km이내백화점수":3,
            "5km이내아울렛몰수":1,
            "1km이내대형먀트수":0,
            "500m이내은행수":2,
            "500m이내병원수":0,
            "5km이내대형병원수":7,
            "500m이내공원수":1,
            "3km이내혐오시설수":0,
            "초등학교학업성취도":89.99,
            "중학교학업성취도":82.4,
            "용적률":0,
            "건폐율":0,
            "Y":37.527239,
            "X":127.117669,
            "rank":36.0,
            "area_info":"32평(106.22), 32평(106.24), 32평(106.15)",
            "last_sales":"2021-09-01,130000.0,32평(106.22)",
            "rank_history":[
                [
                    "202202",
                    36
                ],
                [
                    "202201",
                    26
                ]
            ],
            "rank_gap":-10
        },
        {
            "index":606,
            "아파트명":"우성4차",
            "투자타입":"재건축",
            "전용면적(m2)":"89.29",
            "전용면적(평)":"27평",
            "법정동주소":"서울시 송파구 잠실동 320",
            "도로명주소":"서울시 송파구 백제고분로18길 30",
            "세대수":50,
            "입주년차":"--",
            "용적률점수":80,
            "건폐율점수":0,
            "세대당주차수":"--",
            "난방방식":"--",
            "공급면적":70,
            "전용률":100,
            "욕실수":"--",
            "현관타입":"--",
            "주거총점":55.5,
            "지역구공급총점":0.0,
            "역세권":50,
            "30분내 이동가능 거점":80,
            "1시간내 이동가능 거점":100,
            "교통총점":69.0,
            "백화점":100,
            "아울렛몰":100,
            "대형마트":0,
            "은행":70,
            "병원":0,
            "종합병원":100,
            "공원":100,
            "혐오시설":0,
            "인프라총점":70.0,
            "초등학군":89.99,
            "중학군":52.06,
            "학군총점":59.646,
            "인구수":73.41,
            "인구증감":-8.64,
            "인구총점":48.795,
            "일자리":40.19,
            "소득수준":64.36,
            "일자리총점":47.441,
            "가치 총점":65.1969,
            "매매실거래년":20211101.0,
            "매매실거래가":169000.0,
            "전세실거래년":20220111.0,
            "전세실거래가":33600.0,
            "전세가율":19.88,
            "장기전세가율평균":57.02,
            "전세가율거품지수":37.14,
            "검색코드":637,
            "세대수":555.0,
            "준공년월":"1983-08-31",
            "준공년차":40.0,
            "가까운역이름":"잠실새내",
            "가까운역거리":987.0,
            "역세권여부":"준역세권",
            "30분이내주요거점역":4,
            "30분거점역이름":"['강남', '역삼', '잠실', '양재']",
            "1시간이내주요거점역":16,
            "1시간거점역이름":"['강남', '역삼', '잠실', '판교', '여의도', '을지로입구', '을지로3가', '양재', '정자', '평촌', '가산디지털단지', '왕십리', '홍대입구', '구로디지털단지', '명동', '서현']",
            "3km이내백화점수":4,
            "5km이내아울렛몰수":2,
            "1km이내대형먀트수":0,
            "500m이내은행수":4,
            "500m이내병원수":0,
            "5km이내대형병원수":7,
            "500m이내공원수":4,
            "3km이내혐오시설수":0,
            "초등학교학업성취도":89.99,
            "중학교학업성취도":85.1,
            "용적률":194,
            "건폐율":0,
            "Y":37.503204,
            "X":127.082868,
            "rank":37.0,
            "area_info":"27평(89.29), 31평(105.52), 38평(127.42)",
            "last_sales":"2021-11-01,169000.0,27평(89.29)",
            "rank_history":[
                [
                    "202202",
                    37
                ],
                [
                    "202201",
                    40
                ]
            ],
            "rank_gap":3
        },
        {
            "index":844,
            "아파트명":"씨티극동",
            "투자타입":"일반",
            "전용면적(m2)":"77.45",
            "전용면적(평)":"23평",
            "법정동주소":"서울시 송파구 풍납동 509",
            "도로명주소":"서울시 송파구 한가람로 478",
            "세대수":50,
            "입주년차":0,
            "용적률점수":"--",
            "건폐율점수":"--",
            "세대당주차수":30,
            "난방방식":30,
            "공급면적":"--",
            "전용률":"--",
            "욕실수":50,
            "현관타입":100,
            "주거총점":40.0,
            "지역구공급총점":0.0,
            "역세권":80,
            "30분내 이동가능 거점":40,
            "1시간내 이동가능 거점":100,
            "교통총점":72.0,
            "백화점":100,
            "아울렛몰":80,
            "대형마트":100,
            "은행":20,
            "병원":0,
            "종합병원":100,
            "공원":80,
            "혐오시설":0,
            "인프라총점":77.4,
            "초등학군":89.98,
            "중학군":48.0,
            "학군총점":56.396,
            "인구수":73.41,
            "인구증감":-8.64,
            "인구총점":48.795,
            "일자리":40.19,
            "소득수준":64.36,
            "일자리총점":47.441,
            "가치 총점":64.8794,
            "매매실거래년":20211026.0,
            "매매실거래가":169000.0,
            "전세실거래년":20211222.0,
            "전세실거래가":38850.0,
            "전세가율":37.04,
            "장기전세가율평균":57.02,
            "전세가율거품지수":19.98,
            "검색코드":416,
            "세대수":442.0,
            "준공년월":"1998-05-27",
            "준공년차":25.0,
            "가까운역이름":"천호",
            "가까운역거리":488.05,
            "역세권여부":"역세권",
            "30분이내주요거점역":2,
            "30분거점역이름":"['잠실', '왕십리']",
            "1시간이내주요거점역":15,
            "1시간거점역이름":"['강남', '역삼', '잠실', '판교', '여의도', '을지로입구', '을지로3가', '양재', '정자', '평촌', '왕십리', '홍대입구', '구로디지털단지', '명동', '서현']",
            "3km이내백화점수":1,
            "5km이내아울렛몰수":1,
            "1km이내대형먀트수":3,
            "500m이내은행수":2,
            "500m이내병원수":0,
            "5km이내대형병원수":7,
            "500m이내공원수":1,
            "3km이내혐오시설수":0,
            "초등학교학업성취도":89.98,
            "중학교학업성취도":79.6,
            "용적률":283,
            "건폐율":25,
            "Y":37.53994,
            "X":127.11839,
            "rank":38.0,
            "area_info":"23평(77.45), 24평(80.29), 30평(101.04), 31평(105.25), 33평(109.28), 33평(109.55), 38평(126.62), 43평(144.5), 43평(144.33), 51평(170.55), 61평(204.72), 67평(224.39), 75평(250.66), 76평(253.39)",
            "last_sales":"2021-10-26,169000.0,43평(144.5)",
            "rank_history":[
                [
                    "202202",
                    38
                ],
                [
                    "202201",
                    47
                ]
            ],
            "rank_gap":9
        },
        {
            "index":71,
            "아파트명":"송파동부센트레빌",
            "투자타입":"일반",
            "전용면적(m2)":"106.48",
            "전용면적(평)":"32평",
            "법정동주소":"서울시 송파구 가락동 478",
            "도로명주소":"서울시 송파구 송파대로37길 29",
            "세대수":0,
            "입주년차":40,
            "용적률점수":"--",
            "건폐율점수":"--",
            "세대당주차수":30,
            "난방방식":30,
            "공급면적":"--",
            "전용률":"--",
            "욕실수":100,
            "현관타입":100,
            "주거총점":35.5,
            "지역구공급총점":0.0,
            "역세권":80,
            "30분내 이동가능 거점":60,
            "1시간내 이동가능 거점":100,
            "교통총점":78.0,
            "백화점":100,
            "아울렛몰":100,
            "대형마트":0,
            "은행":100,
            "병원":0,
            "종합병원":100,
            "공원":80,
            "혐오시설":0,
            "인프라총점":72.4,
            "초등학군":90.01,
            "중학군":49.52,
            "학군총점":57.618,
            "인구수":73.41,
            "인구증감":-8.64,
            "인구총점":48.795,
            "일자리":40.19,
            "소득수준":64.36,
            "일자리총점":47.441,
            "가치 총점":64.7627,
            "매매실거래년":20210824.0,
            "매매실거래가":164000.0,
            "전세실거래년":20211022.0,
            "전세실거래가":90000.0,
            "전세가율":54.88,
            "장기전세가율평균":57.02,
            "전세가율거품지수":2.14,
            "검색코드":11733,
            "세대수":206.0,
            "준공년월":"2004-12-15",
            "준공년차":19.0,
            "가까운역이름":"송파",
            "가까운역거리":296.74,
            "역세권여부":"역세권",
            "30분이내주요거점역":3,
            "30분거점역이름":"['강남', '역삼', '잠실']",
            "1시간이내주요거점역":15,
            "1시간거점역이름":"['강남', '역삼', '잠실', '판교', '여의도', '을지로입구', '을지로3가', '양재', '정자', '평촌', '왕십리', '홍대입구', '구로디지털단지', '명동', '서현']",
            "3km이내백화점수":2,
            "5km이내아울렛몰수":2,
            "1km이내대형먀트수":0,
            "500m이내은행수":8,
            "500m이내병원수":0,
            "5km이내대형병원수":6,
            "500m이내공원수":1,
            "3km이내혐오시설수":0,
            "초등학교학업성취도":90.01,
            "중학교학업성취도":81.2,
            "용적률":253,
            "건폐율":22,
            "Y":37.500493,
            "X":127.10897,
            "rank":39.0,
            "area_info":"32평(106.48)",
            "last_sales":"2021-08-24,164000.0,32평(106.48)",
            "rank_history":[
                [
                    "202202",
                    39
                ],
                [
                    "202201",
                    38
                ]
            ],
            "rank_gap":-1
        },
        {
            "index":811,
            "아파트명":"대아",
            "투자타입":"일반",
            "전용면적(m2)":"80.07",
            "전용면적(평)":"24평",
            "법정동주소":"서울시 송파구 풍납동 163",
            "도로명주소":"서울시 송파구 풍성로 52",
            "세대수":0,
            "입주년차":0,
            "용적률점수":"--",
            "건폐율점수":"--",
            "세대당주차수":30,
            "난방방식":30,
            "공급면적":"--",
            "전용률":"--",
            "욕실수":50,
            "현관타입":100,
            "주거총점":22.5,
            "지역구공급총점":0.0,
            "역세권":80,
            "30분내 이동가능 거점":80,
            "1시간내 이동가능 거점":100,
            "교통총점":84.0,
            "백화점":100,
            "아울렛몰":80,
            "대형마트":80,
            "은행":0,
            "병원":0,
            "종합병원":100,
            "공원":80,
            "혐오시설":0,
            "인프라총점":72.4,
            "초등학군":89.98,
            "중학군":48.0,
            "학군총점":56.396,
            "인구수":73.41,
            "인구증감":-8.64,
            "인구총점":48.795,
            "일자리":40.19,
            "소득수준":64.36,
            "일자리총점":47.441,
            "가치 총점":64.0794,
            "매매실거래년":20210923.0,
            "매매실거래가":86000.0,
            "전세실거래년":20210327.0,
            "전세실거래가":34650.0,
            "전세가율":40.29,
            "장기전세가율평균":57.02,
            "전세가율거품지수":16.73,
            "검색코드":880,
            "세대수":140.0,
            "준공년월":"1998-03-12",
            "준공년차":25.0,
            "가까운역이름":"강동구청",
            "가까운역거리":407.08,
            "역세권여부":"역세권",
            "30분이내주요거점역":4,
            "30분거점역이름":"['강남', '역삼', '잠실', '왕십리']",
            "1시간이내주요거점역":15,
            "1시간거점역이름":"['강남', '역삼', '잠실', '판교', '여의도', '을지로입구', '을지로3가', '양재', '정자', '평촌', '왕십리', '홍대입구', '구로디지털단지', '명동', '서현']",
            "3km이내백화점수":3,
            "5km이내아울렛몰수":1,
            "1km이내대형먀트수":1,
            "500m이내은행수":1,
            "500m이내병원수":0,
            "5km이내대형병원수":7,
            "500m이내공원수":1,
            "3km이내혐오시설수":0,
            "초등학교학업성취도":89.98,
            "중학교학업성취도":79.6,
            "용적률":282,
            "건폐율":44,
            "Y":37.533624,
            "X":127.118465,
            "rank":40.0,
            "area_info":"24평(80.07), 32평(107.92), 34평(113.44), 40평(133.43), 46평(152.4)",
            "last_sales":"2021-09-23,86000.0,24평(80.07)",
            "rank_history":[
                [
                    "202202",
                    40
                ],
                [
                    "202201",
                    42
                ]
            ],
            "rank_gap":2
        },
        {
            "index":825,
            "아파트명":"송파해모로",
            "투자타입":"일반",
            "전용면적(m2)":"75.61",
            "전용면적(평)":"22평",
            "법정동주소":"서울시 송파구 풍납동 512",
            "도로명주소":"서울시 송파구 풍성로26길 47",
            "세대수":0,
            "입주년차":40,
            "용적률점수":"--",
            "건폐율점수":"--",
            "세대당주차수":60,
            "난방방식":30,
            "공급면적":"--",
            "전용률":"--",
            "욕실수":100,
            "현관타입":100,
            "주거총점":40.0,
            "지역구공급총점":0.0,
            "역세권":80,
            "30분내 이동가능 거점":80,
            "1시간내 이동가능 거점":100,
            "교통총점":84.0,
            "백화점":100,
            "아울렛몰":80,
            "대형마트":0,
            "은행":20,
            "병원":0,
            "종합병원":100,
            "공원":0,
            "혐오시설":0,
            "인프라총점":60.0,
            "초등학군":89.96,
            "중학군":48.0,
            "학군총점":56.392,
            "인구수":73.41,
            "인구증감":-8.64,
            "인구총점":48.795,
            "일자리":40.19,
            "소득수준":64.36,
            "일자리총점":47.441,
            "가치 총점":63.8588,
            "매매실거래년":20190808.0,
            "매매실거래가":95000.0,
            "전세실거래년":null,
            "전세실거래가":null,
            "전세가율":null,
            "장기전세가율평균":57.02,
            "전세가율거품지수":null,
            "검색코드":22114,
            "세대수":114.0,
            "준공년월":"2006-06-29",
            "준공년차":17.0,
            "가까운역이름":"강동구청",
            "가까운역거리":287.16,
            "역세권여부":"역세권",
            "30분이내주요거점역":4,
            "30분거점역이름":"['강남', '역삼', '잠실', '왕십리']",
            "1시간이내주요거점역":16,
            "1시간거점역이름":"['강남', '역삼', '잠실', '판교', '여의도', '을지로입구', '을지로3가', '양재', '정자', '평촌', '가산디지털단지', '왕십리', '홍대입구', '구로디지털단지', '명동', '서현']",
            "3km이내백화점수":3,
            "5km이내아울렛몰수":1,
            "1km이내대형먀트수":0,
            "500m이내은행수":2,
            "500m이내병원수":0,
            "5km이내대형병원수":7,
            "500m이내공원수":0,
            "3km이내혐오시설수":0,
            "초등학교학업성취도":89.96,
            "중학교학업성취도":79.6,
            "용적률":239,
            "건폐율":30,
            "Y":37.530038,
            "X":127.117274,
            "rank":41.0,
            "area_info":"22평(75.61), 22평(75.83), 32평(105.97), 32평(106.73), 32평(106.36), 44평(146.93)",
            "last_sales":"2019-08-08,95000.0,44평(146.93)",
            "rank_history":[
                [
                    "202202",
                    41
                ],
                [
                    "202201",
                    34
                ]
            ],
            "rank_gap":-7
        },
        {
            "index":390,
            "아파트명":"미성맨션",
            "투자타입":"재건축",
            "전용면적(m2)":"89.16",
            "전용면적(평)":"26평",
            "법정동주소":"서울시 송파구 송파동 161",
            "도로명주소":"서울시 송파구 오금로32길 10",
            "세대수":30,
            "입주년차":"--",
            "용적률점수":80,
            "건폐율점수":0,
            "세대당주차수":"--",
            "난방방식":"--",
            "공급면적":70,
            "전용률":40,
            "욕실수":"--",
            "현관타입":"--",
            "주거총점":46.5,
            "지역구공급총점":0.0,
            "역세권":50,
            "30분내 이동가능 거점":60,
            "1시간내 이동가능 거점":100,
            "교통총점":63.0,
            "백화점":100,
            "아울렛몰":100,
            "대형마트":80,
            "은행":20,
            "병원":0,
            "종합병원":100,
            "공원":100,
            "혐오시설":0,
            "인프라총점":77.0,
            "초등학군":90.02,
            "중학군":53.3,
            "학군총점":60.644,
            "인구수":73.41,
            "인구증감":-8.64,
            "인구총점":48.795,
            "일자리":40.19,
            "소득수준":64.36,
            "일자리총점":47.441,
            "가치 총점":63.5466,
            "매매실거래년":20210904.0,
            "매매실거래가":190000.0,
            "전세실거래년":20211130.0,
            "전세실거래가":31000.0,
            "전세가율":24.22,
            "장기전세가율평균":57.02,
            "전세가율거품지수":32.8,
            "검색코드":614,
            "세대수":378.0,
            "준공년월":"1985-01-12",
            "준공년차":38.0,
            "가까운역이름":"방이",
            "가까운역거리":677.22,
            "역세권여부":"준역세권",
            "30분이내주요거점역":3,
            "30분거점역이름":"['강남', '역삼', '잠실']",
            "1시간이내주요거점역":13,
            "1시간거점역이름":"['강남', '역삼', '잠실', '판교', '여의도', '을지로입구', '을지로3가', '양재', '정자', '왕십리', '구로디지털단지', '명동', '서현']",
            "3km이내백화점수":2,
            "5km이내아울렛몰수":2,
            "1km이내대형먀트수":1,
            "500m이내은행수":2,
            "500m이내병원수":0,
            "5km이내대형병원수":6,
            "500m이내공원수":5,
            "3km이내혐오시설수":0,
            "초등학교학업성취도":90.02,
            "중학교학업성취도":86.7,
            "용적률":178,
            "건폐율":0,
            "Y":37.506013,
            "X":127.119344,
            "rank":42.0,
            "area_info":"26평(89.16), 31평(103.19), 41평(137.44), 58평(192.91)",
            "last_sales":"2021-09-04,190000.0,41평(137.44)",
            "rank_history":[
                [
                    "202202",
                    42
                ],
                [
                    "202201",
                    46
                ]
            ],
            "rank_gap":4
        },
        {
            "index":143,
            "아파트명":"e편한세상송파파크센트럴",
            "투자타입":"일반",
            "전용면적(m2)":"81.76",
            "전용면적(평)":"24평",
            "법정동주소":"서울시 송파구 거여동 234",
            "도로명주소":"서울시 송파구 오금로 551",
            "세대수":90,
            "입주년차":100,
            "용적률점수":"--",
            "건폐율점수":"--",
            "세대당주차수":30,
            "난방방식":100,
            "공급면적":"--",
            "전용률":"--",
            "욕실수":100,
            "현관타입":100,
            "주거총점":86.0,
            "지역구공급총점":0.0,
            "역세권":80,
            "30분내 이동가능 거점":20,
            "1시간내 이동가능 거점":100,
            "교통총점":66.0,
            "백화점":0,
            "아울렛몰":100,
            "대형마트":80,
            "은행":20,
            "병원":0,
            "종합병원":100,
            "공원":100,
            "혐오시설":0,
            "인프라총점":47.0,
            "초등학군":89.99,
            "중학군":49.92,
            "학군총점":57.934,
            "인구수":73.41,
            "인구증감":-8.64,
            "인구총점":48.795,
            "일자리":40.19,
            "소득수준":64.36,
            "일자리총점":47.441,
            "가치 총점":63.0901,
            "매매실거래년":20211224.0,
            "매매실거래가":136700.0,
            "전세실거래년":20211130.0,
            "전세실거래가":55650.0,
            "전세가율":40.71,
            "장기전세가율평균":57.02,
            "전세가율거품지수":16.31,
            "검색코드":119875,
            "세대수":1199.0,
            "준공년월":"2020-06-01",
            "준공년차":3.0,
            "가까운역이름":"마천",
            "가까운역거리":292.27,
            "역세권여부":"역세권",
            "30분이내주요거점역":1,
            "30분거점역이름":"['잠실']",
            "1시간이내주요거점역":13,
            "1시간거점역이름":"['강남', '역삼', '잠실', '판교', '여의도', '을지로입구', '을지로3가', '양재', '정자', '왕십리', '구로디지털단지', '명동', '서현']",
            "3km이내백화점수":0,
            "5km이내아울렛몰수":2,
            "1km이내대형먀트수":1,
            "500m이내은행수":2,
            "500m이내병원수":0,
            "5km이내대형병원수":4,
            "500m이내공원수":7,
            "3km이내혐오시설수":0,
            "초등학교학업성취도":89.99,
            "중학교학업성취도":82.0,
            "용적률":277,
            "건폐율":20,
            "Y":37.493184,
            "X":127.150374,
            "rank":43.0,
            "area_info":"24평(81.76), 24평(81.42), 25평(82.67), 25평(82.65), 33평(111.22), 33평(111.77), 33평(111.49), 33평(111.02), 33평(111.48), 33평(111.44), 33평(111.05), 34평(112.87), 34평(114.85), 41평(137.68), 42평(139.21), 55평(182.94), 55평(183.6), 59평(198.28)",
            "last_sales":"2021-12-24,136700.0,24평(81.76)",
            "rank_history":[
                [
                    "202202",
                    43
                ],
                [
                    "202201",
                    59
                ]
            ],
            "rank_gap":16
        },
        {
            "index":380,
            "아파트명":"래미안송파파인탑",
            "투자타입":"일반",
            "전용면적(m2)":"75.31",
            "전용면적(평)":"22평",
            "법정동주소":"서울시 송파구 송파동 243",
            "도로명주소":"서울시 송파구 오금로32길 31",
            "세대수":80,
            "입주년차":60,
            "용적률점수":"--",
            "건폐율점수":"--",
            "세대당주차수":30,
            "난방방식":100,
            "공급면적":"--",
            "전용률":"--",
            "욕실수":100,
            "현관타입":100,
            "주거총점":74.5,
            "지역구공급총점":0.0,
            "역세권":50,
            "30분내 이동가능 거점":40,
            "1시간내 이동가능 거점":100,
            "교통총점":57.0,
            "백화점":100,
            "아울렛몰":100,
            "대형마트":0,
            "은행":0,
            "병원":0,
            "종합병원":100,
            "공원":100,
            "혐오시설":0,
            "인프라총점":63.0,
            "초등학군":89.99,
            "중학군":53.3,
            "학군총점":60.638,
            "인구수":73.41,
            "인구증감":-8.64,
            "인구총점":48.795,
            "일자리":40.19,
            "소득수준":64.36,
            "일자리총점":47.441,
            "가치 총점":62.8457,
            "매매실거래년":20211016.0,
            "매매실거래가":166000.0,
            "전세실거래년":20220111.0,
            "전세실거래가":75000.0,
            "전세가율":47.62,
            "장기전세가율평균":57.02,
            "전세가율거품지수":9.4,
            "검색코드":103139,
            "세대수":794.0,
            "준공년월":"2012-01-06",
            "준공년차":11.0,
            "가까운역이름":"오금",
            "가까운역거리":715.74,
            "역세권여부":"준역세권",
            "30분이내주요거점역":2,
            "30분거점역이름":"['역삼', '잠실']",
            "1시간이내주요거점역":12,
            "1시간거점역이름":"['강남', '역삼', '잠실', '판교', '여의도', '을지로입구', '양재', '정자', '왕십리', '구로디지털단지', '명동', '서현']",
            "3km이내백화점수":2,
            "5km이내아울렛몰수":2,
            "1km이내대형먀트수":0,
            "500m이내은행수":1,
            "500m이내병원수":0,
            "5km이내대형병원수":6,
            "500m이내공원수":6,
            "3km이내혐오시설수":0,
            "초등학교학업성취도":89.99,
            "중학교학업성취도":86.7,
            "용적률":253,
            "건폐율":20,
            "Y":37.502712,
            "X":127.120027,
            "rank":44.0,
            "area_info":"22평(75.31), 22평(75.6), 26평(88.39), 26평(88.05), 28평(94.59), 28평(94.72), 28평(94.76), 33평(111.06), 33평(111.15), 33평(111.64)",
            "last_sales":"2021-10-16,166000.0,26평(88.39)",
            "rank_history":[
                [
                    "202202",
                    44
                ],
                [
                    "202201",
                    50
                ]
            ],
            "rank_gap":6
        },
        {
            "index":711,
            "아파트명":"송파파인타운9단지",
            "투자타입":"일반",
            "전용면적(m2)":"83.75",
            "전용면적(평)":"25평",
            "법정동주소":"서울시 송파구 장지동 843",
            "도로명주소":"서울시 송파구 송파대로8길 17",
            "세대수":80,
            "입주년차":40,
            "용적률점수":"--",
            "건폐율점수":"--",
            "세대당주차수":30,
            "난방방식":30,
            "공급면적":"--",
            "전용률":"--",
            "욕실수":100,
            "현관타입":100,
            "주거총점":63.5,
            "지역구공급총점":0.0,
            "역세권":80,
            "30분내 이동가능 거점":60,
            "1시간내 이동가능 거점":100,
            "교통총점":78.0,
            "백화점":0,
            "아울렛몰":100,
            "대형마트":100,
            "은행":0,
            "병원":0,
            "종합병원":100,
            "공원":100,
            "혐오시설":0,
            "인프라총점":48.0,
            "초등학군":89.99,
            "중학군":47.88,
            "학군총점":56.302,
            "인구수":73.41,
            "인구증감":-8.64,
            "인구총점":48.795,
            "일자리":40.19,
            "소득수준":64.36,
            "일자리총점":47.441,
            "가치 총점":62.8453,
            "매매실거래년":20210527.0,
            "매매실거래가":119000.0,
            "전세실거래년":20211026.0,
            "전세실거래가":75000.0,
            "전세가율":68.81,
            "장기전세가율평균":57.02,
            "전세가율거품지수":-11.79,
            "검색코드":26107,
            "세대수":796.0,
            "준공년월":"2007-12-24",
            "준공년차":16.0,
            "가까운역이름":"장지",
            "가까운역거리":229.79,
            "역세권여부":"역세권",
            "30분이내주요거점역":3,
            "30분거점역이름":"['역삼', '잠실', '서현']",
            "1시간이내주요거점역":15,
            "1시간거점역이름":"['강남', '역삼', '잠실', '판교', '여의도', '을지로입구', '을지로3가', '양재', '정자', '수원시청', '왕십리', '홍대입구', '구로디지털단지', '명동', '서현']",
            "3km이내백화점수":0,
            "5km이내아울렛몰수":2,
            "1km이내대형먀트수":3,
            "500m이내은행수":1,
            "500m이내병원수":0,
            "5km이내대형병원수":5,
            "500m이내공원수":6,
            "3km이내혐오시설수":0,
            "초등학교학업성취도":89.99,
            "중학교학업성취도":79.6,
            "용적률":234,
            "건폐율":22,
            "Y":37.478312,
            "X":127.128748,
            "rank":45.0,
            "area_info":"25평(83.75), 25평(84.03), 25평(85.2)",
            "last_sales":"2021-05-27,119000.0,25평(85.2)",
            "rank_history":[
                [
                    "202202",
                    45
                ],
                [
                    "202201",
                    52
                ]
            ],
            "rank_gap":7
        },
        {
            "index":373,
            "아파트명":"석촌호수효성해링턴타워(도시형)",
            "투자타입":"일반",
            "전용면적(m2)":"29.37",
            "전용면적(평)":"8평",
            "법정동주소":"서울시 송파구 석촌동 24-3",
            "도로명주소":"서울시 송파구 석촌호수로 210",
            "세대수":0,
            "입주년차":80,
            "용적률점수":"--",
            "건폐율점수":"--",
            "세대당주차수":0,
            "난방방식":30,
            "공급면적":"--",
            "전용률":"--",
            "욕실수":50,
            "현관타입":10,
            "주거총점":25.0,
            "지역구공급총점":0.0,
            "역세권":50,
            "30분내 이동가능 거점":80,
            "1시간내 이동가능 거점":100,
            "교통총점":69.0,
            "백화점":100,
            "아울렛몰":100,
            "대형마트":100,
            "은행":70,
            "병원":0,
            "종합병원":100,
            "공원":100,
            "혐오시설":0,
            "인프라총점":85.0,
            "초등학군":89.98,
            "중학군":41.96,
            "학군총점":51.564,
            "인구수":73.41,
            "인구증감":-8.64,
            "인구총점":48.795,
            "일자리":40.19,
            "소득수준":64.36,
            "일자리총점":47.441,
            "가치 총점":62.3846,
            "매매실거래년":20211204.0,
            "매매실거래가":28800.0,
            "전세실거래년":20220125.0,
            "전세실거래가":23000.0,
            "전세가율":79.86,
            "장기전세가율평균":57.02,
            "전세가율거품지수":-22.84,
            "검색코드":110709,
            "세대수":257.0,
            "준공년월":"2015-08-26",
            "준공년차":8.0,
            "가까운역이름":"석촌",
            "가까운역거리":595.28,
            "역세권여부":"준역세권",
            "30분이내주요거점역":4,
            "30분거점역이름":"['강남', '역삼', '잠실', '양재']",
            "1시간이내주요거점역":16,
            "1시간거점역이름":"['강남', '역삼', '잠실', '판교', '여의도', '을지로입구', '을지로3가', '양재', '정자', '평촌', '가산디지털단지', '왕십리', '홍대입구', '구로디지털단지', '명동', '서현']",
            "3km이내백화점수":2,
            "5km이내아울렛몰수":2,
            "1km이내대형먀트수":3,
            "500m이내은행수":3,
            "500m이내병원수":0,
            "5km이내대형병원수":7,
            "500m이내공원수":3,
            "3km이내혐오시설수":0,
            "초등학교학업성취도":89.98,
            "중학교학업성취도":69.2,
            "용적률":399,
            "건폐율":47,
            "Y":37.506555,
            "X":127.100381,
            "rank":46.0,
            "area_info":"8평(29.37), 18평(61.5)",
            "last_sales":"2021-12-04,28800.0,8평(29.37)",
            "rank_history":[
                [
                    "202202",
                    46
                ],
                [
                    "202201",
                    55
                ]
            ],
            "rank_gap":9
        },
        {
            "index":515,
            "아파트명":"오금쌍용스윗닷홈1차",
            "투자타입":"일반",
            "전용면적(m2)":"107.17",
            "전용면적(평)":"32평",
            "법정동주소":"서울시 송파구 오금동 29",
            "도로명주소":"서울시 송파구 양재대로72길 42",
            "세대수":0,
            "입주년차":40,
            "용적률점수":"--",
            "건폐율점수":"--",
            "세대당주차수":30,
            "난방방식":30,
            "공급면적":"--",
            "전용률":"--",
            "욕실수":100,
            "현관타입":100,
            "주거총점":35.5,
            "지역구공급총점":0.0,
            "역세권":80,
            "30분내 이동가능 거점":20,
            "1시간내 이동가능 거점":100,
            "교통총점":66.0,
            "백화점":100,
            "아울렛몰":100,
            "대형마트":80,
            "은행":20,
            "병원":0,
            "종합병원":100,
            "공원":100,
            "혐오시설":0,
            "인프라총점":77.0,
            "초등학군":89.98,
            "중학군":50.32,
            "학군총점":58.252,
            "인구수":73.41,
            "인구증감":-8.64,
            "인구총점":48.795,
            "일자리":40.19,
            "소득수준":64.36,
            "일자리총점":47.441,
            "가치 총점":62.0378,
            "매매실거래년":20201219.0,
            "매매실거래가":126500.0,
            "전세실거래년":20211120.0,
            "전세실거래가":84000.0,
            "전세가율":66.4,
            "장기전세가율평균":57.02,
            "전세가율거품지수":-9.38,
            "검색코드":14240,
            "세대수":110.0,
            "준공년월":"2005-09-13",
            "준공년차":18.0,
            "가까운역이름":"방이",
            "가까운역거리":418.61,
            "역세권여부":"역세권",
            "30분이내주요거점역":1,
            "30분거점역이름":"['잠실']",
            "1시간이내주요거점역":13,
            "1시간거점역이름":"['강남', '역삼', '잠실', '판교', '여의도', '을지로입구', '을지로3가', '양재', '정자', '왕십리', '구로디지털단지', '명동', '서현']",
            "3km이내백화점수":2,
            "5km이내아울렛몰수":2,
            "1km이내대형먀트수":1,
            "500m이내은행수":2,
            "500m이내병원수":0,
            "5km이내대형병원수":5,
            "500m이내공원수":4,
            "3km이내혐오시설수":0,
            "초등학교학업성취도":89.98,
            "중학교학업성취도":81.8,
            "용적률":270,
            "건폐율":29,
            "Y":37.50802,
            "X":127.13076,
            "rank":47.0,
            "area_info":"32평(107.17)",
            "last_sales":"2020-12-19,126500.0,32평(107.17)",
            "rank_history":[
                [
                    "202202",
                    47
                ],
                [
                    "202201",
                    48
                ]
            ],
            "rank_gap":1
        },
        {
            "index":45,
            "아파트명":"래미안파크팰리스",
            "투자타입":"일반",
            "전용면적(m2)":"86.42",
            "전용면적(평)":"26평",
            "법정동주소":"서울시 송파구 가락동 165",
            "도로명주소":"서울시 송파구 동남로 225",
            "세대수":90,
            "입주년차":40,
            "용적률점수":"--",
            "건폐율점수":"--",
            "세대당주차수":60,
            "난방방식":100,
            "공급면적":"--",
            "전용률":"--",
            "욕실수":100,
            "현관타입":100,
            "주거총점":78.5,
            "지역구공급총점":0.0,
            "역세권":80,
            "30분내 이동가능 거점":40,
            "1시간내 이동가능 거점":100,
            "교통총점":72.0,
            "백화점":0,
            "아울렛몰":100,
            "대형마트":0,
            "은행":70,
            "병원":0,
            "종합병원":100,
            "공원":100,
            "혐오시설":0,
            "인프라총점":40.0,
            "초등학군":90.0,
            "중학군":53.3,
            "학군총점":60.64,
            "인구수":73.41,
            "인구증감":-8.64,
            "인구총점":48.795,
            "일자리":40.19,
            "소득수준":64.36,
            "일자리총점":47.441,
            "가치 총점":61.996,
            "매매실거래년":20210821.0,
            "매매실거래가":203000.0,
            "전세실거래년":20220119.0,
            "전세실거래가":68250.0,
            "전세가율":43.47,
            "장기전세가율평균":57.02,
            "전세가율거품지수":13.55,
            "검색코드":22809,
            "세대수":919.0,
            "준공년월":"2007-11-15",
            "준공년차":16.0,
            "가까운역이름":"개롱",
            "가까운역거리":213.17,
            "역세권여부":"역세권",
            "30분이내주요거점역":2,
            "30분거점역이름":"['역삼', '잠실']",
            "1시간이내주요거점역":13,
            "1시간거점역이름":"['강남', '역삼', '잠실', '판교', '여의도', '을지로입구', '을지로3가', '양재', '정자', '왕십리', '구로디지털단지', '명동', '서현']",
            "3km이내백화점수":0,
            "5km이내아울렛몰수":2,
            "1km이내대형먀트수":0,
            "500m이내은행수":4,
            "500m이내병원수":0,
            "5km이내대형병원수":5,
            "500m이내공원수":3,
            "3km이내혐오시설수":0,
            "초등학교학업성취도":90.0,
            "중학교학업성취도":86.3,
            "용적률":249,
            "건폐율":16,
            "Y":37.498181,
            "X":127.132407,
            "rank":48.0,
            "area_info":"26평(86.42), 32평(106.64), 32평(106.45), 32평(106.05), 43평(142.72)",
            "last_sales":"2021-08-21,203000.0,43평(142.72)",
            "rank_history":[
                [
                    "202202",
                    48
                ],
                [
                    "202201",
                    53
                ]
            ],
            "rank_gap":5
        },
        {
            "index":494,
            "아파트명":"상아2차",
            "투자타입":"재건축",
            "전용면적(m2)":"64.11",
            "전용면적(평)":"19평",
            "법정동주소":"서울시 송파구 오금동 165",
            "도로명주소":"서울시 송파구 오금로 407",
            "세대수":80,
            "입주년차":"--",
            "용적률점수":60,
            "건폐율점수":80,
            "세대당주차수":"--",
            "난방방식":"--",
            "공급면적":50,
            "전용률":60,
            "욕실수":"--",
            "현관타입":"--",
            "주거총점":69.5,
            "지역구공급총점":0.0,
            "역세권":80,
            "30분내 이동가능 거점":20,
            "1시간내 이동가능 거점":100,
            "교통총점":66.0,
            "백화점":0,
            "아울렛몰":100,
            "대형마트":80,
            "은행":100,
            "병원":0,
            "종합병원":100,
            "공원":100,
            "혐오시설":0,
            "인프라총점":55.0,
            "초등학군":89.98,
            "중학군":47.28,
            "학군총점":55.82,
            "인구수":73.41,
            "인구증감":-8.64,
            "인구총점":48.795,
            "일자리":40.19,
            "소득수준":64.36,
            "일자리총점":47.441,
            "가치 총점":61.873,
            "매매실거래년":20211204.0,
            "매매실거래가":120000.0,
            "전세실거래년":20220127.0,
            "전세실거래가":24000.0,
            "전세가율":25.26,
            "장기전세가율평균":57.02,
            "전세가율거품지수":31.76,
            "검색코드":628,
            "세대수":750.0,
            "준공년월":"1988-11-02",
            "준공년차":35.0,
            "가까운역이름":"개롱",
            "가까운역거리":168.75,
            "역세권여부":"역세권",
            "30분이내주요거점역":1,
            "30분거점역이름":"['잠실']",
            "1시간이내주요거점역":13,
            "1시간거점역이름":"['강남', '역삼', '잠실', '판교', '여의도', '을지로입구', '을지로3가', '양재', '정자', '왕십리', '구로디지털단지', '명동', '서현']",
            "3km이내백화점수":0,
            "5km이내아울렛몰수":2,
            "1km이내대형먀트수":1,
            "500m이내은행수":5,
            "500m이내병원수":0,
            "5km이내대형병원수":5,
            "500m이내공원수":7,
            "3km이내혐오시설수":0,
            "초등학교학업성취도":89.98,
            "중학교학업성취도":78.8,
            "용적률":249,
            "건폐율":22,
            "Y":37.497996,
            "X":127.13673,
            "rank":49.0,
            "area_info":"19평(64.11), 21평(70.82), 24평(82.26), 31평(104.82)",
            "last_sales":"2021-12-04,120000.0,24평(82.26)",
            "rank_history":[
                [
                    "202202",
                    49
                ],
                [
                    "202201",
                    67
                ]
            ],
            "rank_gap":18
        },
        {
            "index":368,
            "아파트명":"효성올림픽카운티",
            "투자타입":"일반",
            "전용면적(m2)":"52.48",
            "전용면적(평)":"15평",
            "법정동주소":"서울시 송파구 방이동 51-4",
            "도로명주소":"서울시 송파구 백제고분로 497",
            "세대수":0,
            "입주년차":20,
            "용적률점수":"--",
            "건폐율점수":"--",
            "세대당주차수":0,
            "난방방식":30,
            "공급면적":"--",
            "전용률":"--",
            "욕실수":50,
            "현관타입":50,
            "주거총점":17.0,
            "지역구공급총점":0.0,
            "역세권":80,
            "30분내 이동가능 거점":60,
            "1시간내 이동가능 거점":100,
            "교통총점":78.0,
            "백화점":100,
            "아울렛몰":100,
            "대형마트":80,
            "은행":20,
            "병원":0,
            "종합병원":100,
            "공원":100,
            "혐오시설":0,
            "인프라총점":77.0,
            "초등학군":89.99,
            "중학군":43.8,
            "학군총점":53.038,
            "인구수":73.41,
            "인구증감":-8.64,
            "인구총점":48.795,
            "일자리":40.19,
            "소득수준":64.36,
            "일자리총점":47.441,
            "가치 총점":61.7557,
            "매매실거래년":20211112.0,
            "매매실거래가":33800.0,
            "전세실거래년":20220104.0,
            "전세실거래가":26000.0,
            "전세가율":76.92,
            "장기전세가율평균":57.02,
            "전세가율거품지수":-19.9,
            "검색코드":8868,
            "세대수":138.0,
            "준공년월":"2003-09-30",
            "준공년차":20.0,
            "가까운역이름":"몽촌토성",
            "가까운역거리":338.07,
            "역세권여부":"역세권",
            "30분이내주요거점역":3,
            "30분거점역이름":"['강남', '역삼', '잠실']",
            "1시간이내주요거점역":15,
            "1시간거점역이름":"['강남', '역삼', '잠실', '판교', '여의도', '을지로입구', '을지로3가', '양재', '정자', '가산디지털단지', '왕십리', '홍대입구', '구로디지털단지', '명동', '서현']",
            "3km이내백화점수":3,
            "5km이내아울렛몰수":2,
            "1km이내대형먀트수":1,
            "500m이내은행수":2,
            "500m이내병원수":0,
            "5km이내대형병원수":7,
            "500m이내공원수":5,
            "3km이내혐오시설수":0,
            "초등학교학업성취도":89.99,
            "중학교학업성취도":72.4,
            "용적률":962,
            "건폐율":59,
            "Y":37.514943,
            "X":127.114601,
            "rank":50.0,
            "area_info":"15평(52.48), 16평(53.14), 23평(77.2)",
            "last_sales":"2021-11-12,33800.0,15평(52.48)",
            "rank_history":[
                [
                    "202202",
                    50
                ],
                [
                    "202201",
                    54
                ]
            ],
            "rank_gap":4
        },
        {
            "index":893,
            "아파트명":"현대리버빌2차",
            "투자타입":"일반",
            "전용면적(m2)":"60.18",
            "전용면적(평)":"18평",
            "법정동주소":"서울시 송파구 풍납동 261",
            "도로명주소":"서울시 송파구 풍성로24길 42",
            "세대수":30,
            "입주년차":20,
            "용적률점수":"--",
            "건폐율점수":"--",
            "세대당주차수":30,
            "난방방식":100,
            "공급면적":"--",
            "전용률":"--",
            "욕실수":50,
            "현관타입":10,
            "주거총점":35.0,
            "지역구공급총점":0.0,
            "역세권":80,
            "30분내 이동가능 거점":60,
            "1시간내 이동가능 거점":100,
            "교통총점":78.0,
            "백화점":100,
            "아울렛몰":80,
            "대형마트":0,
            "은행":20,
            "병원":0,
            "종합병원":100,
            "공원":100,
            "혐오시설":0,
            "인프라총점":63.0,
            "초등학군":89.96,
            "중학군":48.0,
            "학군총점":56.392,
            "인구수":73.41,
            "인구증감":-8.64,
            "인구총점":48.795,
            "일자리":40.19,
            "소득수준":64.36,
            "일자리총점":47.441,
            "가치 총점":61.6588,
            "매매실거래년":20211122.0,
            "매매실거래가":138000.0,
            "전세실거래년":20220115.0,
            "전세실거래가":20000.0,
            "전세가율":26.67,
            "장기전세가율평균":57.02,
            "전세가율거품지수":30.35,
            "검색코드":625,
            "세대수":384.0,
            "준공년월":"1999-11-30",
            "준공년차":24.0,
            "가까운역이름":"강동구청",
            "가까운역거리":407.01,
            "역세권여부":"역세권",
            "30분이내주요거점역":3,
            "30분거점역이름":"['강남', '역삼', '잠실']",
            "1시간이내주요거점역":15,
            "1시간거점역이름":"['강남', '역삼', '잠실', '판교', '여의도', '을지로입구', '을지로3가', '양재', '정자', '평촌', '왕십리', '홍대입구', '구로디지털단지', '명동', '서현']",
            "3km이내백화점수":3,
            "5km이내아울렛몰수":1,
            "1km이내대형먀트수":0,
            "500m이내은행수":2,
            "500m이내병원수":0,
            "5km이내대형병원수":7,
            "500m이내공원수":2,
            "3km이내혐오시설수":0,
            "초등학교학업성취도":89.96,
            "중학교학업성취도":79.6,
            "용적률":319,
            "건폐율":30,
            "Y":37.532249,
            "X":127.116569,
            "rank":51.0,
            "area_info":"18평(60.18), 26평(87.29), 31평(103.4), 32평(108.53), 42평(141.74)",
            "last_sales":"2021-11-22,138000.0,32평(108.53)",
            "rank_history":[
                [
                    "202202",
                    51
                ],
                [
                    "202201",
                    41
                ]
            ],
            "rank_gap":-10
        },
        {
            "index":16,
            "아파트명":"가락쌍용1차",
            "투자타입":"일반",
            "전용면적(m2)":"81.21",
            "전용면적(평)":"24평",
            "법정동주소":"서울시 송파구 가락동 140",
            "도로명주소":"서울시 송파구 동남로 193",
            "세대수":100,
            "입주년차":0,
            "용적률점수":"--",
            "건폐율점수":"--",
            "세대당주차수":0,
            "난방방식":80,
            "공급면적":"--",
            "전용률":"--",
            "욕실수":50,
            "현관타입":100,
            "주거총점":58.0,
            "지역구공급총점":0.0,
            "역세권":80,
            "30분내 이동가능 거점":40,
            "1시간내 이동가능 거점":100,
            "교통총점":72.0,
            "백화점":0,
            "아울렛몰":100,
            "대형마트":80,
            "은행":70,
            "병원":0,
            "종합병원":100,
            "공원":100,
            "혐오시설":0,
            "인프라총점":52.0,
            "초등학군":89.99,
            "중학군":53.3,
            "학군총점":60.638,
            "인구수":73.41,
            "인구증감":-8.64,
            "인구총점":48.795,
            "일자리":40.19,
            "소득수준":64.36,
            "일자리총점":47.441,
            "가치 총점":61.4957,
            "매매실거래년":20220112.0,
            "매매실거래가":141000.0,
            "전세실거래년":20220128.0,
            "전세실거래가":50000.0,
            "전세가율":35.46,
            "장기전세가율평균":57.02,
            "전세가율거품지수":21.56,
            "검색코드":598,
            "세대수":2064.0,
            "준공년월":"1997-03-20",
            "준공년차":26.0,
            "가까운역이름":"경찰병원",
            "가까운역거리":274.06,
            "역세권여부":"역세권",
            "30분이내주요거점역":2,
            "30분거점역이름":"['잠실', '양재']",
            "1시간이내주요거점역":14,
            "1시간거점역이름":"['강남', '역삼', '잠실', '판교', '여의도', '을지로입구', '을지로3가', '양재', '정자', '평촌', '왕십리', '구로디지털단지', '명동', '서현']",
            "3km이내백화점수":0,
            "5km이내아울렛몰수":2,
            "1km이내대형먀트수":1,
            "500m이내은행수":4,
            "500m이내병원수":0,
            "5km이내대형병원수":5,
            "500m이내공원수":7,
            "3km이내혐오시설수":0,
            "초등학교학업성취도":89.99,
            "중학교학업성취도":86.3,
            "용적률":343,
            "건폐율":23,
            "Y":37.495622,
            "X":127.127624,
            "rank":52.0,
            "area_info":"24평(81.21), 33평(110.67)",
            "last_sales":"2022-01-12,141000.0,24평(81.21)",
            "rank_history":[
                [
                    "202202",
                    52
                ],
                [
                    "202201",
                    56
                ]
            ],
            "rank_gap":4
        },
        {
            "index":528,
            "아파트명":"현대백조",
            "투자타입":"일반",
            "전용면적(m2)":"44.51",
            "전용면적(평)":"13평",
            "법정동주소":"서울시 송파구 오금동 11",
            "도로명주소":"서울시 송파구 양재대로72길 15",
            "세대수":50,
            "입주년차":0,
            "용적률점수":"--",
            "건폐율점수":"--",
            "세대당주차수":0,
            "난방방식":80,
            "공급면적":"--",
            "전용률":"--",
            "욕실수":50,
            "현관타입":10,
            "주거총점":31.5,
            "지역구공급총점":0.0,
            "역세권":80,
            "30분내 이동가능 거점":20,
            "1시간내 이동가능 거점":100,
            "교통총점":66.0,
            "백화점":100,
            "아울렛몰":100,
            "대형마트":80,
            "은행":20,
            "병원":0,
            "종합병원":100,
            "공원":100,
            "혐오시설":0,
            "인프라총점":77.0,
            "초등학군":89.98,
            "중학군":50.32,
            "학군총점":58.252,
            "인구수":73.41,
            "인구증감":-8.64,
            "인구총점":48.795,
            "일자리":40.19,
            "소득수준":64.36,
            "일자리총점":47.441,
            "가치 총점":61.2378,
            "매매실거래년":20210904.0,
            "매매실거래가":146500.0,
            "전세실거래년":20220115.0,
            "전세실거래가":21000.0,
            "전세가율":32.71,
            "장기전세가율평균":57.02,
            "전세가율거품지수":24.31,
            "검색코드":633,
            "세대수":438.0,
            "준공년월":"1997-01-24",
            "준공년차":26.0,
            "가까운역이름":"방이",
            "가까운역거리":273.14,
            "역세권여부":"역세권",
            "30분이내주요거점역":1,
            "30분거점역이름":"['잠실']",
            "1시간이내주요거점역":14,
            "1시간거점역이름":"['강남', '역삼', '잠실', '판교', '여의도', '을지로입구', '을지로3가', '양재', '정자', '왕십리', '홍대입구', '구로디지털단지', '명동', '서현']",
            "3km이내백화점수":2,
            "5km이내아울렛몰수":2,
            "1km이내대형먀트수":1,
            "500m이내은행수":2,
            "500m이내병원수":0,
            "5km이내대형병원수":6,
            "500m이내공원수":4,
            "3km이내혐오시설수":0,
            "초등학교학업성취도":89.98,
            "중학교학업성취도":81.8,
            "용적률":0,
            "건폐율":0,
            "Y":37.509087,
            "X":127.129216,
            "rank":53.0,
            "area_info":"13평(44.51), 30평(102.27), 30평(102.0), 31평(104.42), 33평(110.51), 42평(140.43)",
            "last_sales":"2021-09-04,146500.0,33평(110.51)",
            "rank_history":[
                [
                    "202202",
                    53
                ],
                [
                    "202201",
                    51
                ]
            ],
            "rank_gap":-2
        },
        {
            "index":620,
            "아파트명":"현대",
            "투자타입":"재건축",
            "전용면적(m2)":"86.91",
            "전용면적(평)":"26평",
            "법정동주소":"서울시 송파구 잠실동 331",
            "도로명주소":"서울시 송파구 백제고분로18길 7",
            "세대수":30,
            "입주년차":"--",
            "용적률점수":20,
            "건폐율점수":0,
            "세대당주차수":"--",
            "난방방식":"--",
            "공급면적":70,
            "전용률":80,
            "욕실수":"--",
            "현관타입":"--",
            "주거총점":24.5,
            "지역구공급총점":0.0,
            "역세권":50,
            "30분내 이동가능 거점":100,
            "1시간내 이동가능 거점":100,
            "교통총점":75.0,
            "백화점":100,
            "아울렛몰":100,
            "대형마트":0,
            "은행":70,
            "병원":0,
            "종합병원":100,
            "공원":100,
            "혐오시설":0,
            "인프라총점":70.0,
            "초등학군":89.99,
            "중학군":52.06,
            "학군총점":59.646,
            "인구수":73.41,
            "인구증감":-8.64,
            "인구총점":48.795,
            "일자리":40.19,
            "소득수준":64.36,
            "일자리총점":47.441,
            "가치 총점":61.0969,
            "매매실거래년":20211223.0,
            "매매실거래가":148000.0,
            "전세실거래년":20210710.0,
            "전세실거래가":45150.0,
            "전세가율":36.71,
            "장기전세가율평균":57.02,
            "전세가율거품지수":20.31,
            "검색코드":640,
            "세대수":336.0,
            "준공년월":"1990-08-17",
            "준공년차":33.0,
            "가까운역이름":"잠실새내",
            "가까운역거리":855.27,
            "역세권여부":"준역세권",
            "30분이내주요거점역":5,
            "30분거점역이름":"['강남', '역삼', '잠실', '양재', '왕십리']",
            "1시간이내주요거점역":16,
            "1시간거점역이름":"['강남', '역삼', '잠실', '판교', '여의도', '을지로입구', '을지로3가', '양재', '정자', '평촌', '가산디지털단지', '왕십리', '홍대입구', '구로디지털단지', '명동', '서현']",
            "3km이내백화점수":4,
            "5km이내아울렛몰수":2,
            "1km이내대형먀트수":0,
            "500m이내은행수":4,
            "500m이내병원수":0,
            "5km이내대형병원수":7,
            "500m이내공원수":5,
            "3km이내혐오시설수":0,
            "초등학교학업성취도":89.99,
            "중학교학업성취도":85.1,
            "용적률":257,
            "건폐율":0,
            "Y":37.504025,
            "X":127.085312,
            "rank":54.0,
            "area_info":"26평(86.91), 26평(87.63), 30평(102.37), 30평(102.35)",
            "last_sales":"2021-12-23,148000.0,30평(102.37)",
            "rank_history":[
                [
                    "202202",
                    54
                ],
                [
                    "202201",
                    57
                ]
            ],
            "rank_gap":3
        },
        {
            "index":862,
            "아파트명":"잠실올림픽공원아이파크",
            "투자타입":"일반",
            "전용면적(m2)":"75.04",
            "전용면적(평)":"22평",
            "법정동주소":"서울시 송파구 풍납동 514",
            "도로명주소":"서울시 송파구 올림픽로43길 34",
            "세대수":50,
            "입주년차":100,
            "용적률점수":"--",
            "건폐율점수":"--",
            "세대당주차수":60,
            "난방방식":100,
            "공급면적":"--",
            "전용률":"--",
            "욕실수":50,
            "현관타입":100,
            "주거총점":71.5,
            "지역구공급총점":0.0,
            "역세권":50,
            "30분내 이동가능 거점":40,
            "1시간내 이동가능 거점":100,
            "교통총점":57.0,
            "백화점":100,
            "아울렛몰":80,
            "대형마트":0,
            "은행":0,
            "병원":0,
            "종합병원":100,
            "공원":80,
            "혐오시설":0,
            "인프라총점":60.4,
            "초등학군":89.99,
            "중학군":50.2,
            "학군총점":58.158,
            "인구수":73.41,
            "인구증감":-8.64,
            "인구총점":48.795,
            "일자리":40.19,
            "소득수준":64.36,
            "일자리총점":47.441,
            "가치 총점":61.0937,
            "매매실거래년":20201124.0,
            "매매실거래가":197000.0,
            "전세실거래년":20211003.0,
            "전세실거래가":52500.0,
            "전세가율":45.65,
            "장기전세가율평균":57.02,
            "전세가율거품지수":11.37,
            "검색코드":115046,
            "세대수":697.0,
            "준공년월":"2019-11-14",
            "준공년차":4.0,
            "가까운역이름":"강동구청",
            "가까운역거리":710.53,
            "역세권여부":"준역세권",
            "30분이내주요거점역":2,
            "30분거점역이름":"['역삼', '잠실']",
            "1시간이내주요거점역":14,
            "1시간거점역이름":"['강남', '역삼', '잠실', '판교', '여의도', '을지로입구', '을지로3가', '양재', '정자', '왕십리', '홍대입구', '구로디지털단지', '명동', '서현']",
            "3km이내백화점수":3,
            "5km이내아울렛몰수":1,
            "1km이내대형먀트수":0,
            "500m이내은행수":1,
            "500m이내병원수":0,
            "5km이내대형병원수":8,
            "500m이내공원수":1,
            "3km이내혐오시설수":0,
            "초등학교학업성취도":89.99,
            "중학교학업성취도":82.4,
            "용적률":299,
            "건폐율":22,
            "Y":37.525903,
            "X":127.114711,
            "rank":55.0,
            "area_info":"22평(75.04), 25평(83.63), 25평(84.03), 25평(84.7), 25평(84.49), 31평(103.69), 31평(104.19), 31평(105.17), 34평(112.75), 34평(114.45), 34평(114.69), 43평(144.99)",
            "last_sales":"2020-11-24,197000.0,43평(144.99)",
            "rank_history":[
                [
                    "202202",
                    55
                ],
                [
                    "202201",
                    43
                ]
            ],
            "rank_gap":-12
        },
        {
            "index":882,
            "아파트명":"현대리버빌1지구",
            "투자타입":"일반",
            "전용면적(m2)":"58.83",
            "전용면적(평)":"17평",
            "법정동주소":"서울시 송파구 풍납동 260",
            "도로명주소":"서울시 송파구 토성로 37",
            "세대수":50,
            "입주년차":20,
            "용적률점수":"--",
            "건폐율점수":"--",
            "세대당주차수":30,
            "난방방식":100,
            "공급면적":"--",
            "전용률":"--",
            "욕실수":50,
            "현관타입":10,
            "주거총점":42.0,
            "지역구공급총점":0.0,
            "역세권":80,
            "30분내 이동가능 거점":40,
            "1시간내 이동가능 거점":100,
            "교통총점":72.0,
            "백화점":100,
            "아울렛몰":80,
            "대형마트":0,
            "은행":20,
            "병원":0,
            "종합병원":100,
            "공원":80,
            "혐오시설":0,
            "인프라총점":62.4,
            "초등학군":89.96,
            "중학군":48.0,
            "학군총점":56.392,
            "인구수":73.41,
            "인구증감":-8.64,
            "인구총점":48.795,
            "일자리":40.19,
            "소득수준":64.36,
            "일자리총점":47.441,
            "가치 총점":60.7788,
            "매매실거래년":20211231.0,
            "매매실거래가":185000.0,
            "전세실거래년":20220112.0,
            "전세실거래가":29400.0,
            "전세가율":35.64,
            "장기전세가율평균":57.02,
            "전세가율거품지수":21.38,
            "검색코드":422,
            "세대수":557.0,
            "준공년월":"1999-11-15",
            "준공년차":24.0,
            "가까운역이름":"강동구청",
            "가까운역거리":435.57,
            "역세권여부":"역세권",
            "30분이내주요거점역":2,
            "30분거점역이름":"['역삼', '잠실']",
            "1시간이내주요거점역":15,
            "1시간거점역이름":"['강남', '역삼', '잠실', '판교', '여의도', '을지로입구', '을지로3가', '양재', '정자', '평촌', '왕십리', '홍대입구', '구로디지털단지', '명동', '서현']",
            "3km이내백화점수":3,
            "5km이내아울렛몰수":1,
            "1km이내대형먀트수":0,
            "500m이내은행수":2,
            "500m이내병원수":0,
            "5km이내대형병원수":7,
            "500m이내공원수":1,
            "3km이내혐오시설수":0,
            "초등학교학업성취도":89.96,
            "중학교학업성취도":79.6,
            "용적률":276,
            "건폐율":29,
            "Y":37.53062,
            "X":127.115581,
            "rank":56.0,
            "area_info":"17평(58.83), 19평(65.61), 24평(80.47), 25평(83.04), 31평(104.11), 32평(107.97), 42평(140.4), 56평(187.66), 61평(204.81), 66평(221.25), 67평(223.83)",
            "last_sales":"2021-12-31,185000.0,67평(223.83)",
            "rank_history":[
                [
                    "202202",
                    56
                ],
                [
                    "202201",
                    44
                ]
            ],
            "rank_gap":-12
        },
        {
            "index":408,
            "아파트명":"한양1차",
            "투자타입":"재건축",
            "전용면적(m2)":"88.65",
            "전용면적(평)":"26평",
            "법정동주소":"서울시 송파구 송파동 119",
            "도로명주소":"서울시 송파구 가락로 187",
            "세대수":50,
            "입주년차":"--",
            "용적률점수":80,
            "건폐율점수":0,
            "세대당주차수":"--",
            "난방방식":"--",
            "공급면적":70,
            "전용률":60,
            "욕실수":"--",
            "현관타입":"--",
            "주거총점":53.5,
            "지역구공급총점":0.0,
            "역세권":50,
            "30분내 이동가능 거점":40,
            "1시간내 이동가능 거점":100,
            "교통총점":57.0,
            "백화점":100,
            "아울렛몰":100,
            "대형마트":0,
            "은행":70,
            "병원":0,
            "종합병원":100,
            "공원":100,
            "혐오시설":0,
            "인프라총점":70.0,
            "초등학군":89.97,
            "중학군":53.3,
            "학군총점":60.634,
            "인구수":73.41,
            "인구증감":-8.64,
            "인구총점":48.795,
            "일자리":40.19,
            "소득수준":64.36,
            "일자리총점":47.441,
            "가치 총점":60.7451,
            "매매실거래년":20211011.0,
            "매매실거래가":212000.0,
            "전세실거래년":20211211.0,
            "전세실거래가":36750.0,
            "전세가율":23.71,
            "장기전세가율평균":57.02,
            "전세가율거품지수":33.31,
            "검색코드":383,
            "세대수":576.0,
            "준공년월":"1983-12-21",
            "준공년차":40.0,
            "가까운역이름":"석촌",
            "가까운역거리":666.47,
            "역세권여부":"준역세권",
            "30분이내주요거점역":2,
            "30분거점역이름":"['역삼', '잠실']",
            "1시간이내주요거점역":15,
            "1시간거점역이름":"['강남', '역삼', '잠실', '판교', '여의도', '을지로입구', '을지로3가', '양재', '정자', '평촌', '가산디지털단지', '왕십리', '구로디지털단지', '명동', '서현']",
            "3km이내백화점수":2,
            "5km이내아울렛몰수":2,
            "1km이내대형먀트수":0,
            "500m이내은행수":3,
            "500m이내병원수":0,
            "5km이내대형병원수":6,
            "500m이내공원수":8,
            "3km이내혐오시설수":0,
            "초등학교학업성취도":89.97,
            "중학교학업성취도":86.7,
            "용적률":157,
            "건폐율":0,
            "Y":37.505977,
            "X":127.114503,
            "rank":57.0,
            "area_info":"26평(88.65), 34평(113.11), 39평(129.42), 44평(148.59), 44평(148.39), 51평(171.68)",
            "last_sales":"2021-10-11,212000.0,51평(171.68)",
            "rank_history":[
                [
                    "202202",
                    57
                ],
                [
                    "202201",
                    58
                ]
            ],
            "rank_gap":1
        },
        {
            "index":858,
            "아파트명":"유천파크맨션",
            "투자타입":"재건축",
            "전용면적(m2)":"64.24",
            "전용면적(평)":"19평",
            "법정동주소":"서울시 송파구 풍납동 147-4",
            "도로명주소":"서울시 송파구 풍성로25나길 16",
            "세대수":0,
            "입주년차":"--",
            "용적률점수":0,
            "건폐율점수":0,
            "세대당주차수":"--",
            "난방방식":"--",
            "공급면적":50,
            "전용률":60,
            "욕실수":"--",
            "현관타입":"--",
            "주거총점":5.5,
            "지역구공급총점":0.0,
            "역세권":80,
            "30분내 이동가능 거점":60,
            "1시간내 이동가능 거점":100,
            "교통총점":78.0,
            "백화점":100,
            "아울렛몰":80,
            "대형마트":100,
            "은행":0,
            "병원":0,
            "종합병원":100,
            "공원":100,
            "혐오시설":0,
            "인프라총점":76.0,
            "초등학군":89.98,
            "중학군":48.0,
            "학군총점":56.396,
            "인구수":73.41,
            "인구증감":-8.64,
            "인구총점":48.795,
            "일자리":40.19,
            "소득수준":64.36,
            "일자리총점":47.441,
            "가치 총점":59.6594,
            "매매실거래년":"18000101",
            "매매실거래가":null,
            "전세실거래년":null,
            "전세실거래가":null,
            "전세가율":null,
            "장기전세가율평균":57.02,
            "전세가율거품지수":null,
            "검색코드":16190,
            "세대수":114.0,
            "준공년월":"1983-05-09",
            "준공년차":40.0,
            "가까운역이름":"천호",
            "가까운역거리":396.53,
            "역세권여부":"역세권",
            "30분이내주요거점역":3,
            "30분거점역이름":"['역삼', '잠실', '왕십리']",
            "1시간이내주요거점역":15,
            "1시간거점역이름":"['강남', '역삼', '잠실', '판교', '여의도', '을지로입구', '을지로3가', '양재', '정자', '평촌', '왕십리', '홍대입구', '구로디지털단지', '명동', '서현']",
            "3km이내백화점수":2,
            "5km이내아울렛몰수":1,
            "1km이내대형먀트수":3,
            "500m이내은행수":1,
            "500m이내병원수":0,
            "5km이내대형병원수":7,
            "500m이내공원수":2,
            "3km이내혐오시설수":0,
            "초등학교학업성취도":89.98,
            "중학교학업성취도":79.6,
            "용적률":0,
            "건폐율":0,
            "Y":37.536454,
            "X":127.119801,
            "rank":58.0,
            "area_info":"19평(64.24), 24평(81.28), 25평(85.24), 30평(100.12)",
            "last_sales":"1800-01-01,nan,19평(64.24)",
            "rank_history":[
                [
                    "202202",
                    58
                ],
                [
                    "202201",
                    64
                ]
            ],
            "rank_gap":6
        },
        {
            "index":41,
            "아파트명":"극동",
            "투자타입":"재건축",
            "전용면적(m2)":"79.36",
            "전용면적(평)":"24평",
            "법정동주소":"서울시 송파구 가락동 192",
            "도로명주소":"서울시 송파구 동남로18길 9",
            "세대수":50,
            "입주년차":"--",
            "용적률점수":80,
            "건폐율점수":100,
            "세대당주차수":"--",
            "난방방식":"--",
            "공급면적":50,
            "전용률":60,
            "욕실수":"--",
            "현관타입":"--",
            "주거총점":72.5,
            "지역구공급총점":0.0,
            "역세권":80,
            "30분내 이동가능 거점":20,
            "1시간내 이동가능 거점":100,
            "교통총점":66.0,
            "백화점":0,
            "아울렛몰":100,
            "대형마트":0,
            "은행":100,
            "병원":0,
            "종합병원":100,
            "공원":100,
            "혐오시설":0,
            "인프라총점":43.0,
            "초등학군":89.99,
            "중학군":53.3,
            "학군총점":60.638,
            "인구수":73.41,
            "인구증감":-8.64,
            "인구총점":48.795,
            "일자리":40.19,
            "소득수준":64.36,
            "일자리총점":47.441,
            "가치 총점":59.5957,
            "매매실거래년":20210722.0,
            "매매실거래가":189000.0,
            "전세실거래년":20220128.0,
            "전세실거래가":38000.0,
            "전세가율":29.23,
            "장기전세가율평균":57.02,
            "전세가율거품지수":27.79,
            "검색코드":593,
            "세대수":555.0,
            "준공년월":"1984-12-10",
            "준공년차":39.0,
            "가까운역이름":"개롱",
            "가까운역거리":315.89,
            "역세권여부":"역세권",
            "30분이내주요거점역":1,
            "30분거점역이름":"['잠실']",
            "1시간이내주요거점역":13,
            "1시간거점역이름":"['강남', '역삼', '잠실', '판교', '여의도', '을지로입구', '을지로3가', '양재', '정자', '왕십리', '구로디지털단지', '명동', '서현']",
            "3km이내백화점수":0,
            "5km이내아울렛몰수":2,
            "1km이내대형먀트수":0,
            "500m이내은행수":5,
            "500m이내병원수":0,
            "5km이내대형병원수":5,
            "500m이내공원수":5,
            "3km이내혐오시설수":0,
            "초등학교학업성취도":89.99,
            "중학교학업성취도":86.3,
            "용적률":179,
            "건폐율":13,
            "Y":37.495626,
            "X":127.133014,
            "rank":59.0,
            "area_info":"24평(79.36), 30평(102.19), 42평(139.57), 51평(171.42)",
            "last_sales":"2021-07-22,189000.0,42평(139.57)",
            "rank_history":[
                [
                    "202202",
                    59
                ],
                [
                    "202201",
                    60
                ]
            ],
            "rank_gap":1
        },
        {
            "index":874,
            "아파트명":"토성현대",
            "투자타입":"재건축",
            "전용면적(m2)":"65.83",
            "전용면적(평)":"19평",
            "법정동주소":"서울시 송파구 풍납동 251-2",
            "도로명주소":"서울시 송파구 풍성로14길 19",
            "세대수":0,
            "입주년차":"--",
            "용적률점수":80,
            "건폐율점수":0,
            "세대당주차수":"--",
            "난방방식":"--",
            "공급면적":50,
            "전용률":60,
            "욕실수":"--",
            "현관타입":"--",
            "주거총점":37.5,
            "지역구공급총점":0.0,
            "역세권":80,
            "30분내 이동가능 거점":40,
            "1시간내 이동가능 거점":100,
            "교통총점":72.0,
            "백화점":100,
            "아울렛몰":80,
            "대형마트":0,
            "은행":0,
            "병원":0,
            "종합병원":100,
            "공원":100,
            "혐오시설":0,
            "인프라총점":61.0,
            "초등학군":89.96,
            "중학군":48.0,
            "학군총점":56.392,
            "인구수":73.41,
            "인구증감":-8.64,
            "인구총점":48.795,
            "일자리":40.19,
            "소득수준":64.36,
            "일자리총점":47.441,
            "가치 총점":59.4588,
            "매매실거래년":20210525.0,
            "매매실거래가":71500.0,
            "전세실거래년":20211229.0,
            "전세실거래가":30000.0,
            "전세가율":41.96,
            "장기전세가율평균":57.02,
            "전세가율거품지수":15.06,
            "검색코드":3762,
            "세대수":132.0,
            "준공년월":"1986-07-31",
            "준공년차":37.0,
            "가까운역이름":"강동구청",
            "가까운역거리":447.31,
            "역세권여부":"역세권",
            "30분이내주요거점역":2,
            "30분거점역이름":"['역삼', '잠실']",
            "1시간이내주요거점역":13,
            "1시간거점역이름":"['강남', '역삼', '잠실', '판교', '여의도', '을지로입구', '을지로3가', '양재', '정자', '왕십리', '구로디지털단지', '명동', '서현']",
            "3km이내백화점수":3,
            "5km이내아울렛몰수":1,
            "1km이내대형먀트수":0,
            "500m이내은행수":1,
            "500m이내병원수":0,
            "5km이내대형병원수":7,
            "500m이내공원수":2,
            "3km이내혐오시설수":0,
            "초등학교학업성취도":89.96,
            "중학교학업성취도":79.6,
            "용적률":194,
            "건폐율":0,
            "Y":37.532553,
            "X":127.116271,
            "rank":60.0,
            "area_info":"19평(65.83), 23평(76.68)",
            "last_sales":"2021-05-25,71500.0,19평(65.83)",
            "rank_history":[
                [
                    "202202",
                    60
                ],
                [
                    "202201",
                    49
                ]
            ],
            "rank_gap":-11
        },
        {
            "index":166,
            "아파트명":"거여2단지효성,동아",
            "투자타입":"일반",
            "전용면적(m2)":"122.89",
            "전용면적(평)":"37평",
            "법정동주소":"서울시 송파구 거여동 291",
            "도로명주소":"서울시 송파구 양산로8길 24",
            "세대수":50,
            "입주년차":0,
            "용적률점수":"--",
            "건폐율점수":"--",
            "세대당주차수":80,
            "난방방식":100,
            "공급면적":"--",
            "전용률":"--",
            "욕실수":100,
            "현관타입":100,
            "주거총점":59.5,
            "지역구공급총점":0.0,
            "역세권":80,
            "30분내 이동가능 거점":20,
            "1시간내 이동가능 거점":100,
            "교통총점":66.0,
            "백화점":0,
            "아울렛몰":100,
            "대형마트":80,
            "은행":70,
            "병원":0,
            "종합병원":100,
            "공원":100,
            "혐오시설":0,
            "인프라총점":52.0,
            "초등학군":90.2,
            "중학군":49.92,
            "학군총점":57.976,
            "인구수":73.41,
            "인구증감":-8.64,
            "인구총점":48.795,
            "일자리":40.19,
            "소득수준":64.36,
            "일자리총점":47.441,
            "가치 총점":59.2964,
            "매매실거래년":20210823.0,
            "매매실거래가":139500.0,
            "전세실거래년":20211007.0,
            "전세실거래가":75000.0,
            "전세가율":53.76,
            "장기전세가율평균":57.02,
            "전세가율거품지수":3.26,
            "검색코드":353,
            "세대수":478.0,
            "준공년월":"1997-12-15",
            "준공년차":26.0,
            "가까운역이름":"거여",
            "가까운역거리":359.41,
            "역세권여부":"역세권",
            "30분이내주요거점역":1,
            "30분거점역이름":"['잠실']",
            "1시간이내주요거점역":13,
            "1시간거점역이름":"['강남', '역삼', '잠실', '판교', '여의도', '을지로입구', '을지로3가', '양재', '정자', '왕십리', '구로디지털단지', '명동', '서현']",
            "3km이내백화점수":0,
            "5km이내아울렛몰수":2,
            "1km이내대형먀트수":1,
            "500m이내은행수":3,
            "500m이내병원수":0,
            "5km이내대형병원수":3,
            "500m이내공원수":6,
            "3km이내혐오시설수":0,
            "초등학교학업성취도":90.2,
            "중학교학업성취도":82.0,
            "용적률":235,
            "건폐율":21,
            "Y":37.490362,
            "X":127.146305,
            "rank":61.0,
            "area_info":"37평(122.89), 47평(158.37)",
            "last_sales":"2021-08-23,139500.0,37평(122.89)",
            "rank_history":[
                [
                    "202202",
                    61
                ],
                [
                    "202201",
                    73
                ]
            ],
            "rank_gap":12
        },
        {
            "index":698,
            "아파트명":"송파파인타운5단지",
            "투자타입":"일반",
            "전용면적(m2)":"109.81",
            "전용면적(평)":"33평",
            "법정동주소":"서울시 송파구 장지동 845",
            "도로명주소":"서울시 송파구 충민로4길 5",
            "세대수":50,
            "입주년차":40,
            "용적률점수":"--",
            "건폐율점수":"--",
            "세대당주차수":30,
            "난방방식":30,
            "공급면적":"--",
            "전용률":"--",
            "욕실수":100,
            "현관타입":100,
            "주거총점":53.0,
            "지역구공급총점":0.0,
            "역세권":80,
            "30분내 이동가능 거점":40,
            "1시간내 이동가능 거점":100,
            "교통총점":72.0,
            "백화점":0,
            "아울렛몰":100,
            "대형마트":100,
            "은행":20,
            "병원":0,
            "종합병원":100,
            "공원":100,
            "혐오시설":0,
            "인프라총점":50.0,
            "초등학군":89.99,
            "중학군":47.88,
            "학군총점":56.302,
            "인구수":73.41,
            "인구증감":-8.64,
            "인구총점":48.795,
            "일자리":40.19,
            "소득수준":64.36,
            "일자리총점":47.441,
            "가치 총점":59.2453,
            "매매실거래년":20210807.0,
            "매매실거래가":155000.0,
            "전세실거래년":20220115.0,
            "전세실거래가":63000.0,
            "전세가율":43.45,
            "장기전세가율평균":57.02,
            "전세가율거품지수":13.57,
            "검색코드":26472,
            "세대수":455.0,
            "준공년월":"2008-08-22",
            "준공년차":15.0,
            "가까운역이름":"장지",
            "가까운역거리":366.88,
            "역세권여부":"역세권",
            "30분이내주요거점역":2,
            "30분거점역이름":"['잠실', '서현']",
            "1시간이내주요거점역":15,
            "1시간거점역이름":"['강남', '역삼', '잠실', '판교', '여의도', '을지로입구', '을지로3가', '양재', '정자', '평촌', '왕십리', '홍대입구', '구로디지털단지', '명동', '서현']",
            "3km이내백화점수":0,
            "5km이내아울렛몰수":2,
            "1km이내대형먀트수":2,
            "500m이내은행수":2,
            "500m이내병원수":0,
            "5km이내대형병원수":5,
            "500m이내공원수":6,
            "3km이내혐오시설수":0,
            "초등학교학업성취도":89.99,
            "중학교학업성취도":79.6,
            "용적률":239,
            "건폐율":16,
            "Y":37.480096,
            "X":127.12996,
            "rank":62.0,
            "area_info":"33평(109.81), 33평(109.84), 33평(110.04)",
            "last_sales":"2021-08-07,155000.0,33평(109.84)",
            "rank_history":[
                [
                    "202202",
                    62
                ],
                [
                    "202201",
                    65
                ]
            ],
            "rank_gap":3
        },
        {
            "index":416,
            "아파트명":"호수임광",
            "투자타입":"일반",
            "전용면적(m2)":"68.82",
            "전용면적(평)":"20평",
            "법정동주소":"서울시 송파구 송파동 33",
            "도로명주소":"서울시 송파구 송파대로48길 29",
            "세대수":0,
            "입주년차":0,
            "용적률점수":"--",
            "건폐율점수":"--",
            "세대당주차수":30,
            "난방방식":30,
            "공급면적":"--",
            "전용률":"--",
            "욕실수":50,
            "현관타입":10,
            "주거총점":13.5,
            "지역구공급총점":0.0,
            "역세권":50,
            "30분내 이동가능 거점":60,
            "1시간내 이동가능 거점":100,
            "교통총점":63.0,
            "백화점":100,
            "아울렛몰":100,
            "대형마트":100,
            "은행":100,
            "병원":0,
            "종합병원":100,
            "공원":100,
            "혐오시설":0,
            "인프라총점":88.0,
            "초등학군":89.97,
            "중학군":43.8,
            "학군총점":53.034,
            "인구수":73.41,
            "인구증감":-8.64,
            "인구총점":48.795,
            "일자리":40.19,
            "소득수준":64.36,
            "일자리총점":47.441,
            "가치 총점":59.1051,
            "매매실거래년":20190703.0,
            "매매실거래가":84800.0,
            "전세실거래년":20181005.0,
            "전세실거래가":44000.0,
            "전세가율":null,
            "장기전세가율평균":57.02,
            "전세가율거품지수":null,
            "검색코드":617,
            "세대수":227.0,
            "준공년월":"1995-10-17",
            "준공년차":28.0,
            "가까운역이름":"석촌",
            "가까운역거리":548.56,
            "역세권여부":"준역세권",
            "30분이내주요거점역":3,
            "30분거점역이름":"['강남', '역삼', '잠실']",
            "1시간이내주요거점역":16,
            "1시간거점역이름":"['강남', '역삼', '잠실', '판교', '여의도', '을지로입구', '을지로3가', '양재', '정자', '평촌', '가산디지털단지', '왕십리', '홍대입구', '구로디지털단지', '명동', '서현']",
            "3km이내백화점수":2,
            "5km이내아울렛몰수":2,
            "1km이내대형먀트수":4,
            "500m이내은행수":5,
            "500m이내병원수":0,
            "5km이내대형병원수":7,
            "500m이내공원수":3,
            "3km이내혐오시설수":0,
            "초등학교학업성취도":89.97,
            "중학교학업성취도":72.4,
            "용적률":313,
            "건폐율":37,
            "Y":37.510348,
            "X":127.107484,
            "rank":63.0,
            "area_info":"20평(68.82), 22평(73.24), 22평(74.69), 23평(77.34), 28평(95.77), 33평(109.82), 33평(109.65)",
            "last_sales":"2019-07-03,84800.0,33평(109.65)",
            "rank_history":[
                [
                    "202202",
                    63
                ],
                [
                    "202201",
                    63
                ]
            ],
            "rank_gap":0
        },
        {
            "index":38,
            "아파트명":"가락한신",
            "투자타입":"일반",
            "전용면적(m2)":"102.12",
            "전용면적(평)":"30평",
            "법정동주소":"서울시 송파구 가락동 102",
            "도로명주소":"서울시 송파구 송파대로 220",
            "세대수":0,
            "입주년차":0,
            "용적률점수":"--",
            "건폐율점수":"--",
            "세대당주차수":0,
            "난방방식":80,
            "공급면적":"--",
            "전용률":"--",
            "욕실수":100,
            "현관타입":100,
            "주거총점":28.0,
            "지역구공급총점":0.0,
            "역세권":80,
            "30분내 이동가능 거점":60,
            "1시간내 이동가능 거점":100,
            "교통총점":78.0,
            "백화점":0,
            "아울렛몰":100,
            "대형마트":100,
            "은행":70,
            "병원":0,
            "종합병원":100,
            "공원":100,
            "혐오시설":0,
            "인프라총점":55.0,
            "초등학군":89.96,
            "중학군":54.52,
            "학군총점":61.608,
            "인구수":73.41,
            "인구증감":-8.64,
            "인구총점":48.795,
            "일자리":40.19,
            "소득수준":64.36,
            "일자리총점":47.441,
            "가치 총점":58.6412,
            "매매실거래년":20211215.0,
            "매매실거래가":145000.0,
            "전세실거래년":20211211.0,
            "전세실거래가":65000.0,
            "전세가율":51.18,
            "장기전세가율평균":57.02,
            "전세가율거품지수":5.84,
            "검색코드":341,
            "세대수":256.0,
            "준공년월":"1993-04-29",
            "준공년차":30.0,
            "가까운역이름":"문정",
            "가까운역거리":427.85,
            "역세권여부":"역세권",
            "30분이내주요거점역":3,
            "30분거점역이름":"['역삼', '잠실', '양재']",
            "1시간이내주요거점역":15,
            "1시간거점역이름":"['강남', '역삼', '잠실', '판교', '여의도', '을지로입구', '을지로3가', '양재', '정자', '평촌', '왕십리', '홍대입구', '구로디지털단지', '명동', '서현']",
            "3km이내백화점수":0,
            "5km이내아울렛몰수":2,
            "1km이내대형먀트수":2,
            "500m이내은행수":4,
            "500m이내병원수":0,
            "5km이내대형병원수":3,
            "500m이내공원수":4,
            "3km이내혐오시설수":0,
            "초등학교학업성취도":89.96,
            "중학교학업성취도":88.4,
            "용적률":267,
            "건폐율":0,
            "Y":37.48964,
            "X":127.121628,
            "rank":64.0,
            "area_info":"30평(102.12), 30평(102.31)",
            "last_sales":"2021-12-15,145000.0,30평(102.31)",
            "rank_history":[
                [
                    "202202",
                    64
                ],
                [
                    "202201",
                    66
                ]
            ],
            "rank_gap":2
        },
        {
            "index":331,
            "아파트명":"방이금호어울림",
            "투자타입":"일반",
            "전용면적(m2)":"75.28",
            "전용면적(평)":"22평",
            "법정동주소":"서울시 송파구 방이동 157",
            "도로명주소":"서울시 송파구 위례성대로8길 28",
            "세대수":0,
            "입주년차":20,
            "용적률점수":"--",
            "건폐율점수":"--",
            "세대당주차수":30,
            "난방방식":100,
            "공급면적":"--",
            "전용률":"--",
            "욕실수":50,
            "현관타입":100,
            "주거총점":33.5,
            "지역구공급총점":0.0,
            "역세권":50,
            "30분내 이동가능 거점":40,
            "1시간내 이동가능 거점":100,
            "교통총점":57.0,
            "백화점":100,
            "아울렛몰":100,
            "대형마트":80,
            "은행":0,
            "병원":0,
            "종합병원":100,
            "공원":100,
            "혐오시설":0,
            "인프라총점":75.0,
            "초등학군":89.99,
            "중학군":53.8,
            "학군총점":61.038,
            "인구수":73.41,
            "인구증감":-8.64,
            "인구총점":48.795,
            "일자리":40.19,
            "소득수준":64.36,
            "일자리총점":47.441,
            "가치 총점":58.3057,
            "매매실거래년":20210625.0,
            "매매실거래가":123300.0,
            "전세실거래년":20201210.0,
            "전세실거래가":47000.0,
            "전세가율":53.41,
            "장기전세가율평균":57.02,
            "전세가율거품지수":3.61,
            "검색코드":3429,
            "세대수":144.0,
            "준공년월":"2001-05-16",
            "준공년차":22.0,
            "가까운역이름":"몽촌토성",
            "가까운역거리":746.77,
            "역세권여부":"준역세권",
            "30분이내주요거점역":2,
            "30분거점역이름":"['역삼', '잠실']",
            "1시간이내주요거점역":13,
            "1시간거점역이름":"['강남', '역삼', '잠실', '판교', '여의도', '을지로입구', '을지로3가', '양재', '정자', '왕십리', '구로디지털단지', '명동', '서현']",
            "3km이내백화점수":3,
            "5km이내아울렛몰수":2,
            "1km이내대형먀트수":1,
            "500m이내은행수":1,
            "500m이내병원수":0,
            "5km이내대형병원수":6,
            "500m이내공원수":5,
            "3km이내혐오시설수":0,
            "초등학교학업성취도":89.99,
            "중학교학업성취도":87.4,
            "용적률":284,
            "건폐율":31,
            "Y":37.512483,
            "X":127.118114,
            "rank":65.0,
            "area_info":"22평(75.28), 32평(106.34)",
            "last_sales":"2021-06-25,123300.0,32평(106.34)",
            "rank_history":[
                [
                    "202202",
                    65
                ],
                [
                    "202201",
                    62
                ]
            ],
            "rank_gap":-3
        },
        {
            "index":394,
            "아파트명":"성지",
            "투자타입":"재건축",
            "전용면적(m2)":"81.66",
            "전용면적(평)":"24평",
            "법정동주소":"서울시 송파구 송파동 171",
            "도로명주소":"서울시 송파구 송이로12길 11",
            "세대수":0,
            "입주년차":"--",
            "용적률점수":0,
            "건폐율점수":0,
            "세대당주차수":"--",
            "난방방식":"--",
            "공급면적":70,
            "전용률":80,
            "욕실수":"--",
            "현관타입":"--",
            "주거총점":7.5,
            "지역구공급총점":0.0,
            "역세권":80,
            "30분내 이동가능 거점":20,
            "1시간내 이동가능 거점":100,
            "교통총점":66.0,
            "백화점":100,
            "아울렛몰":100,
            "대형마트":80,
            "은행":70,
            "병원":0,
            "종합병원":100,
            "공원":100,
            "혐오시설":0,
            "인프라총점":82.0,
            "초등학군":89.99,
            "중학군":53.3,
            "학군총점":60.638,
            "인구수":73.41,
            "인구증감":-8.64,
            "인구총점":48.795,
            "일자리":40.19,
            "소득수준":64.36,
            "일자리총점":47.441,
            "가치 총점":58.2957,
            "매매실거래년":20210826.0,
            "매매실거래가":145000.0,
            "전세실거래년":20200513.0,
            "전세실거래가":30000.0,
            "전세가율":27.78,
            "장기전세가율평균":57.02,
            "전세가율거품지수":29.24,
            "검색코드":616,
            "세대수":298.0,
            "준공년월":"1992-12-17",
            "준공년차":31.0,
            "가까운역이름":"송파",
            "가까운역거리":446.71,
            "역세권여부":"역세권",
            "30분이내주요거점역":1,
            "30분거점역이름":"['잠실']",
            "1시간이내주요거점역":15,
            "1시간거점역이름":"['강남', '역삼', '잠실', '판교', '여의도', '을지로입구', '을지로3가', '양재', '정자', '평촌', '가산디지털단지', '왕십리', '구로디지털단지', '명동', '서현']",
            "3km이내백화점수":2,
            "5km이내아울렛몰수":2,
            "1km이내대형먀트수":1,
            "500m이내은행수":3,
            "500m이내병원수":0,
            "5km이내대형병원수":6,
            "500m이내공원수":7,
            "3km이내혐오시설수":0,
            "초등학교학업성취도":89.99,
            "중학교학업성취도":86.7,
            "용적률":0,
            "건폐율":0,
            "Y":37.500123,
            "X":127.117219,
            "rank":66.0,
            "area_info":"24평(81.66), 30평(100.26)",
            "last_sales":"2021-08-26,145000.0,30평(100.26)",
            "rank_history":[
                [
                    "202202",
                    66
                ],
                [
                    "202201",
                    68
                ]
            ],
            "rank_gap":2
        },
        {
            "index":683,
            "아파트명":"송파파인타운13단지",
            "투자타입":"일반",
            "전용면적(m2)":"113.95",
            "전용면적(평)":"34평",
            "법정동주소":"서울시 송파구 장지동 857",
            "도로명주소":"서울시 송파구 송파대로8길 10",
            "세대수":0,
            "입주년차":60,
            "용적률점수":"--",
            "건폐율점수":"--",
            "세대당주차수":30,
            "난방방식":30,
            "공급면적":"--",
            "전용률":"--",
            "욕실수":100,
            "현관타입":100,
            "주거총점":39.5,
            "지역구공급총점":0.0,
            "역세권":80,
            "30분내 이동가능 거점":60,
            "1시간내 이동가능 거점":100,
            "교통총점":78.0,
            "백화점":0,
            "아울렛몰":100,
            "대형마트":100,
            "은행":0,
            "병원":0,
            "종합병원":100,
            "공원":100,
            "혐오시설":0,
            "인프라총점":48.0,
            "초등학군":89.99,
            "중학군":47.88,
            "학군총점":56.302,
            "인구수":73.41,
            "인구증감":-8.64,
            "인구총점":48.795,
            "일자리":40.19,
            "소득수준":64.36,
            "일자리총점":47.441,
            "가치 총점":58.0453,
            "매매실거래년":20210628.0,
            "매매실거래가":165000.0,
            "전세실거래년":20211203.0,
            "전세실거래가":90000.0,
            "전세가율":55.9,
            "장기전세가율평균":57.02,
            "전세가율거품지수":1.12,
            "검색코드":102611,
            "세대수":197.0,
            "준공년월":"2011-01-27",
            "준공년차":12.0,
            "가까운역이름":"장지",
            "가까운역거리":266.76,
            "역세권여부":"역세권",
            "30분이내주요거점역":3,
            "30분거점역이름":"['역삼', '잠실', '서현']",
            "1시간이내주요거점역":14,
            "1시간거점역이름":"['강남', '역삼', '잠실', '판교', '여의도', '을지로입구', '을지로3가', '양재', '정자', '수원시청', '왕십리', '구로디지털단지', '명동', '서현']",
            "3km이내백화점수":0,
            "5km이내아울렛몰수":2,
            "1km이내대형먀트수":3,
            "500m이내은행수":1,
            "500m이내병원수":0,
            "5km이내대형병원수":5,
            "500m이내공원수":5,
            "3km이내혐오시설수":0,
            "초등학교학업성취도":89.99,
            "중학교학업성취도":79.6,
            "용적률":186,
            "건폐율":20,
            "Y":37.477085,
            "X":127.128423,
            "rank":67.0,
            "area_info":"34평(113.95), 34평(114.35), 34평(114.79), 34평(114.74)",
            "last_sales":"2021-06-28,165000.0,34평(114.35)",
            "rank_history":[
                [
                    "202202",
                    67
                ],
                [
                    "202201",
                    70
                ]
            ],
            "rank_gap":3
        },
        {
            "index":492,
            "아파트명":"삼성",
            "투자타입":"재건축",
            "전용면적(m2)":"93.09",
            "전용면적(평)":"28평",
            "법정동주소":"서울시 송파구 오금동 160",
            "도로명주소":"서울시 송파구 문정로 197",
            "세대수":0,
            "입주년차":"--",
            "용적률점수":80,
            "건폐율점수":80,
            "세대당주차수":"--",
            "난방방식":"--",
            "공급면적":70,
            "전용률":60,
            "욕실수":"--",
            "현관타입":"--",
            "주거총점":54.5,
            "지역구공급총점":0.0,
            "역세권":80,
            "30분내 이동가능 거점":20,
            "1시간내 이동가능 거점":100,
            "교통총점":66.0,
            "백화점":0,
            "아울렛몰":100,
            "대형마트":80,
            "은행":70,
            "병원":0,
            "종합병원":100,
            "공원":100,
            "혐오시설":0,
            "인프라총점":52.0,
            "초등학군":89.98,
            "중학군":47.28,
            "학군총점":55.82,
            "인구수":73.41,
            "인구증감":-8.64,
            "인구총점":48.795,
            "일자리":40.19,
            "소득수준":64.36,
            "일자리총점":47.441,
            "가치 총점":57.973,
            "매매실거래년":20211019.0,
            "매매실거래가":125000.0,
            "전세실거래년":20210930.0,
            "전세실거래가":58000.0,
            "전세가율":53.7,
            "장기전세가율평균":57.02,
            "전세가율거품지수":3.32,
            "검색코드":627,
            "세대수":215.0,
            "준공년월":"1989-05-15",
            "준공년차":34.0,
            "가까운역이름":"개롱",
            "가까운역거리":440.45,
            "역세권여부":"역세권",
            "30분이내주요거점역":1,
            "30분거점역이름":"['잠실']",
            "1시간이내주요거점역":13,
            "1시간거점역이름":"['강남', '역삼', '잠실', '판교', '여의도', '을지로입구', '을지로3가', '양재', '정자', '왕십리', '구로디지털단지', '명동', '서현']",
            "3km이내백화점수":0,
            "5km이내아울렛몰수":2,
            "1km이내대형먀트수":1,
            "500m이내은행수":3,
            "500m이내병원수":0,
            "5km이내대형병원수":5,
            "500m이내공원수":8,
            "3km이내혐오시설수":0,
            "초등학교학업성취도":89.98,
            "중학교학업성취도":78.8,
            "용적률":207,
            "건폐율":22,
            "Y":37.496321,
            "X":127.139294,
            "rank":68.0,
            "area_info":"28평(93.09), 31평(105.77)",
            "last_sales":"2021-10-19,125000.0,31평(105.77)",
            "rank_history":[
                [
                    "202202",
                    68
                ],
                [
                    "202201",
                    85
                ]
            ],
            "rank_gap":17
        },
        {
            "index":676,
            "아파트명":"송파파인타운10단지",
            "투자타입":"일반",
            "전용면적(m2)":"82.83",
            "전용면적(평)":"25평",
            "법정동주소":"서울시 송파구 장지동 856",
            "도로명주소":"서울시 송파구 송파대로8길 20",
            "세대수":50,
            "입주년차":40,
            "용적률점수":"--",
            "건폐율점수":"--",
            "세대당주차수":30,
            "난방방식":30,
            "공급면적":"--",
            "전용률":"--",
            "욕실수":100,
            "현관타입":100,
            "주거총점":53.0,
            "지역구공급총점":0.0,
            "역세권":80,
            "30분내 이동가능 거점":40,
            "1시간내 이동가능 거점":100,
            "교통총점":72.0,
            "백화점":0,
            "아울렛몰":100,
            "대형마트":80,
            "은행":0,
            "병원":0,
            "종합병원":100,
            "공원":100,
            "혐오시설":0,
            "인프라총점":45.0,
            "초등학군":89.99,
            "중학군":47.88,
            "학군총점":56.302,
            "인구수":73.41,
            "인구증감":-8.64,
            "인구총점":48.795,
            "일자리":40.19,
            "소득수준":64.36,
            "일자리총점":47.441,
            "가치 총점":57.7453,
            "매매실거래년":20210731.0,
            "매매실거래가":137000.0,
            "전세실거래년":20220122.0,
            "전세실거래가":54070.0,
            "전세가율":39.47,
            "장기전세가율평균":57.02,
            "전세가율거품지수":17.55,
            "검색코드":25929,
            "세대수":545.0,
            "준공년월":"2007-08-20",
            "준공년차":16.0,
            "가까운역이름":"장지",
            "가까운역거리":394.73,
            "역세권여부":"역세권",
            "30분이내주요거점역":2,
            "30분거점역이름":"['잠실', '서현']",
            "1시간이내주요거점역":14,
            "1시간거점역이름":"['강남', '역삼', '잠실', '판교', '여의도', '을지로입구', '을지로3가', '양재', '정자', '수원시청', '왕십리', '구로디지털단지', '명동', '서현']",
            "3km이내백화점수":0,
            "5km이내아울렛몰수":2,
            "1km이내대형먀트수":1,
            "500m이내은행수":1,
            "500m이내병원수":0,
            "5km이내대형병원수":5,
            "500m이내공원수":4,
            "3km이내혐오시설수":0,
            "초등학교학업성취도":89.99,
            "중학교학업성취도":79.6,
            "용적률":197,
            "건폐율":19,
            "Y":37.477179,
            "X":127.130231,
            "rank":69.0,
            "area_info":"25평(82.83), 24평(82.14)",
            "last_sales":"2021-07-31,137000.0,25평(82.83)",
            "rank_history":[
                [
                    "202202",
                    69
                ],
                [
                    "202201",
                    72
                ]
            ],
            "rank_gap":3
        },
        {
            "index":5,
            "아파트명":"가락대림",
            "투자타입":"재건축",
            "전용면적(m2)":"73.93",
            "전용면적(평)":"22평",
            "법정동주소":"서울시 송파구 가락동 70-19",
            "도로명주소":"서울시 송파구 송이로 88",
            "세대수":50,
            "입주년차":"--",
            "용적률점수":0,
            "건폐율점수":0,
            "세대당주차수":"--",
            "난방방식":"--",
            "공급면적":50,
            "전용률":80,
            "욕실수":"--",
            "현관타입":"--",
            "주거총점":21.5,
            "지역구공급총점":0.0,
            "역세권":50,
            "30분내 이동가능 거점":40,
            "1시간내 이동가능 거점":100,
            "교통총점":57.0,
            "백화점":100,
            "아울렛몰":100,
            "대형마트":80,
            "은행":70,
            "병원":0,
            "종합병원":100,
            "공원":100,
            "혐오시설":0,
            "인프라총점":82.0,
            "초등학군":89.99,
            "중학군":51.12,
            "학군총점":58.894,
            "인구수":73.41,
            "인구증감":-8.64,
            "인구총점":48.795,
            "일자리":40.19,
            "소득수준":64.36,
            "일자리총점":47.441,
            "가치 총점":57.6841,
            "매매실거래년":20211011.0,
            "매매실거래가":143000.0,
            "전세실거래년":20220109.0,
            "전세실거래가":50000.0,
            "전세가율":41.15,
            "장기전세가율평균":57.02,
            "전세가율거품지수":15.87,
            "검색코드":595,
            "세대수":443.0,
            "준공년월":"1988-11-18",
            "준공년차":35.0,
            "가까운역이름":"송파",
            "가까운역거리":573.67,
            "역세권여부":"준역세권",
            "30분이내주요거점역":2,
            "30분거점역이름":"['역삼', '잠실']",
            "1시간이내주요거점역":14,
            "1시간거점역이름":"['강남', '역삼', '잠실', '판교', '여의도', '을지로입구', '을지로3가', '양재', '정자', '평촌', '왕십리', '구로디지털단지', '명동', '서현']",
            "3km이내백화점수":2,
            "5km이내아울렛몰수":2,
            "1km이내대형먀트수":1,
            "500m이내은행수":3,
            "500m이내병원수":0,
            "5km이내대형병원수":5,
            "500m이내공원수":7,
            "3km이내혐오시설수":0,
            "초등학교학업성취도":89.99,
            "중학교학업성취도":83.0,
            "용적률":0,
            "건폐율":0,
            "Y":37.499404,
            "X":127.118675,
            "rank":70.0,
            "area_info":"22평(73.93), 26평(88.85), 27평(90.09), 28평(95.45), 30평(101.59), 30평(101.02), 35평(118.07), 40평(133.27), 42평(141.31)",
            "last_sales":"2021-10-11,143000.0,30평(101.59)",
            "rank_history":[
                [
                    "202202",
                    70
                ],
                [
                    "202201",
                    71
                ]
            ],
            "rank_gap":1
        },
        {
            "index":274,
            "아파트명":"건영",
            "투자타입":"일반",
            "전용면적(m2)":"94.03",
            "전용면적(평)":"28평",
            "법정동주소":"서울시 송파구 문정동 72-3",
            "도로명주소":"서울시 송파구 새말로8길 12",
            "세대수":50,
            "입주년차":0,
            "용적률점수":"--",
            "건폐율점수":"--",
            "세대당주차수":0,
            "난방방식":100,
            "공급면적":"--",
            "전용률":"--",
            "욕실수":100,
            "현관타입":100,
            "주거총점":47.5,
            "지역구공급총점":0.0,
            "역세권":80,
            "30분내 이동가능 거점":40,
            "1시간내 이동가능 거점":100,
            "교통총점":72.0,
            "백화점":0,
            "아울렛몰":100,
            "대형마트":100,
            "은행":0,
            "병원":0,
            "종합병원":100,
            "공원":100,
            "혐오시설":0,
            "인프라총점":48.0,
            "초등학군":89.96,
            "중학군":47.88,
            "학군총점":56.296,
            "인구수":73.41,
            "인구증감":-8.64,
            "인구총점":48.795,
            "일자리":40.19,
            "소득수준":64.36,
            "일자리총점":47.441,
            "가치 총점":57.5444,
            "매매실거래년":20210821.0,
            "매매실거래가":154000.0,
            "전세실거래년":20211124.0,
            "전세실거래가":60000.0,
            "전세가율":47.62,
            "장기전세가율평균":57.02,
            "전세가율거품지수":9.4,
            "검색코드":608,
            "세대수":545.0,
            "준공년월":"1993-01-30",
            "준공년차":30.0,
            "가까운역이름":"장지",
            "가까운역거리":374.51,
            "역세권여부":"역세권",
            "30분이내주요거점역":2,
            "30분거점역이름":"['잠실', '서현']",
            "1시간이내주요거점역":15,
            "1시간거점역이름":"['강남', '역삼', '잠실', '판교', '여의도', '을지로입구', '을지로3가', '양재', '정자', '수원시청', '왕십리', '홍대입구', '구로디지털단지', '명동', '서현']",
            "3km이내백화점수":0,
            "5km이내아울렛몰수":2,
            "1km이내대형먀트수":3,
            "500m이내은행수":1,
            "500m이내병원수":0,
            "5km이내대형병원수":5,
            "500m이내공원수":8,
            "3km이내혐오시설수":0,
            "초등학교학업성취도":89.96,
            "중학교학업성취도":79.6,
            "용적률":0,
            "건폐율":0,
            "Y":37.482,
            "X":127.125324,
            "rank":71.0,
            "area_info":"28평(94.03), 31평(103.86), 31평(103.91), 31평(103.87), 31평(103.61), 31평(104.42)",
            "last_sales":"2021-08-21,154000.0,31평(103.86)",
            "rank_history":[
                [
                    "202202",
                    71
                ],
                [
                    "202201",
                    69
                ]
            ],
            "rank_gap":-2
        },
        {
            "index":816,
            "아파트명":"동아한가람",
            "투자타입":"일반",
            "전용면적(m2)":"74.56",
            "전용면적(평)":"22평",
            "법정동주소":"서울시 송파구 풍납동 506",
            "도로명주소":"서울시 송파구 한가람로 448",
            "세대수":80,
            "입주년차":0,
            "용적률점수":"--",
            "건폐율점수":"--",
            "세대당주차수":0,
            "난방방식":30,
            "공급면적":"--",
            "전용률":"--",
            "욕실수":50,
            "현관타입":100,
            "주거총점":46.0,
            "지역구공급총점":0.0,
            "역세권":50,
            "30분내 이동가능 거점":20,
            "1시간내 이동가능 거점":100,
            "교통총점":51.0,
            "백화점":100,
            "아울렛몰":80,
            "대형마트":80,
            "은행":0,
            "병원":0,
            "종합병원":100,
            "공원":80,
            "혐오시설":0,
            "인프라총점":72.4,
            "초등학군":89.98,
            "중학군":48.0,
            "학군총점":56.396,
            "인구수":73.41,
            "인구증감":-8.64,
            "인구총점":48.795,
            "일자리":40.19,
            "소득수준":64.36,
            "일자리총점":47.441,
            "가치 총점":57.2294,
            "매매실거래년":20211019.0,
            "매매실거래가":105000.0,
            "전세실거래년":20211207.0,
            "전세실거래가":39900.0,
            "전세가율":38.0,
            "장기전세가율평균":57.02,
            "전세가율거품지수":19.02,
            "검색코드":643,
            "세대수":782.0,
            "준공년월":"1995-06-13",
            "준공년차":28.0,
            "가까운역이름":"천호",
            "가까운역거리":743.92,
            "역세권여부":"준역세권",
            "30분이내주요거점역":1,
            "30분거점역이름":"['잠실']",
            "1시간이내주요거점역":14,
            "1시간거점역이름":"['강남', '역삼', '잠실', '판교', '여의도', '을지로입구', '을지로3가', '양재', '정자', '왕십리', '홍대입구', '구로디지털단지', '명동', '서현']",
            "3km이내백화점수":2,
            "5km이내아울렛몰수":1,
            "1km이내대형먀트수":1,
            "500m이내은행수":1,
            "500m이내병원수":0,
            "5km이내대형병원수":7,
            "500m이내공원수":1,
            "3km이내혐오시설수":0,
            "초등학교학업성취도":89.98,
            "중학교학업성취도":79.6,
            "용적률":342,
            "건폐율":28,
            "Y":37.537339,
            "X":127.115241,
            "rank":72.0,
            "area_info":"22평(74.56), 22평(74.45), 31평(104.94), 31평(105.58), 32평(105.82)",
            "last_sales":"2021-10-19,105000.0,22평(74.56)",
            "rank_history":[
                [
                    "202202",
                    72
                ],
                [
                    "202201",
                    79
                ]
            ],
            "rank_gap":7
        },
        {
            "index":161,
            "아파트명":"거여1단지",
            "투자타입":"일반",
            "전용면적(m2)":"54.87",
            "전용면적(평)":"16평",
            "법정동주소":"서울시 송파구 거여동 290",
            "도로명주소":"서울시 송파구 양산로8길 8",
            "세대수":90,
            "입주년차":0,
            "용적률점수":"--",
            "건폐율점수":"--",
            "세대당주차수":0,
            "난방방식":100,
            "공급면적":"--",
            "전용률":"--",
            "욕실수":50,
            "현관타입":10,
            "주거총점":47.5,
            "지역구공급총점":0.0,
            "역세권":80,
            "30분내 이동가능 거점":20,
            "1시간내 이동가능 거점":100,
            "교통총점":66.0,
            "백화점":0,
            "아울렛몰":100,
            "대형마트":80,
            "은행":70,
            "병원":0,
            "종합병원":100,
            "공원":100,
            "혐오시설":0,
            "인프라총점":52.0,
            "초등학군":90.2,
            "중학군":49.92,
            "학군총점":57.976,
            "인구수":73.41,
            "인구증감":-8.64,
            "인구총점":48.795,
            "일자리":40.19,
            "소득수준":64.36,
            "일자리총점":47.441,
            "가치 총점":56.8964,
            "매매실거래년":20210614.0,
            "매매실거래가":106000.0,
            "전세실거래년":20210113.0,
            "전세실거래가":22000.0,
            "전세가율":51.76,
            "장기전세가율평균":57.02,
            "전세가율거품지수":5.26,
            "검색코드":352,
            "세대수":1004.0,
            "준공년월":"1997-11-25",
            "준공년차":26.0,
            "가까운역이름":"거여",
            "가까운역거리":203.64,
            "역세권여부":"역세권",
            "30분이내주요거점역":1,
            "30분거점역이름":"['잠실']",
            "1시간이내주요거점역":13,
            "1시간거점역이름":"['강남', '역삼', '잠실', '판교', '여의도', '을지로입구', '을지로3가', '양재', '정자', '왕십리', '구로디지털단지', '명동', '서현']",
            "3km이내백화점수":0,
            "5km이내아울렛몰수":2,
            "1km이내대형먀트수":1,
            "500m이내은행수":3,
            "500m이내병원수":0,
            "5km이내대형병원수":3,
            "500m이내공원수":8,
            "3km이내혐오시설수":0,
            "초등학교학업성취도":90.2,
            "중학교학업성취도":82.0,
            "용적률":275,
            "건폐율":30,
            "Y":37.491314,
            "X":127.144632,
            "rank":73.0,
            "area_info":"16평(54.87), 16평(55.81), 21평(70.18), 25평(83.18), 25평(84.17)",
            "last_sales":"2021-06-14,106000.0,25평(84.17)",
            "rank_history":[
                [
                    "202202",
                    73
                ],
                [
                    "202201",
                    87
                ]
            ],
            "rank_gap":14
        },
        {
            "index":706,
            "아파트명":"송파파인타운7단지",
            "투자타입":"일반",
            "전용면적(m2)":"114.7",
            "전용면적(평)":"34평",
            "법정동주소":"서울시 송파구 장지동 844",
            "도로명주소":"서울시 송파구 충민로4길 19",
            "세대수":50,
            "입주년차":40,
            "용적률점수":"--",
            "건폐율점수":"--",
            "세대당주차수":30,
            "난방방식":30,
            "공급면적":"--",
            "전용률":"--",
            "욕실수":100,
            "현관타입":100,
            "주거총점":53.0,
            "지역구공급총점":0.0,
            "역세권":80,
            "30분내 이동가능 거점":20,
            "1시간내 이동가능 거점":100,
            "교통총점":66.0,
            "백화점":0,
            "아울렛몰":100,
            "대형마트":100,
            "은행":0,
            "병원":0,
            "종합병원":100,
            "공원":100,
            "혐오시설":0,
            "인프라총점":48.0,
            "초등학군":89.99,
            "중학군":47.88,
            "학군총점":56.302,
            "인구수":73.41,
            "인구증감":-8.64,
            "인구총점":48.795,
            "일자리":40.19,
            "소득수준":64.36,
            "일자리총점":47.441,
            "가치 총점":56.5453,
            "매매실거래년":20210828.0,
            "매매실거래가":155000.0,
            "전세실거래년":20211205.0,
            "전세실거래가":85000.0,
            "전세가율":57.63,
            "장기전세가율평균":57.02,
            "전세가율거품지수":-0.61,
            "검색코드":26106,
            "세대수":537.0,
            "준공년월":"2007-12-24",
            "준공년차":16.0,
            "가까운역이름":"장지",
            "가까운역거리":424.29,
            "역세권여부":"역세권",
            "30분이내주요거점역":1,
            "30분거점역이름":"['잠실']",
            "1시간이내주요거점역":14,
            "1시간거점역이름":"['강남', '역삼', '잠실', '판교', '여의도', '을지로입구', '을지로3가', '양재', '정자', '평촌', '왕십리', '구로디지털단지', '명동', '서현']",
            "3km이내백화점수":0,
            "5km이내아울렛몰수":2,
            "1km이내대형먀트수":2,
            "500m이내은행수":1,
            "500m이내병원수":0,
            "5km이내대형병원수":5,
            "500m이내공원수":5,
            "3km이내혐오시설수":0,
            "초등학교학업성취도":89.99,
            "중학교학업성취도":79.6,
            "용적률":239,
            "건폐율":22,
            "Y":37.479158,
            "X":127.130965,
            "rank":74.0,
            "area_info":"34평(114.7), 34평(114.83), 34평(115.19)",
            "last_sales":"2021-08-28,155000.0,34평(114.83)",
            "rank_history":[
                [
                    "202202",
                    74
                ],
                [
                    "202201",
                    75
                ]
            ],
            "rank_gap":1
        },
        {
            "index":808,
            "아파트명":"극동",
            "투자타입":"재건축",
            "전용면적(m2)":"81.74",
            "전용면적(평)":"24평",
            "법정동주소":"서울시 송파구 풍납동 391",
            "도로명주소":"서울시 송파구 올림픽로45길 11",
            "세대수":50,
            "입주년차":"--",
            "용적률점수":60,
            "건폐율점수":0,
            "세대당주차수":"--",
            "난방방식":"--",
            "공급면적":70,
            "전용률":60,
            "욕실수":"--",
            "현관타입":"--",
            "주거총점":45.5,
            "지역구공급총점":0.0,
            "역세권":50,
            "30분내 이동가능 거점":40,
            "1시간내 이동가능 거점":100,
            "교통총점":57.0,
            "백화점":100,
            "아울렛몰":80,
            "대형마트":0,
            "은행":20,
            "병원":0,
            "종합병원":100,
            "공원":80,
            "혐오시설":0,
            "인프라총점":62.4,
            "초등학군":89.99,
            "중학군":50.2,
            "학군총점":58.158,
            "인구수":73.41,
            "인구증감":-8.64,
            "인구총점":48.795,
            "일자리":40.19,
            "소득수준":64.36,
            "일자리총점":47.441,
            "가치 총점":56.4937,
            "매매실거래년":20211013.0,
            "매매실거래가":119500.0,
            "전세실거래년":20220127.0,
            "전세실거래가":36750.0,
            "전세가율":30.75,
            "장기전세가율평균":57.02,
            "전세가율거품지수":26.27,
            "검색코드":648,
            "세대수":415.0,
            "준공년월":"1987-12-15",
            "준공년차":36.0,
            "가까운역이름":"강동구청",
            "가까운역거리":537.64,
            "역세권여부":"준역세권",
            "30분이내주요거점역":2,
            "30분거점역이름":"['역삼', '잠실']",
            "1시간이내주요거점역":14,
            "1시간거점역이름":"['강남', '역삼', '잠실', '판교', '여의도', '을지로입구', '을지로3가', '양재', '정자', '평촌', '왕십리', '구로디지털단지', '명동', '서현']",
            "3km이내백화점수":3,
            "5km이내아울렛몰수":1,
            "1km이내대형먀트수":0,
            "500m이내은행수":2,
            "500m이내병원수":0,
            "5km이내대형병원수":7,
            "500m이내공원수":1,
            "3km이내혐오시설수":0,
            "초등학교학업성취도":89.99,
            "중학교학업성취도":82.4,
            "용적률":248,
            "건폐율":0,
            "Y":37.526796,
            "X":127.116362,
            "rank":75.0,
            "area_info":"24평(81.74), 24평(82.43), 29평(96.95)",
            "last_sales":"2021-10-13,119500.0,24평(81.74)",
            "rank_history":[
                [
                    "202202",
                    75
                ],
                [
                    "202201",
                    61
                ]
            ],
            "rank_gap":-14
        },
        {
            "index":18,
            "아파트명":"가락쌍용2차",
            "투자타입":"일반",
            "전용면적(m2)":"81.34",
            "전용면적(평)":"24평",
            "법정동주소":"서울시 송파구 가락동 21-6",
            "도로명주소":"서울시 송파구 송이로15길 31",
            "세대수":50,
            "입주년차":20,
            "용적률점수":"--",
            "건폐율점수":"--",
            "세대당주차수":30,
            "난방방식":30,
            "공급면적":"--",
            "전용률":"--",
            "욕실수":50,
            "현관타입":100,
            "주거총점":44.0,
            "지역구공급총점":0.0,
            "역세권":50,
            "30분내 이동가능 거점":20,
            "1시간내 이동가능 거점":100,
            "교통총점":51.0,
            "백화점":100,
            "아울렛몰":100,
            "대형마트":0,
            "은행":70,
            "병원":0,
            "종합병원":100,
            "공원":100,
            "혐오시설":0,
            "인프라총점":70.0,
            "초등학군":89.99,
            "중학군":51.12,
            "학군총점":58.894,
            "인구수":73.41,
            "인구증감":-8.64,
            "인구총점":48.795,
            "일자리":40.19,
            "소득수준":64.36,
            "일자리총점":47.441,
            "가치 총점":56.4841,
            "매매실거래년":20210812.0,
            "매매실거래가":135000.0,
            "전세실거래년":20220114.0,
            "전세실거래가":48300.0,
            "전세가율":39.92,
            "장기전세가율평균":57.02,
            "전세가율거품지수":17.1,
            "검색코드":1196,
            "세대수":492.0,
            "준공년월":"1999-10-27",
            "준공년차":24.0,
            "가까운역이름":"오금",
            "가까운역거리":503.62,
            "역세권여부":"준역세권",
            "30분이내주요거점역":1,
            "30분거점역이름":"['잠실']",
            "1시간이내주요거점역":13,
            "1시간거점역이름":"['강남', '역삼', '잠실', '판교', '여의도', '을지로입구', '을지로3가', '양재', '정자', '왕십리', '구로디지털단지', '명동', '서현']",
            "3km이내백화점수":2,
            "5km이내아울렛몰수":2,
            "1km이내대형먀트수":0,
            "500m이내은행수":3,
            "500m이내병원수":0,
            "5km이내대형병원수":5,
            "500m이내공원수":6,
            "3km이내혐오시설수":0,
            "초등학교학업성취도":89.99,
            "중학교학업성취도":83.0,
            "용적률":355,
            "건폐율":24,
            "Y":37.501756,
            "X":127.122425,
            "rank":76.0,
            "area_info":"24평(81.34), 32평(108.34)",
            "last_sales":"2021-08-12,135000.0,32평(108.34)",
            "rank_history":[
                [
                    "202202",
                    76
                ],
                [
                    "202201",
                    74
                ]
            ],
            "rank_gap":-2
        },
        {
            "index":293,
            "아파트명":"문정푸르지오2차",
            "투자타입":"일반",
            "전용면적(m2)":"79.72",
            "전용면적(평)":"24평",
            "법정동주소":"서울시 송파구 문정동 19",
            "도로명주소":"서울시 송파구 송이로32길 37",
            "세대수":0,
            "입주년차":20,
            "용적률점수":"--",
            "건폐율점수":"--",
            "세대당주차수":30,
            "난방방식":30,
            "공급면적":"--",
            "전용률":"--",
            "욕실수":50,
            "현관타입":100,
            "주거총점":26.5,
            "지역구공급총점":0.0,
            "역세권":80,
            "30분내 이동가능 거점":60,
            "1시간내 이동가능 거점":100,
            "교통총점":78.0,
            "백화점":0,
            "아울렛몰":100,
            "대형마트":100,
            "은행":20,
            "병원":0,
            "종합병원":100,
            "공원":100,
            "혐오시설":0,
            "인프라총점":50.0,
            "초등학군":89.96,
            "중학군":50.92,
            "학군총점":58.728,
            "인구수":73.41,
            "인구증감":-8.64,
            "인구총점":48.795,
            "일자리":40.19,
            "소득수준":64.36,
            "일자리총점":47.441,
            "가치 총점":56.4092,
            "매매실거래년":20210414.0,
            "매매실거래가":120000.0,
            "전세실거래년":null,
            "전세실거래가":null,
            "전세가율":null,
            "장기전세가율평균":57.02,
            "전세가율거품지수":null,
            "검색코드":9145,
            "세대수":165.0,
            "준공년월":"2001-05-23",
            "준공년차":22.0,
            "가까운역이름":"문정",
            "가까운역거리":427.78,
            "역세권여부":"역세권",
            "30분이내주요거점역":3,
            "30분거점역이름":"['역삼', '잠실', '서현']",
            "1시간이내주요거점역":13,
            "1시간거점역이름":"['강남', '역삼', '잠실', '판교', '여의도', '을지로입구', '을지로3가', '양재', '정자', '왕십리', '구로디지털단지', '명동', '서현']",
            "3km이내백화점수":0,
            "5km이내아울렛몰수":2,
            "1km이내대형먀트수":2,
            "500m이내은행수":2,
            "500m이내병원수":0,
            "5km이내대형병원수":5,
            "500m이내공원수":6,
            "3km이내혐오시설수":0,
            "초등학교학업성취도":89.96,
            "중학교학업성취도":83.6,
            "용적률":345,
            "건폐율":36,
            "Y":37.486717,
            "X":127.127225,
            "rank":77.0,
            "area_info":"24평(79.72), 24평(80.08), 34평(114.04), 34평(114.12)",
            "last_sales":"2021-04-14,120000.0,34평(114.04)",
            "rank_history":[
                [
                    "202202",
                    77
                ],
                [
                    "202201",
                    76
                ]
            ],
            "rank_gap":-1
        },
        {
            "index":838,
            "아파트명":"신성노바빌",
            "투자타입":"일반",
            "전용면적(m2)":"83.73",
            "전용면적(평)":"25평",
            "법정동주소":"서울시 송파구 풍납동 510",
            "도로명주소":"서울시 송파구 한가람로 468",
            "세대수":0,
            "입주년차":20,
            "용적률점수":"--",
            "건폐율점수":"--",
            "세대당주차수":30,
            "난방방식":100,
            "공급면적":"--",
            "전용률":"--",
            "욕실수":50,
            "현관타입":10,
            "주거총점":24.5,
            "지역구공급총점":0.0,
            "역세권":50,
            "30분내 이동가능 거점":40,
            "1시간내 이동가능 거점":100,
            "교통총점":57.0,
            "백화점":100,
            "아울렛몰":80,
            "대형마트":100,
            "은행":0,
            "병원":0,
            "종합병원":100,
            "공원":80,
            "혐오시설":0,
            "인프라총점":75.4,
            "초등학군":89.98,
            "중학군":48.0,
            "학군총점":56.396,
            "인구수":73.41,
            "인구증감":-8.64,
            "인구총점":48.795,
            "일자리":40.19,
            "소득수준":64.36,
            "일자리총점":47.441,
            "가치 총점":55.9294,
            "매매실거래년":20211029.0,
            "매매실거래가":104000.0,
            "전세실거래년":20220105.0,
            "전세실거래가":70000.0,
            "전세가율":67.31,
            "장기전세가율평균":57.02,
            "전세가율거품지수":-10.29,
            "검색코드":3759,
            "세대수":236.0,
            "준공년월":"2000-09-30",
            "준공년차":23.0,
            "가까운역이름":"천호",
            "가까운역거리":612.79,
            "역세권여부":"준역세권",
            "30분이내주요거점역":2,
            "30분거점역이름":"['잠실', '왕십리']",
            "1시간이내주요거점역":14,
            "1시간거점역이름":"['강남', '역삼', '잠실', '판교', '여의도', '을지로입구', '을지로3가', '양재', '정자', '왕십리', '홍대입구', '구로디지털단지', '명동', '서현']",
            "3km이내백화점수":1,
            "5km이내아울렛몰수":1,
            "1km이내대형먀트수":3,
            "500m이내은행수":1,
            "500m이내병원수":0,
            "5km이내대형병원수":7,
            "500m이내공원수":1,
            "3km이내혐오시설수":0,
            "초등학교학업성취도":89.98,
            "중학교학업성취도":79.6,
            "용적률":391,
            "건폐율":29,
            "Y":37.538782,
            "X":127.116639,
            "rank":78.0,
            "area_info":"25평(83.73), 33평(109.36), 42평(142.0)",
            "last_sales":"2021-10-29,104000.0,25평(83.73)",
            "rank_history":[
                [
                    "202202",
                    78
                ],
                [
                    "202201",
                    86
                ]
            ],
            "rank_gap":8
        },
        {
            "index":177,
            "아파트명":"송파시그니처롯데캐슬",
            "투자타입":"일반",
            "전용면적(m2)":"84.98",
            "전용면적(평)":"25평",
            "법정동주소":"서울시 송파구 거여동 181, 202번지 일대",
            "도로명주소":"서울시 송파구",
            "세대수":100,
            "입주년차":100,
            "용적률점수":"--",
            "건폐율점수":"--",
            "세대당주차수":30,
            "난방방식":100,
            "공급면적":"--",
            "전용률":"--",
            "욕실수":100,
            "현관타입":100,
            "주거총점":89.5,
            "지역구공급총점":0.0,
            "역세권":80,
            "30분내 이동가능 거점":0,
            "1시간내 이동가능 거점":0,
            "교통총점":40.0,
            "백화점":0,
            "아울렛몰":100,
            "대형마트":80,
            "은행":70,
            "병원":0,
            "종합병원":100,
            "공원":100,
            "혐오시설":0,
            "인프라총점":52.0,
            "초등학군":89.99,
            "중학군":47.28,
            "학군총점":55.822,
            "인구수":73.41,
            "인구증감":-8.64,
            "인구총점":48.795,
            "일자리":40.19,
            "소득수준":64.36,
            "일자리총점":47.441,
            "가치 총점":55.8733,
            "매매실거래년":20191204.0,
            "매매실거래가":143152.0,
            "전세실거래년":null,
            "전세실거래가":null,
            "전세가율":null,
            "장기전세가율평균":57.02,
            "전세가율거품지수":null,
            "검색코드":127132,
            "세대수":1945.0,
            "준공년월":"2022-01-01",
            "준공년차":1.0,
            "가까운역이름":"거여",
            "가까운역거리":423.22,
            "역세권여부":"역세권",
            "30분이내주요거점역":0,
            "30분거점역이름":"[]",
            "1시간이내주요거점역":0,
            "1시간거점역이름":"[]",
            "3km이내백화점수":0,
            "5km이내아울렛몰수":2,
            "1km이내대형먀트수":1,
            "500m이내은행수":4,
            "500m이내병원수":0,
            "5km이내대형병원수":5,
            "500m이내공원수":8,
            "3km이내혐오시설수":0,
            "초등학교학업성취도":89.99,
            "중학교학업성취도":78.8,
            "용적률":0,
            "건폐율":0,
            "Y":37.495866,
            "X":127.147452,
            "rank":79.0,
            "area_info":"25평(84.98), 25평(85.72), 25평(85.49), 33평(110.75), 33평(110.95), 33평(111.88), 33평(111.62), 33평(112.29), 41평(136.42)",
            "last_sales":"2019-12-04,143152.0,41평(136.42)",
            "rank_history":[
                [
                    "202202",
                    0
                ],
                [
                    "202201",
                    9999
                ]
            ],
            "rank_gap":9999
        },
        {
            "index":133,
            "아파트명":"현대5차",
            "투자타입":"재건축",
            "전용면적(m2)":"68.56",
            "전용면적(평)":"20평",
            "법정동주소":"서울시 송파구 가락동 161-2",
            "도로명주소":"서울시 송파구 오금로 370",
            "세대수":0,
            "입주년차":"--",
            "용적률점수":100,
            "건폐율점수":0,
            "세대당주차수":"--",
            "난방방식":"--",
            "공급면적":50,
            "전용률":60,
            "욕실수":"--",
            "현관타입":"--",
            "주거총점":45.5,
            "지역구공급총점":0.0,
            "역세권":80,
            "30분내 이동가능 거점":40,
            "1시간내 이동가능 거점":100,
            "교통총점":72.0,
            "백화점":0,
            "아울렛몰":100,
            "대형마트":0,
            "은행":70,
            "병원":0,
            "종합병원":100,
            "공원":100,
            "혐오시설":0,
            "인프라총점":40.0,
            "초등학군":90.0,
            "중학군":53.3,
            "학군총점":60.64,
            "인구수":73.41,
            "인구증감":-8.64,
            "인구총점":48.795,
            "일자리":40.19,
            "소득수준":64.36,
            "일자리총점":47.441,
            "가치 총점":55.396,
            "매매실거래년":20210109.0,
            "매매실거래가":122000.0,
            "전세실거래년":20201205.0,
            "전세실거래가":27000.0,
            "전세가율":27.84,
            "장기전세가율평균":57.02,
            "전세가율거품지수":29.18,
            "검색코드":602,
            "세대수":210.0,
            "준공년월":"1986-12-16",
            "준공년차":37.0,
            "가까운역이름":"개롱",
            "가까운역거리":370.91,
            "역세권여부":"역세권",
            "30분이내주요거점역":2,
            "30분거점역이름":"['잠실', '양재']",
            "1시간이내주요거점역":13,
            "1시간거점역이름":"['강남', '역삼', '잠실', '판교', '여의도', '을지로입구', '을지로3가', '양재', '정자', '왕십리', '구로디지털단지', '명동', '서현']",
            "3km이내백화점수":0,
            "5km이내아울렛몰수":2,
            "1km이내대형먀트수":0,
            "500m이내은행수":3,
            "500m이내병원수":0,
            "5km이내대형병원수":5,
            "500m이내공원수":4,
            "3km이내혐오시설수":0,
            "초등학교학업성취도":90.0,
            "중학교학업성취도":86.3,
            "용적률":143,
            "건폐율":0,
            "Y":37.499567,
            "X":127.131057,
            "rank":80.0,
            "area_info":"20평(68.56), 20평(69.05), 22평(73.43), 22평(74.64), 24평(81.33), 24평(81.09), 31평(104.64), 33평(110.22), 33평(111.9), 33평(111.05)",
            "last_sales":"2021-01-09,122000.0,33평(111.9)",
            "rank_history":[
                [
                    "202202",
                    80
                ],
                [
                    "202201",
                    78
                ]
            ],
            "rank_gap":-2
        },
        {
            "index":347,
            "아파트명":"올림픽베어스타운",
            "투자타입":"일반",
            "전용면적(m2)":"75.02",
            "전용면적(평)":"22평",
            "법정동주소":"서울시 송파구 방이동 171",
            "도로명주소":"서울시 송파구 위례성대로 58",
            "세대수":0,
            "입주년차":0,
            "용적률점수":"--",
            "건폐율점수":"--",
            "세대당주차수":30,
            "난방방식":30,
            "공급면적":"--",
            "전용률":"--",
            "욕실수":50,
            "현관타입":10,
            "주거총점":13.5,
            "지역구공급총점":0.0,
            "역세권":50,
            "30분내 이동가능 거점":40,
            "1시간내 이동가능 거점":100,
            "교통총점":57.0,
            "백화점":100,
            "아울렛몰":100,
            "대형마트":80,
            "은행":70,
            "병원":0,
            "종합병원":100,
            "공원":100,
            "혐오시설":0,
            "인프라총점":82.0,
            "초등학군":89.99,
            "중학군":43.8,
            "학군총점":53.038,
            "인구수":73.41,
            "인구증감":-8.64,
            "인구총점":48.795,
            "일자리":40.19,
            "소득수준":64.36,
            "일자리총점":47.441,
            "가치 총점":55.2057,
            "매매실거래년":20201023.0,
            "매매실거래가":85000.0,
            "전세실거래년":20211008.0,
            "전세실거래가":60000.0,
            "전세가율":70.59,
            "장기전세가율평균":57.02,
            "전세가율거품지수":-13.57,
            "검색코드":371,
            "세대수":140.0,
            "준공년월":"1996-04-25",
            "준공년차":27.0,
            "가까운역이름":"몽촌토성",
            "가까운역거리":628.15,
            "역세권여부":"준역세권",
            "30분이내주요거점역":2,
            "30분거점역이름":"['역삼', '잠실']",
            "1시간이내주요거점역":15,
            "1시간거점역이름":"['강남', '역삼', '잠실', '판교', '여의도', '을지로입구', '을지로3가', '양재', '정자', '평촌', '왕십리', '홍대입구', '구로디지털단지', '명동', '서현']",
            "3km이내백화점수":3,
            "5km이내아울렛몰수":2,
            "1km이내대형먀트수":1,
            "500m이내은행수":3,
            "500m이내병원수":0,
            "5km이내대형병원수":6,
            "500m이내공원수":4,
            "3km이내혐오시설수":0,
            "초등학교학업성취도":89.99,
            "중학교학업성취도":72.4,
            "용적률":0,
            "건폐율":0,
            "Y":37.514884,
            "X":127.11873,
            "rank":81.0,
            "area_info":"22평(75.02), 32평(106.47)",
            "last_sales":"2020-10-23,85000.0,22평(75.02)",
            "rank_history":[
                [
                    "202202",
                    81
                ],
                [
                    "202201",
                    77
                ]
            ],
            "rank_gap":-4
        },
        {
            "index":695,
            "아파트명":"송파파인타운4단지",
            "투자타입":"일반",
            "전용면적(m2)":"108.87",
            "전용면적(평)":"32평",
            "법정동주소":"서울시 송파구 장지동 837",
            "도로명주소":"서울시 송파구 새말로12길 16",
            "세대수":0,
            "입주년차":40,
            "용적률점수":"--",
            "건폐율점수":"--",
            "세대당주차수":30,
            "난방방식":30,
            "공급면적":"--",
            "전용률":"--",
            "욕실수":100,
            "현관타입":100,
            "주거총점":35.5,
            "지역구공급총점":0.0,
            "역세권":80,
            "30분내 이동가능 거점":40,
            "1시간내 이동가능 거점":100,
            "교통총점":72.0,
            "백화점":0,
            "아울렛몰":100,
            "대형마트":100,
            "은행":0,
            "병원":0,
            "종합병원":100,
            "공원":100,
            "혐오시설":0,
            "인프라총점":48.0,
            "초등학군":89.99,
            "중학군":47.88,
            "학군총점":56.302,
            "인구수":73.41,
            "인구증감":-8.64,
            "인구총점":48.795,
            "일자리":40.19,
            "소득수준":64.36,
            "일자리총점":47.441,
            "가치 총점":55.1453,
            "매매실거래년":20210430.0,
            "매매실거래가":133500.0,
            "전세실거래년":20211113.0,
            "전세실거래가":60900.0,
            "전세가율":45.62,
            "장기전세가율평균":57.02,
            "전세가율거품지수":11.4,
            "검색코드":26223,
            "세대수":181.0,
            "준공년월":"2008-04-03",
            "준공년차":15.0,
            "가까운역이름":"장지",
            "가까운역거리":462.1,
            "역세권여부":"역세권",
            "30분이내주요거점역":2,
            "30분거점역이름":"['잠실', '서현']",
            "1시간이내주요거점역":12,
            "1시간거점역이름":"['강남', '역삼', '잠실', '판교', '여의도', '을지로3가', '양재', '정자', '왕십리', '구로디지털단지', '명동', '서현']",
            "3km이내백화점수":0,
            "5km이내아울렛몰수":2,
            "1km이내대형먀트수":2,
            "500m이내은행수":1,
            "500m이내병원수":0,
            "5km이내대형병원수":5,
            "500m이내공원수":6,
            "3km이내혐오시설수":0,
            "초등학교학업성취도":89.99,
            "중학교학업성취도":79.6,
            "용적률":147,
            "건폐율":21,
            "Y":37.481753,
            "X":127.129748,
            "rank":82.0,
            "area_info":"32평(108.87), 33평(109.47), 33평(109.47)",
            "last_sales":"2021-04-30,133500.0,32평(108.87)",
            "rank_history":[
                [
                    "202202",
                    82
                ],
                [
                    "202201",
                    80
                ]
            ],
            "rank_gap":-2
        },
        {
            "index":487,
            "아파트명":"가락우창",
            "투자타입":"재건축",
            "전용면적(m2)":"93.47",
            "전용면적(평)":"28평",
            "법정동주소":"서울시 송파구 오금동 164",
            "도로명주소":"서울시 송파구 동남로24길 6",
            "세대수":0,
            "입주년차":"--",
            "용적률점수":80,
            "건폐율점수":0,
            "세대당주차수":"--",
            "난방방식":"--",
            "공급면적":70,
            "전용률":80,
            "욕실수":"--",
            "현관타입":"--",
            "주거총점":39.5,
            "지역구공급총점":0.0,
            "역세권":80,
            "30분내 이동가능 거점":20,
            "1시간내 이동가능 거점":100,
            "교통총점":66.0,
            "백화점":0,
            "아울렛몰":100,
            "대형마트":80,
            "은행":70,
            "병원":0,
            "종합병원":100,
            "공원":100,
            "혐오시설":0,
            "인프라총점":52.0,
            "초등학군":89.98,
            "중학군":47.28,
            "학군총점":55.82,
            "인구수":73.41,
            "인구증감":-8.64,
            "인구총점":48.795,
            "일자리":40.19,
            "소득수준":64.36,
            "일자리총점":47.441,
            "가치 총점":54.973,
            "매매실거래년":20211029.0,
            "매매실거래가":134000.0,
            "전세실거래년":20211014.0,
            "전세실거래가":42000.0,
            "전세가율":31.34,
            "장기전세가율평균":57.02,
            "전세가율거품지수":25.68,
            "검색코드":631,
            "세대수":264.0,
            "준공년월":"1985-10-07",
            "준공년차":38.0,
            "가까운역이름":"개롱",
            "가까운역거리":233.04,
            "역세권여부":"역세권",
            "30분이내주요거점역":1,
            "30분거점역이름":"['잠실']",
            "1시간이내주요거점역":13,
            "1시간거점역이름":"['강남', '역삼', '잠실', '판교', '여의도', '을지로입구', '을지로3가', '양재', '정자', '왕십리', '구로디지털단지', '명동', '서현']",
            "3km이내백화점수":0,
            "5km이내아울렛몰수":2,
            "1km이내대형먀트수":1,
            "500m이내은행수":4,
            "500m이내병원수":0,
            "5km이내대형병원수":5,
            "500m이내공원수":8,
            "3km이내혐오시설수":0,
            "초등학교학업성취도":89.98,
            "중학교학업성취도":78.8,
            "용적률":180,
            "건폐율":0,
            "Y":37.499376,
            "X":127.136895,
            "rank":83.0,
            "area_info":"28평(93.47), 39평(129.54), 46평(154.76)",
            "last_sales":"2021-10-29,134000.0,28평(93.47)",
            "rank_history":[
                [
                    "202202",
                    83
                ],
                [
                    "202201",
                    101
                ]
            ],
            "rank_gap":18
        },
        {
            "index":226,
            "아파트명":"현대1차",
            "투자타입":"재건축",
            "전용면적(m2)":"86.05",
            "전용면적(평)":"26평",
            "법정동주소":"서울시 송파구 거여동 362",
            "도로명주소":"서울시 송파구 오금로54길 10",
            "세대수":50,
            "입주년차":"--",
            "용적률점수":60,
            "건폐율점수":0,
            "세대당주차수":"--",
            "난방방식":"--",
            "공급면적":70,
            "전용률":80,
            "욕실수":"--",
            "현관타입":"--",
            "주거총점":46.5,
            "지역구공급총점":0.0,
            "역세권":80,
            "30분내 이동가능 거점":20,
            "1시간내 이동가능 거점":100,
            "교통총점":66.0,
            "백화점":0,
            "아울렛몰":100,
            "대형마트":80,
            "은행":20,
            "병원":0,
            "종합병원":100,
            "공원":100,
            "혐오시설":0,
            "인프라총점":47.0,
            "초등학군":89.99,
            "중학군":47.28,
            "학군총점":55.822,
            "인구수":73.41,
            "인구증감":-8.64,
            "인구총점":48.795,
            "일자리":40.19,
            "소득수준":64.36,
            "일자리총점":47.441,
            "가치 총점":54.8733,
            "매매실거래년":20200701.0,
            "매매실거래가":90000.0,
            "전세실거래년":20210719.0,
            "전세실거래가":35500.0,
            "전세가율":45.51,
            "장기전세가율평균":57.02,
            "전세가율거품지수":11.51,
            "검색코드":355,
            "세대수":497.0,
            "준공년월":"1992-03-26",
            "준공년차":31.0,
            "가까운역이름":"거여",
            "가까운역거리":307.61,
            "역세권여부":"역세권",
            "30분이내주요거점역":1,
            "30분거점역이름":"['잠실']",
            "1시간이내주요거점역":13,
            "1시간거점역이름":"['강남', '역삼', '잠실', '판교', '여의도', '을지로입구', '을지로3가', '양재', '정자', '왕십리', '구로디지털단지', '명동', '서현']",
            "3km이내백화점수":0,
            "5km이내아울렛몰수":2,
            "1km이내대형먀트수":1,
            "500m이내은행수":2,
            "500m이내병원수":0,
            "5km이내대형병원수":6,
            "500m이내공원수":6,
            "3km이내혐오시설수":0,
            "초등학교학업성취도":89.99,
            "중학교학업성취도":78.8,
            "용적률":238,
            "건폐율":0,
            "Y":37.493159,
            "X":127.140664,
            "rank":84.0,
            "area_info":"26평(86.05), 28평(93.22), 31평(102.62), 31평(102.89), 31평(102.93), 31평(103.15), 31평(103.74)",
            "last_sales":"2020-07-01,90000.0,31평(103.74)",
            "rank_history":[
                [
                    "202202",
                    84
                ],
                [
                    "202201",
                    94
                ]
            ],
            "rank_gap":10
        },
        {
            "index":195,
            "아파트명":"어울림",
            "투자타입":"일반",
            "전용면적(m2)":"108.32",
            "전용면적(평)":"32평",
            "법정동주소":"서울시 송파구 거여동 593",
            "도로명주소":"서울시 송파구 오금로56길 28",
            "세대수":0,
            "입주년차":20,
            "용적률점수":"--",
            "건폐율점수":"--",
            "세대당주차수":60,
            "난방방식":30,
            "공급면적":"--",
            "전용률":"--",
            "욕실수":100,
            "현관타입":100,
            "주거총점":36.0,
            "지역구공급총점":0.0,
            "역세권":80,
            "30분내 이동가능 거점":20,
            "1시간내 이동가능 거점":100,
            "교통총점":66.0,
            "백화점":0,
            "아울렛몰":100,
            "대형마트":80,
            "은행":70,
            "병원":0,
            "종합병원":100,
            "공원":100,
            "혐오시설":0,
            "인프라총점":52.0,
            "초등학군":89.99,
            "중학군":49.92,
            "학군총점":57.934,
            "인구수":73.41,
            "인구증감":-8.64,
            "인구총점":48.795,
            "일자리":40.19,
            "소득수준":64.36,
            "일자리총점":47.441,
            "가치 총점":54.5901,
            "매매실거래년":20210320.0,
            "매매실거래가":95000.0,
            "전세실거래년":20211109.0,
            "전세실거래가":70000.0,
            "전세가율":73.68,
            "장기전세가율평균":57.02,
            "전세가율거품지수":-16.66,
            "검색코드":9423,
            "세대수":140.0,
            "준공년월":"2003-11-29",
            "준공년차":20.0,
            "가까운역이름":"거여",
            "가까운역거리":139.79,
            "역세권여부":"역세권",
            "30분이내주요거점역":1,
            "30분거점역이름":"['잠실']",
            "1시간이내주요거점역":13,
            "1시간거점역이름":"['강남', '역삼', '잠실', '판교', '여의도', '을지로입구', '을지로3가', '양재', '정자', '왕십리', '구로디지털단지', '명동', '서현']",
            "3km이내백화점수":0,
            "5km이내아울렛몰수":2,
            "1km이내대형먀트수":1,
            "500m이내은행수":3,
            "500m이내병원수":0,
            "5km이내대형병원수":5,
            "500m이내공원수":8,
            "3km이내혐오시설수":0,
            "초등학교학업성취도":89.99,
            "중학교학업성취도":82.0,
            "용적률":321,
            "건폐율":24,
            "Y":37.492114,
            "X":127.143175,
            "rank":85.0,
            "area_info":"32평(108.32), 39평(129.37), 40평(133.2), 45평(151.28)",
            "last_sales":"2021-03-20,95000.0,40평(133.2)",
            "rank_history":[
                [
                    "202202",
                    85
                ],
                [
                    "202201",
                    96
                ]
            ],
            "rank_gap":11
        },
        {
            "index":31,
            "아파트명":"가락우성2차",
            "투자타입":"일반",
            "전용면적(m2)":"69.61",
            "전용면적(평)":"21평",
            "법정동주소":"서울시 송파구 가락동 120-4",
            "도로명주소":"서울시 송파구 중대로12길 35",
            "세대수":0,
            "입주년차":20,
            "용적률점수":"--",
            "건폐율점수":"--",
            "세대당주차수":30,
            "난방방식":30,
            "공급면적":"--",
            "전용률":"--",
            "욕실수":50,
            "현관타입":10,
            "주거총점":17.5,
            "지역구공급총점":0.0,
            "역세권":80,
            "30분내 이동가능 거점":40,
            "1시간내 이동가능 거점":100,
            "교통총점":72.0,
            "백화점":0,
            "아울렛몰":100,
            "대형마트":100,
            "은행":70,
            "병원":0,
            "종합병원":100,
            "공원":100,
            "혐오시설":0,
            "인프라총점":55.0,
            "초등학군":89.96,
            "중학군":54.52,
            "학군총점":61.608,
            "인구수":73.41,
            "인구증감":-8.64,
            "인구총점":48.795,
            "일자리":40.19,
            "소득수준":64.36,
            "일자리총점":47.441,
            "가치 총점":54.4412,
            "매매실거래년":20210626.0,
            "매매실거래가":99500.0,
            "전세실거래년":20211030.0,
            "전세실거래가":48000.0,
            "전세가율":61.54,
            "장기전세가율평균":57.02,
            "전세가율거품지수":-4.52,
            "검색코드":3542,
            "세대수":162.0,
            "준공년월":"2000-06-14",
            "준공년차":23.0,
            "가까운역이름":"경찰병원",
            "가까운역거리":454.72,
            "역세권여부":"역세권",
            "30분이내주요거점역":2,
            "30분거점역이름":"['잠실', '양재']",
            "1시간이내주요거점역":12,
            "1시간거점역이름":"['강남', '역삼', '잠실', '판교', '여의도', '을지로3가', '양재', '정자', '왕십리', '구로디지털단지', '명동', '서현']",
            "3km이내백화점수":0,
            "5km이내아울렛몰수":2,
            "1km이내대형먀트수":2,
            "500m이내은행수":3,
            "500m이내병원수":0,
            "5km이내대형병원수":5,
            "500m이내공원수":7,
            "3km이내혐오시설수":0,
            "초등학교학업성취도":89.96,
            "중학교학업성취도":88.4,
            "용적률":397,
            "건폐율":32,
            "Y":37.491904,
            "X":127.125525,
            "rank":86.0,
            "area_info":"21평(69.61), 24평(80.79), 26평(89.19), 32평(107.47)",
            "last_sales":"2021-06-26,99500.0,26평(89.19)",
            "rank_history":[
                [
                    "202202",
                    86
                ],
                [
                    "202201",
                    81
                ]
            ],
            "rank_gap":-5
        },
        {
            "index":50,
            "아파트명":"삼환가락",
            "투자타입":"재건축",
            "전용면적(m2)":"93.44",
            "전용면적(평)":"28평",
            "법정동주소":"서울시 송파구 가락동 176",
            "도로명주소":"서울시 송파구 오금로 432",
            "세대수":50,
            "입주년차":"--",
            "용적률점수":80,
            "건폐율점수":0,
            "세대당주차수":"--",
            "난방방식":"--",
            "공급면적":70,
            "전용률":60,
            "욕실수":"--",
            "현관타입":"--",
            "주거총점":53.5,
            "지역구공급총점":0.0,
            "역세권":80,
            "30분내 이동가능 거점":20,
            "1시간내 이동가능 거점":100,
            "교통총점":66.0,
            "백화점":0,
            "아울렛몰":100,
            "대형마트":0,
            "은행":70,
            "병원":0,
            "종합병원":100,
            "공원":100,
            "혐오시설":0,
            "인프라총점":40.0,
            "초등학군":89.98,
            "중학군":47.28,
            "학군총점":55.82,
            "인구수":73.41,
            "인구증감":-8.64,
            "인구총점":48.795,
            "일자리":40.19,
            "소득수준":64.36,
            "일자리총점":47.441,
            "가치 총점":54.173,
            "매매실거래년":20211218.0,
            "매매실거래가":172000.0,
            "전세실거래년":20220119.0,
            "전세실거래가":39900.0,
            "전세가율":36.27,
            "장기전세가율평균":57.02,
            "전세가율거품지수":20.75,
            "검색코드":597,
            "세대수":648.0,
            "준공년월":"1985-06-04",
            "준공년차":38.0,
            "가까운역이름":"개롱",
            "가까운역거리":383.3,
            "역세권여부":"역세권",
            "30분이내주요거점역":1,
            "30분거점역이름":"['잠실']",
            "1시간이내주요거점역":13,
            "1시간거점역이름":"['강남', '역삼', '잠실', '판교', '여의도', '을지로입구', '을지로3가', '양재', '정자', '왕십리', '구로디지털단지', '명동', '서현']",
            "3km이내백화점수":0,
            "5km이내아울렛몰수":2,
            "1km이내대형먀트수":0,
            "500m이내은행수":4,
            "500m이내병원수":0,
            "5km이내대형병원수":5,
            "500m이내공원수":7,
            "3km이내혐오시설수":0,
            "초등학교학업성취도":89.98,
            "중학교학업성취도":78.8,
            "용적률":178,
            "건폐율":0,
            "Y":37.495033,
            "X":127.136854,
            "rank":87.0,
            "area_info":"28평(93.44), 28평(93.68), 32평(107.97), 32평(108.31), 43평(143.74)",
            "last_sales":"2021-12-18,172000.0,43평(143.74)",
            "rank_history":[
                [
                    "202202",
                    87
                ],
                [
                    "202201",
                    82
                ]
            ],
            "rank_gap":-5
        },
        {
            "index":280,
            "아파트명":"문정래미안",
            "투자타입":"일반",
            "전용면적(m2)":"111.46",
            "전용면적(평)":"33평",
            "법정동주소":"서울시 송파구 문정동 1",
            "도로명주소":"서울시 송파구 문정로 83",
            "세대수":100,
            "입주년차":40,
            "용적률점수":"--",
            "건폐율점수":"--",
            "세대당주차수":80,
            "난방방식":100,
            "공급면적":"--",
            "전용률":"--",
            "욕실수":100,
            "현관타입":100,
            "주거총점":85.0,
            "지역구공급총점":0.0,
            "역세권":50,
            "30분내 이동가능 거점":20,
            "1시간내 이동가능 거점":100,
            "교통총점":51.0,
            "백화점":0,
            "아울렛몰":100,
            "대형마트":0,
            "은행":20,
            "병원":0,
            "종합병원":100,
            "공원":100,
            "혐오시설":0,
            "인프라총점":35.0,
            "초등학군":89.99,
            "중학군":50.92,
            "학군총점":58.734,
            "인구수":73.41,
            "인구증감":-8.64,
            "인구총점":48.795,
            "일자리":40.19,
            "소득수준":64.36,
            "일자리총점":47.441,
            "가치 총점":54.1601,
            "매매실거래년":20211020.0,
            "매매실거래가":205000.0,
            "전세실거래년":20220115.0,
            "전세실거래가":61900.0,
            "전세가율":40.46,
            "장기전세가율평균":57.02,
            "전세가율거품지수":16.56,
            "검색코드":3033,
            "세대수":1696.0,
            "준공년월":"2004-09-30",
            "준공년차":19.0,
            "가까운역이름":"경찰병원",
            "가까운역거리":802.23,
            "역세권여부":"준역세권",
            "30분이내주요거점역":1,
            "30분거점역이름":"['잠실']",
            "1시간이내주요거점역":11,
            "1시간거점역이름":"['강남', '역삼', '잠실', '판교', '여의도', '을지로3가', '양재', '정자', '왕십리', '구로디지털단지', '서현']",
            "3km이내백화점수":0,
            "5km이내아울렛몰수":2,
            "1km이내대형먀트수":0,
            "500m이내은행수":2,
            "500m이내병원수":0,
            "5km이내대형병원수":4,
            "500m이내공원수":7,
            "3km이내혐오시설수":0,
            "초등학교학업성취도":89.99,
            "중학교학업성취도":83.6,
            "용적률":292,
            "건폐율":21,
            "Y":37.490585,
            "X":127.130664,
            "rank":88.0,
            "area_info":"33평(111.46), 44평(146.39), 48평(159.03), 48평(161.67), 53평(177.14), 60평(199.27), 60평(199.48)",
            "last_sales":"2021-10-20,205000.0,53평(177.14)",
            "rank_history":[
                [
                    "202202",
                    88
                ],
                [
                    "202201",
                    88
                ]
            ],
            "rank_gap":0
        },
        {
            "index":168,
            "아파트명":"거여4단지",
            "투자타입":"일반",
            "전용면적(m2)":"56.58",
            "전용면적(평)":"17평",
            "법정동주소":"서울시 송파구 거여동 293",
            "도로명주소":"서울시 송파구 양산로4길 8",
            "세대수":50,
            "입주년차":0,
            "용적률점수":"--",
            "건폐율점수":"--",
            "세대당주차수":0,
            "난방방식":100,
            "공급면적":"--",
            "전용률":"--",
            "욕실수":50,
            "현관타입":10,
            "주거총점":33.5,
            "지역구공급총점":0.0,
            "역세권":80,
            "30분내 이동가능 거점":20,
            "1시간내 이동가능 거점":100,
            "교통총점":66.0,
            "백화점":0,
            "아울렛몰":100,
            "대형마트":80,
            "은행":70,
            "병원":0,
            "종합병원":100,
            "공원":100,
            "혐오시설":0,
            "인프라총점":52.0,
            "초등학군":90.2,
            "중학군":49.92,
            "학군총점":57.976,
            "인구수":73.41,
            "인구증감":-8.64,
            "인구총점":48.795,
            "일자리":40.19,
            "소득수준":64.36,
            "일자리총점":47.441,
            "가치 총점":54.0964,
            "매매실거래년":20211203.0,
            "매매실거래가":98000.0,
            "전세실거래년":20201121.0,
            "전세실거래가":24150.0,
            "전세가율":34.01,
            "장기전세가율평균":57.02,
            "전세가율거품지수":23.01,
            "검색코드":951,
            "세대수":546.0,
            "준공년월":"1997-07-03",
            "준공년차":26.0,
            "가까운역이름":"거여",
            "가까운역거리":411.93,
            "역세권여부":"역세권",
            "30분이내주요거점역":1,
            "30분거점역이름":"['잠실']",
            "1시간이내주요거점역":13,
            "1시간거점역이름":"['강남', '역삼', '잠실', '판교', '여의도', '을지로입구', '을지로3가', '양재', '정자', '왕십리', '구로디지털단지', '명동', '서현']",
            "3km이내백화점수":0,
            "5km이내아울렛몰수":2,
            "1km이내대형먀트수":1,
            "500m이내은행수":3,
            "500m이내병원수":0,
            "5km이내대형병원수":4,
            "500m이내공원수":6,
            "3km이내혐오시설수":0,
            "초등학교학업성취도":90.2,
            "중학교학업성취도":82.0,
            "용적률":240,
            "건폐율":24,
            "Y":37.489407,
            "X":127.143873,
            "rank":89.0,
            "area_info":"17평(56.58), 17평(57.55), 21평(72.38), 26평(86.8)",
            "last_sales":"2021-12-03,98000.0,26평(86.8)",
            "rank_history":[
                [
                    "202202",
                    89
                ],
                [
                    "202201",
                    97
                ]
            ],
            "rank_gap":8
        },
        {
            "index":233,
            "아파트명":"현대2차",
            "투자타입":"재건축",
            "전용면적(m2)":"100.76",
            "전용면적(평)":"30평",
            "법정동주소":"서울시 송파구 거여동 44",
            "도로명주소":"서울시 송파구 오금로61길 20",
            "세대수":0,
            "입주년차":"--",
            "용적률점수":60,
            "건폐율점수":0,
            "세대당주차수":"--",
            "난방방식":"--",
            "공급면적":90,
            "전용률":80,
            "욕실수":"--",
            "현관타입":"--",
            "주거총점":32.5,
            "지역구공급총점":0.0,
            "역세권":80,
            "30분내 이동가능 거점":20,
            "1시간내 이동가능 거점":100,
            "교통총점":66.0,
            "백화점":0,
            "아울렛몰":100,
            "대형마트":80,
            "은행":70,
            "병원":0,
            "종합병원":100,
            "공원":100,
            "혐오시설":0,
            "인프라총점":52.0,
            "초등학군":89.99,
            "중학군":49.92,
            "학군총점":57.934,
            "인구수":73.41,
            "인구증감":-8.64,
            "인구총점":48.795,
            "일자리":40.19,
            "소득수준":64.36,
            "일자리총점":47.441,
            "가치 총점":53.8901,
            "매매실거래년":20211008.0,
            "매매실거래가":109500.0,
            "전세실거래년":20220117.0,
            "전세실거래가":49500.0,
            "전세가율":45.21,
            "장기전세가율평균":57.02,
            "전세가율거품지수":11.81,
            "검색코드":605,
            "세대수":280.0,
            "준공년월":"1992-04-20",
            "준공년차":31.0,
            "가까운역이름":"거여",
            "가까운역거리":277.43,
            "역세권여부":"역세권",
            "30분이내주요거점역":1,
            "30분거점역이름":"['잠실']",
            "1시간이내주요거점역":13,
            "1시간거점역이름":"['강남', '역삼', '잠실', '판교', '여의도', '을지로입구', '을지로3가', '양재', '정자', '왕십리', '구로디지털단지', '명동', '서현']",
            "3km이내백화점수":0,
            "5km이내아울렛몰수":2,
            "1km이내대형먀트수":1,
            "500m이내은행수":4,
            "500m이내병원수":0,
            "5km이내대형병원수":5,
            "500m이내공원수":8,
            "3km이내혐오시설수":0,
            "초등학교학업성취도":89.99,
            "중학교학업성취도":82.0,
            "용적률":243,
            "건폐율":0,
            "Y":37.494447,
            "X":127.146801,
            "rank":90.0,
            "area_info":"30평(100.76)",
            "last_sales":"2021-10-08,109500.0,30평(100.76)",
            "rank_history":[
                [
                    "202202",
                    90
                ],
                [
                    "202201",
                    100
                ]
            ],
            "rank_gap":10
        },
        {
            "index":234,
            "아파트명":"현대3차",
            "투자타입":"일반",
            "전용면적(m2)":"101.86",
            "전용면적(평)":"30평",
            "법정동주소":"서울시 송파구 거여동 46",
            "도로명주소":"서울시 송파구 거마로 41",
            "세대수":30,
            "입주년차":0,
            "용적률점수":"--",
            "건폐율점수":"--",
            "세대당주차수":0,
            "난방방식":30,
            "공급면적":"--",
            "전용률":"--",
            "욕실수":100,
            "현관타입":100,
            "주거총점":33.5,
            "지역구공급총점":0.0,
            "역세권":80,
            "30분내 이동가능 거점":20,
            "1시간내 이동가능 거점":100,
            "교통총점":66.0,
            "백화점":0,
            "아울렛몰":100,
            "대형마트":80,
            "은행":70,
            "병원":0,
            "종합병원":100,
            "공원":100,
            "혐오시설":0,
            "인프라총점":52.0,
            "초등학군":89.99,
            "중학군":47.28,
            "학군총점":55.822,
            "인구수":73.41,
            "인구증감":-8.64,
            "인구총점":48.795,
            "일자리":40.19,
            "소득수준":64.36,
            "일자리총점":47.441,
            "가치 총점":53.7733,
            "매매실거래년":20210722.0,
            "매매실거래가":110000.0,
            "전세실거래년":20211023.0,
            "전세실거래가":60000.0,
            "전세가율":61.22,
            "장기전세가율평균":57.02,
            "전세가율거품지수":-4.2,
            "검색코드":357,
            "세대수":303.0,
            "준공년월":"1993-07-19",
            "준공년차":30.0,
            "가까운역이름":"거여",
            "가까운역거리":459.29,
            "역세권여부":"역세권",
            "30분이내주요거점역":1,
            "30분거점역이름":"['잠실']",
            "1시간이내주요거점역":12,
            "1시간거점역이름":"['강남', '역삼', '잠실', '판교', '여의도', '을지로입구', '을지로3가', '양재', '정자', '왕십리', '명동', '서현']",
            "3km이내백화점수":0,
            "5km이내아울렛몰수":2,
            "1km이내대형먀트수":1,
            "500m이내은행수":4,
            "500m이내병원수":0,
            "5km이내대형병원수":4,
            "500m이내공원수":8,
            "3km이내혐오시설수":0,
            "초등학교학업성취도":89.99,
            "중학교학업성취도":78.8,
            "용적률":232,
            "건폐율":21,
            "Y":37.497216,
            "X":127.144655,
            "rank":91.0,
            "area_info":"30평(101.86), 31평(104.21)",
            "last_sales":"2021-07-22,110000.0,31평(104.21)",
            "rank_history":[
                [
                    "202202",
                    91
                ],
                [
                    "202201",
                    98
                ]
            ],
            "rank_gap":7
        },
        {
            "index":236,
            "아파트명":"마천금호",
            "투자타입":"일반",
            "전용면적(m2)":"78.94",
            "전용면적(평)":"23평",
            "법정동주소":"서울시 송파구 마천동 304",
            "도로명주소":"서울시 송파구 마천로57길 16",
            "세대수":0,
            "입주년차":0,
            "용적률점수":"--",
            "건폐율점수":"--",
            "세대당주차수":30,
            "난방방식":30,
            "공급면적":"--",
            "전용률":"--",
            "욕실수":50,
            "현관타입":100,
            "주거총점":22.5,
            "지역구공급총점":0.0,
            "역세권":100,
            "30분내 이동가능 거점":20,
            "1시간내 이동가능 거점":100,
            "교통총점":76.0,
            "백화점":0,
            "아울렛몰":100,
            "대형마트":80,
            "은행":0,
            "병원":0,
            "종합병원":100,
            "공원":100,
            "혐오시설":0,
            "인프라총점":45.0,
            "초등학군":89.99,
            "중학군":49.92,
            "학군총점":57.934,
            "인구수":73.41,
            "인구증감":-8.64,
            "인구총점":48.795,
            "일자리":40.19,
            "소득수준":64.36,
            "일자리총점":47.441,
            "가치 총점":53.2901,
            "매매실거래년":20211223.0,
            "매매실거래가":93000.0,
            "전세실거래년":20220110.0,
            "전세실거래가":26000.0,
            "전세가율":27.96,
            "장기전세가율평균":57.02,
            "전세가율거품지수":29.06,
            "검색코드":953,
            "세대수":199.0,
            "준공년월":"1998-05-29",
            "준공년차":25.0,
            "가까운역이름":"마천",
            "가까운역거리":48.23,
            "역세권여부":"초역세권",
            "30분이내주요거점역":1,
            "30분거점역이름":"['잠실']",
            "1시간이내주요거점역":13,
            "1시간거점역이름":"['강남', '역삼', '잠실', '판교', '여의도', '을지로입구', '을지로3가', '양재', '정자', '왕십리', '구로디지털단지', '명동', '서현']",
            "3km이내백화점수":0,
            "5km이내아울렛몰수":2,
            "1km이내대형먀트수":1,
            "500m이내은행수":0,
            "500m이내병원수":0,
            "5km이내대형병원수":4,
            "500m이내공원수":10,
            "3km이내혐오시설수":0,
            "초등학교학업성취도":89.99,
            "중학교학업성취도":82.0,
            "용적률":303,
            "건폐율":26,
            "Y":37.494691,
            "X":127.153177,
            "rank":92.0,
            "area_info":"23평(78.94), 29평(96.93), 33평(111.86), 33평(111.69)",
            "last_sales":"2021-12-23,93000.0,23평(78.94)",
            "rank_history":[
                [
                    "202202",
                    92
                ],
                [
                    "202201",
                    106
                ]
            ],
            "rank_gap":14
        },
        {
            "index":260,
            "아파트명":"송파파크데일2단지",
            "투자타입":"일반",
            "전용면적(m2)":"79.35",
            "전용면적(평)":"24평",
            "법정동주소":"서울시 송파구 마천동 607",
            "도로명주소":"서울시 송파구 성내천로47길 38",
            "세대수":80,
            "입주년차":60,
            "용적률점수":"--",
            "건폐율점수":"--",
            "세대당주차수":30,
            "난방방식":30,
            "공급면적":"--",
            "전용률":"--",
            "욕실수":100,
            "현관타입":100,
            "주거총점":67.5,
            "지역구공급총점":0.0,
            "역세권":50,
            "30분내 이동가능 거점":20,
            "1시간내 이동가능 거점":100,
            "교통총점":51.0,
            "백화점":0,
            "아울렛몰":80,
            "대형마트":80,
            "은행":0,
            "병원":0,
            "종합병원":100,
            "공원":100,
            "혐오시설":0,
            "인프라총점":43.0,
            "초등학군":89.99,
            "중학군":49.92,
            "학군총점":57.934,
            "인구수":73.41,
            "인구증감":-8.64,
            "인구총점":48.795,
            "일자리":40.19,
            "소득수준":64.36,
            "일자리총점":47.441,
            "가치 총점":52.9401,
            "매매실거래년":20201117.0,
            "매매실거래가":134000.0,
            "전세실거래년":20220127.0,
            "전세실거래가":13967.0,
            "전세가율":20.85,
            "장기전세가율평균":57.02,
            "전세가율거품지수":36.17,
            "검색코드":102314,
            "세대수":889.0,
            "준공년월":"2011-01-27",
            "준공년차":12.0,
            "가까운역이름":"마천",
            "가까운역거리":550.8,
            "역세권여부":"준역세권",
            "30분이내주요거점역":1,
            "30분거점역이름":"['잠실']",
            "1시간이내주요거점역":11,
            "1시간거점역이름":"['강남', '역삼', '잠실', '여의도', '을지로입구', '을지로3가', '양재', '정자', '왕십리', '명동', '서현']",
            "3km이내백화점수":0,
            "5km이내아울렛몰수":1,
            "1km이내대형먀트수":1,
            "500m이내은행수":0,
            "500m이내병원수":0,
            "5km이내대형병원수":4,
            "500m이내공원수":9,
            "3km이내혐오시설수":0,
            "초등학교학업성취도":89.99,
            "중학교학업성취도":82.0,
            "용적률":190,
            "건폐율":21,
            "Y":37.495787,
            "X":127.158943,
            "rank":93.0,
            "area_info":"24평(79.35), 33평(109.77), 33평(111.35), 33평(111.15), 44평(148.75), 45평(150.33)",
            "last_sales":"2020-11-17,134000.0,45평(150.33)",
            "rank_history":[
                [
                    "202202",
                    93
                ],
                [
                    "202201",
                    117
                ]
            ],
            "rank_gap":24
        },
        {
            "index":318,
            "아파트명":"현대2차",
            "투자타입":"일반",
            "전용면적(m2)":"64.9",
            "전용면적(평)":"19평",
            "법정동주소":"서울시 송파구 문정동 58",
            "도로명주소":"서울시 송파구 송파대로16길 12",
            "세대수":0,
            "입주년차":0,
            "용적률점수":"--",
            "건폐율점수":"--",
            "세대당주차수":0,
            "난방방식":30,
            "공급면적":"--",
            "전용률":"--",
            "욕실수":50,
            "현관타입":10,
            "주거총점":9.0,
            "지역구공급총점":0.0,
            "역세권":80,
            "30분내 이동가능 거점":60,
            "1시간내 이동가능 거점":100,
            "교통총점":78.0,
            "백화점":0,
            "아울렛몰":100,
            "대형마트":100,
            "은행":20,
            "병원":0,
            "종합병원":100,
            "공원":100,
            "혐오시설":0,
            "인프라총점":50.0,
            "초등학군":89.96,
            "중학군":47.88,
            "학군총점":56.296,
            "인구수":73.41,
            "인구증감":-8.64,
            "인구총점":48.795,
            "일자리":40.19,
            "소득수준":64.36,
            "일자리총점":47.441,
            "가치 총점":52.5444,
            "매매실거래년":20200926.0,
            "매매실거래가":85000.0,
            "전세실거래년":20130204.0,
            "전세실거래가":19000.0,
            "전세가율":65.74,
            "장기전세가율평균":57.02,
            "전세가율거품지수":-8.72,
            "검색코드":9039,
            "세대수":108.0,
            "준공년월":"1995-11-07",
            "준공년차":28.0,
            "가까운역이름":"문정",
            "가까운역거리":255.99,
            "역세권여부":"역세권",
            "30분이내주요거점역":3,
            "30분거점역이름":"['역삼', '잠실', '서현']",
            "1시간이내주요거점역":15,
            "1시간거점역이름":"['강남', '역삼', '잠실', '판교', '여의도', '을지로입구', '을지로3가', '양재', '정자', '수원시청', '왕십리', '홍대입구', '구로디지털단지', '명동', '서현']",
            "3km이내백화점수":0,
            "5km이내아울렛몰수":2,
            "1km이내대형먀트수":3,
            "500m이내은행수":2,
            "500m이내병원수":0,
            "5km이내대형병원수":6,
            "500m이내공원수":7,
            "3km이내혐오시설수":0,
            "초등학교학업성취도":89.96,
            "중학교학업성취도":79.6,
            "용적률":297,
            "건폐율":35,
            "Y":37.484201,
            "X":127.124518,
            "rank":94.0,
            "area_info":"19평(64.9), 21평(72.5), 23평(76.2), 23평(78.4), 23평(79.13), 23평(79.09), 30평(99.45), 30평(100.45), 33평(112.15), 33평(112.17)",
            "last_sales":"2020-09-26,85000.0,33평(112.15)",
            "rank_history":[
                [
                    "202202",
                    94
                ],
                [
                    "202201",
                    89
                ]
            ],
            "rank_gap":-5
        },
        {
            "index":240,
            "아파트명":"마천금호어울림1차",
            "투자타입":"일반",
            "전용면적(m2)":"110.69",
            "전용면적(평)":"33평",
            "법정동주소":"서울시 송파구 마천동 575",
            "도로명주소":"서울시 송파구 성내천로 245",
            "세대수":0,
            "입주년차":20,
            "용적률점수":"--",
            "건폐율점수":"--",
            "세대당주차수":60,
            "난방방식":30,
            "공급면적":"--",
            "전용률":"--",
            "욕실수":100,
            "현관타입":100,
            "주거총점":36.0,
            "지역구공급총점":0.0,
            "역세권":80,
            "30분내 이동가능 거점":20,
            "1시간내 이동가능 거점":100,
            "교통총점":66.0,
            "백화점":0,
            "아울렛몰":100,
            "대형마트":80,
            "은행":0,
            "병원":0,
            "종합병원":100,
            "공원":100,
            "혐오시설":0,
            "인프라총점":45.0,
            "초등학군":89.99,
            "중학군":49.92,
            "학군총점":57.934,
            "인구수":73.41,
            "인구증감":-8.64,
            "인구총점":48.795,
            "일자리":40.19,
            "소득수준":64.36,
            "일자리총점":47.441,
            "가치 총점":52.4901,
            "매매실거래년":20211106.0,
            "매매실거래가":114000.0,
            "전세실거래년":20211119.0,
            "전세실거래가":43000.0,
            "전세가율":52.12,
            "장기전세가율평균":57.02,
            "전세가율거품지수":4.9,
            "검색코드":3308,
            "세대수":215.0,
            "준공년월":"2002-03-26",
            "준공년차":21.0,
            "가까운역이름":"마천",
            "가까운역거리":400.14,
            "역세권여부":"역세권",
            "30분이내주요거점역":1,
            "30분거점역이름":"['잠실']",
            "1시간이내주요거점역":11,
            "1시간거점역이름":"['강남', '역삼', '잠실', '판교', '여의도', '을지로입구', '을지로3가', '양재', '왕십리', '명동', '서현']",
            "3km이내백화점수":0,
            "5km이내아울렛몰수":2,
            "1km이내대형먀트수":1,
            "500m이내은행수":0,
            "500m이내병원수":0,
            "5km이내대형병원수":3,
            "500m이내공원수":9,
            "3km이내혐오시설수":0,
            "초등학교학업성취도":89.99,
            "중학교학업성취도":82.0,
            "용적률":352,
            "건폐율":25,
            "Y":37.498208,
            "X":127.154811,
            "rank":95.0,
            "area_info":"33평(110.69), 33평(110.06), 34평(115.45), 35평(116.16), 40평(133.26), 44평(147.17)",
            "last_sales":"2021-11-06,114000.0,44평(147.17)",
            "rank_history":[
                [
                    "202202",
                    95
                ],
                [
                    "202201",
                    112
                ]
            ],
            "rank_gap":17
        },
        {
            "index":821,
            "아파트명":"미성맨션",
            "투자타입":"재건축",
            "전용면적(m2)":"86.93",
            "전용면적(평)":"26평",
            "법정동주소":"서울시 송파구 풍납동 219",
            "도로명주소":"서울시 송파구 풍성로 14",
            "세대수":0,
            "입주년차":"--",
            "용적률점수":80,
            "건폐율점수":0,
            "세대당주차수":"--",
            "난방방식":"--",
            "공급면적":70,
            "전용률":60,
            "욕실수":"--",
            "현관타입":"--",
            "주거총점":38.5,
            "지역구공급총점":0.0,
            "역세권":50,
            "30분내 이동가능 거점":20,
            "1시간내 이동가능 거점":100,
            "교통총점":51.0,
            "백화점":100,
            "아울렛몰":80,
            "대형마트":0,
            "은행":0,
            "병원":0,
            "종합병원":100,
            "공원":100,
            "혐오시설":0,
            "인프라총점":61.0,
            "초등학군":89.96,
            "중학군":48.0,
            "학군총점":56.392,
            "인구수":73.41,
            "인구증감":-8.64,
            "인구총점":48.795,
            "일자리":40.19,
            "소득수준":64.36,
            "일자리총점":47.441,
            "가치 총점":52.3088,
            "매매실거래년":20211209.0,
            "매매실거래가":120000.0,
            "전세실거래년":20211107.0,
            "전세실거래가":50000.0,
            "전세가율":53.76,
            "장기전세가율평균":57.02,
            "전세가율거품지수":3.26,
            "검색코드":644,
            "세대수":275.0,
            "준공년월":"1985-06-17",
            "준공년차":38.0,
            "가까운역이름":"강동구청",
            "가까운역거리":742.81,
            "역세권여부":"준역세권",
            "30분이내주요거점역":1,
            "30분거점역이름":"['잠실']",
            "1시간이내주요거점역":13,
            "1시간거점역이름":"['강남', '역삼', '잠실', '판교', '여의도', '을지로입구', '을지로3가', '양재', '정자', '왕십리', '구로디지털단지', '명동', '서현']",
            "3km이내백화점수":3,
            "5km이내아울렛몰수":1,
            "1km이내대형먀트수":0,
            "500m이내은행수":1,
            "500m이내병원수":0,
            "5km이내대형병원수":7,
            "500m이내공원수":2,
            "3km이내혐오시설수":0,
            "초등학교학업성취도":89.96,
            "중학교학업성취도":79.6,
            "용적률":167,
            "건폐율":0,
            "Y":37.534364,
            "X":127.113783,
            "rank":96.0,
            "area_info":"26평(86.93), 36평(119.65), 42평(139.9), 42평(139.91)",
            "last_sales":"2021-12-09,120000.0,42평(139.91)",
            "rank_history":[
                [
                    "202202",
                    96
                ],
                [
                    "202201",
                    84
                ]
            ],
            "rank_gap":-12
        },
        {
            "index":172,
            "아파트명":"거여5단지",
            "투자타입":"일반",
            "전용면적(m2)":"80.73",
            "전용면적(평)":"24평",
            "법정동주소":"서울시 송파구 거여동 294",
            "도로명주소":"서울시 송파구 양산로4길 16",
            "세대수":50,
            "입주년차":0,
            "용적률점수":"--",
            "건폐율점수":"--",
            "세대당주차수":0,
            "난방방식":100,
            "공급면적":"--",
            "전용률":"--",
            "욕실수":50,
            "현관타입":100,
            "주거총점":42.5,
            "지역구공급총점":0.0,
            "역세권":80,
            "30분내 이동가능 거점":20,
            "1시간내 이동가능 거점":100,
            "교통총점":66.0,
            "백화점":0,
            "아울렛몰":100,
            "대형마트":0,
            "은행":70,
            "병원":0,
            "종합병원":100,
            "공원":100,
            "혐오시설":0,
            "인프라총점":40.0,
            "초등학군":90.2,
            "중학군":49.92,
            "학군총점":57.976,
            "인구수":73.41,
            "인구증감":-8.64,
            "인구총점":48.795,
            "일자리":40.19,
            "소득수준":64.36,
            "일자리총점":47.441,
            "가치 총점":52.2964,
            "매매실거래년":20201226.0,
            "매매실거래가":114800.0,
            "전세실거래년":null,
            "전세실거래가":null,
            "전세가율":null,
            "장기전세가율평균":57.02,
            "전세가율거품지수":null,
            "검색코드":952,
            "세대수":605.0,
            "준공년월":"1997-07-03",
            "준공년차":26.0,
            "가까운역이름":"거여",
            "가까운역거리":466.05,
            "역세권여부":"역세권",
            "30분이내주요거점역":1,
            "30분거점역이름":"['잠실']",
            "1시간이내주요거점역":13,
            "1시간거점역이름":"['강남', '역삼', '잠실', '판교', '여의도', '을지로입구', '을지로3가', '양재', '정자', '왕십리', '구로디지털단지', '명동', '서현']",
            "3km이내백화점수":0,
            "5km이내아울렛몰수":2,
            "1km이내대형먀트수":0,
            "500m이내은행수":3,
            "500m이내병원수":0,
            "5km이내대형병원수":4,
            "500m이내공원수":5,
            "3km이내혐오시설수":0,
            "초등학교학업성취도":90.2,
            "중학교학업성취도":82.0,
            "용적률":344,
            "건폐율":29,
            "Y":37.488974,
            "X":127.145043,
            "rank":97.0,
            "area_info":"24평(80.73), 24평(81.12), 34평(114.29)",
            "last_sales":"2020-12-26,114800.0,34평(114.29)",
            "rank_history":[
                [
                    "202202",
                    97
                ],
                [
                    "202201",
                    90
                ]
            ],
            "rank_gap":-7
        },
        {
            "index":484,
            "아파트명":"가락상아",
            "투자타입":"재건축",
            "전용면적(m2)":"83.26",
            "전용면적(평)":"25평",
            "법정동주소":"서울시 송파구 오금동 166",
            "도로명주소":"서울시 송파구 오금로 405",
            "세대수":0,
            "입주년차":"--",
            "용적률점수":80,
            "건폐율점수":0,
            "세대당주차수":"--",
            "난방방식":"--",
            "공급면적":70,
            "전용률":60,
            "욕실수":"--",
            "현관타입":"--",
            "주거총점":38.5,
            "지역구공급총점":0.0,
            "역세권":80,
            "30분내 이동가능 거점":20,
            "1시간내 이동가능 거점":100,
            "교통총점":66.0,
            "백화점":0,
            "아울렛몰":100,
            "대형마트":0,
            "은행":100,
            "병원":0,
            "종합병원":100,
            "공원":100,
            "혐오시설":0,
            "인프라총점":43.0,
            "초등학군":89.98,
            "중학군":47.28,
            "학군총점":55.82,
            "인구수":73.41,
            "인구증감":-8.64,
            "인구총점":48.795,
            "일자리":40.19,
            "소득수준":64.36,
            "일자리총점":47.441,
            "가치 총점":52.073,
            "매매실거래년":20210630.0,
            "매매실거래가":160000.0,
            "전세실거래년":20211123.0,
            "전세실거래가":35000.0,
            "전세가율":32.26,
            "장기전세가율평균":57.02,
            "전세가율거품지수":24.76,
            "검색코드":629,
            "세대수":226.0,
            "준공년월":"1984-12-12",
            "준공년차":39.0,
            "가까운역이름":"개롱",
            "가까운역거리":118.0,
            "역세권여부":"역세권",
            "30분이내주요거점역":1,
            "30분거점역이름":"['잠실']",
            "1시간이내주요거점역":13,
            "1시간거점역이름":"['강남', '역삼', '잠실', '판교', '여의도', '을지로입구', '을지로3가', '양재', '정자', '왕십리', '구로디지털단지', '명동', '서현']",
            "3km이내백화점수":0,
            "5km이내아울렛몰수":2,
            "1km이내대형먀트수":0,
            "500m이내은행수":5,
            "500m이내병원수":0,
            "5km이내대형병원수":5,
            "500m이내공원수":7,
            "3km이내혐오시설수":0,
            "초등학교학업성취도":89.98,
            "중학교학업성취도":78.8,
            "용적률":178,
            "건폐율":0,
            "Y":37.498756,
            "X":127.13585,
            "rank":98.0,
            "area_info":"25평(83.26), 38평(126.89), 43평(145.37)",
            "last_sales":"2021-06-30,160000.0,38평(126.89)",
            "rank_history":[
                [
                    "202202",
                    98
                ],
                [
                    "202201",
                    91
                ]
            ],
            "rank_gap":-7
        },
        {
            "index":396,
            "아파트명":"송파KCC",
            "투자타입":"일반",
            "전용면적(m2)":"74.59",
            "전용면적(평)":"22평",
            "법정동주소":"서울시 송파구 송파동 164",
            "도로명주소":"서울시 송파구 송이로 27-1",
            "세대수":0,
            "입주년차":20,
            "용적률점수":"--",
            "건폐율점수":"--",
            "세대당주차수":30,
            "난방방식":30,
            "공급면적":"--",
            "전용률":"--",
            "욕실수":50,
            "현관타입":10,
            "주거총점":17.5,
            "지역구공급총점":0.0,
            "역세권":50,
            "30분내 이동가능 거점":40,
            "1시간내 이동가능 거점":100,
            "교통총점":57.0,
            "백화점":100,
            "아울렛몰":100,
            "대형마트":0,
            "은행":20,
            "병원":0,
            "종합병원":100,
            "공원":100,
            "혐오시설":0,
            "인프라총점":65.0,
            "초등학군":89.99,
            "중학군":53.3,
            "학군총점":60.638,
            "인구수":73.41,
            "인구증감":-8.64,
            "인구총점":48.795,
            "일자리":40.19,
            "소득수준":64.36,
            "일자리총점":47.441,
            "가치 총점":52.0457,
            "매매실거래년":20210814.0,
            "매매실거래가":135000.0,
            "전세실거래년":20220115.0,
            "전세실거래가":45000.0,
            "전세가율":58.44,
            "장기전세가율평균":57.02,
            "전세가율거품지수":-1.42,
            "검색코드":9171,
            "세대수":106.0,
            "준공년월":"2003-08-28",
            "준공년차":20.0,
            "가까운역이름":"송파",
            "가까운역거리":598.9,
            "역세권여부":"준역세권",
            "30분이내주요거점역":2,
            "30분거점역이름":"['역삼', '잠실']",
            "1시간이내주요거점역":14,
            "1시간거점역이름":"['강남', '역삼', '잠실', '판교', '여의도', '을지로입구', '을지로3가', '양재', '정자', '평촌', '왕십리', '구로디지털단지', '명동', '서현']",
            "3km이내백화점수":2,
            "5km이내아울렛몰수":2,
            "1km이내대형먀트수":0,
            "500m이내은행수":2,
            "500m이내병원수":0,
            "5km이내대형병원수":6,
            "500m이내공원수":6,
            "3km이내혐오시설수":0,
            "초등학교학업성취도":89.99,
            "중학교학업성취도":86.7,
            "용적률":267,
            "건폐율":24,
            "Y":37.503062,
            "X":127.11749,
            "rank":99.0,
            "area_info":"22평(74.59), 26평(88.97), 32평(106.43), 32평(107.7), 32평(108.11)",
            "last_sales":"2021-08-14,135000.0,32평(108.11)",
            "rank_history":[
                [
                    "202202",
                    99
                ],
                [
                    "202201",
                    93
                ]
            ],
            "rank_gap":-6
        },
        {
            "index":879,
            "아파트명":"한강극동",
            "투자타입":"일반",
            "전용면적(m2)":"79.85",
            "전용면적(평)":"24평",
            "법정동주소":"서울시 송파구 풍납동 508",
            "도로명주소":"서울시 송파구 토성로 38-6",
            "세대수":80,
            "입주년차":0,
            "용적률점수":"--",
            "건폐율점수":"--",
            "세대당주차수":0,
            "난방방식":30,
            "공급면적":"--",
            "전용률":"--",
            "욕실수":50,
            "현관타입":10,
            "주거총점":37.0,
            "지역구공급총점":0.0,
            "역세권":50,
            "30분내 이동가능 거점":20,
            "1시간내 이동가능 거점":100,
            "교통총점":51.0,
            "백화점":100,
            "아울렛몰":80,
            "대형마트":0,
            "은행":0,
            "병원":0,
            "종합병원":100,
            "공원":80,
            "혐오시설":0,
            "인프라총점":60.4,
            "초등학군":89.96,
            "중학군":49.8,
            "학군총점":57.832,
            "인구수":73.41,
            "인구증감":-8.64,
            "인구총점":48.795,
            "일자리":40.19,
            "소득수준":64.36,
            "일자리총점":47.441,
            "가치 총점":52.0448,
            "매매실거래년":20211005.0,
            "매매실거래가":138500.0,
            "전세실거래년":20220119.0,
            "전세실거래가":38850.0,
            "전세가율":36.31,
            "장기전세가율평균":57.02,
            "전세가율거품지수":20.71,
            "검색코드":650,
            "세대수":895.0,
            "준공년월":"1995-07-31",
            "준공년차":28.0,
            "가까운역이름":"강동구청",
            "가까운역거리":724.5,
            "역세권여부":"준역세권",
            "30분이내주요거점역":1,
            "30분거점역이름":"['잠실']",
            "1시간이내주요거점역":13,
            "1시간거점역이름":"['강남', '역삼', '잠실', '판교', '여의도', '을지로입구', '을지로3가', '양재', '정자', '왕십리', '구로디지털단지', '명동', '서현']",
            "3km이내백화점수":3,
            "5km이내아울렛몰수":1,
            "1km이내대형먀트수":0,
            "500m이내은행수":0,
            "500m이내병원수":0,
            "5km이내대형병원수":7,
            "500m이내공원수":1,
            "3km이내혐오시설수":0,
            "초등학교학업성취도":89.96,
            "중학교학업성취도":82.6,
            "용적률":226,
            "건폐율":23,
            "Y":37.529691,
            "X":127.112333,
            "rank":100.0,
            "area_info":"24평(79.85), 32평(106.39), 42평(138.86)",
            "last_sales":"2021-10-05,138500.0,32평(106.39)",
            "rank_history":[
                [
                    "202202",
                    100
                ],
                [
                    "202201",
                    83
                ]
            ],
            "rank_gap":-17
        },
        {
            "index":246,
            "아파트명":"마천금호어울림2차",
            "투자타입":"일반",
            "전용면적(m2)":"81.32",
            "전용면적(평)":"24평",
            "법정동주소":"서울시 송파구 마천동 319",
            "도로명주소":"서울시 송파구 성내천로 314",
            "세대수":0,
            "입주년차":40,
            "용적률점수":"--",
            "건폐율점수":"--",
            "세대당주차수":30,
            "난방방식":30,
            "공급면적":"--",
            "전용률":"--",
            "욕실수":100,
            "현관타입":100,
            "주거총점":35.5,
            "지역구공급총점":0.0,
            "역세권":80,
            "30분내 이동가능 거점":20,
            "1시간내 이동가능 거점":100,
            "교통총점":66.0,
            "백화점":0,
            "아울렛몰":80,
            "대형마트":80,
            "은행":0,
            "병원":0,
            "종합병원":100,
            "공원":100,
            "혐오시설":0,
            "인프라총점":43.0,
            "초등학군":89.99,
            "중학군":49.92,
            "학군총점":57.934,
            "인구수":73.41,
            "인구증감":-8.64,
            "인구총점":48.795,
            "일자리":40.19,
            "소득수준":64.36,
            "일자리총점":47.441,
            "가치 총점":51.7901,
            "매매실거래년":20210814.0,
            "매매실거래가":110000.0,
            "전세실거래년":20210424.0,
            "전세실거래가":37500.0,
            "전세가율":51.37,
            "장기전세가율평균":57.02,
            "전세가율거품지수":5.65,
            "검색코드":19507,
            "세대수":173.0,
            "준공년월":"2006-04-24",
            "준공년차":17.0,
            "가까운역이름":"마천",
            "가까운역거리":310.96,
            "역세권여부":"역세권",
            "30분이내주요거점역":1,
            "30분거점역이름":"['잠실']",
            "1시간이내주요거점역":12,
            "1시간거점역이름":"['강남', '역삼', '잠실', '판교', '여의도', '을지로입구', '을지로3가', '양재', '정자', '왕십리', '명동', '서현']",
            "3km이내백화점수":0,
            "5km이내아울렛몰수":1,
            "1km이내대형먀트수":1,
            "500m이내은행수":0,
            "500m이내병원수":0,
            "5km이내대형병원수":3,
            "500m이내공원수":10,
            "3km이내혐오시설수":0,
            "초등학교학업성취도":89.99,
            "중학교학업성취도":82.0,
            "용적률":226,
            "건폐율":26,
            "Y":37.493148,
            "X":127.155433,
            "rank":101.0,
            "area_info":"24평(81.32), 33평(110.55), 33평(111.03), 37평(125.16), 43평(142.79)",
            "last_sales":"2021-08-14,110000.0,33평(110.55)",
            "rank_history":[
                [
                    "202202",
                    101
                ],
                [
                    "202201",
                    115
                ]
            ],
            "rank_gap":14
        },
        {
            "index":35,
            "아파트명":"가락풍림",
            "투자타입":"일반",
            "전용면적(m2)":"80.02",
            "전용면적(평)":"24평",
            "법정동주소":"서울시 송파구 가락동 142",
            "도로명주소":"서울시 송파구 동남로9길 39",
            "세대수":0,
            "입주년차":0,
            "용적률점수":"--",
            "건폐율점수":"--",
            "세대당주차수":0,
            "난방방식":30,
            "공급면적":"--",
            "전용률":"--",
            "욕실수":50,
            "현관타입":10,
            "주거총점":9.0,
            "지역구공급총점":0.0,
            "역세권":80,
            "30분내 이동가능 거점":40,
            "1시간내 이동가능 거점":100,
            "교통총점":72.0,
            "백화점":0,
            "아울렛몰":100,
            "대형마트":80,
            "은행":70,
            "병원":0,
            "종합병원":100,
            "공원":100,
            "혐오시설":0,
            "인프라총점":52.0,
            "초등학군":89.99,
            "중학군":53.3,
            "학군총점":60.638,
            "인구수":73.41,
            "인구증감":-8.64,
            "인구총점":48.795,
            "일자리":40.19,
            "소득수준":64.36,
            "일자리총점":47.441,
            "가치 총점":51.6957,
            "매매실거래년":20210127.0,
            "매매실거래가":99000.0,
            "전세실거래년":20210515.0,
            "전세실거래가":51500.0,
            "전세가율":78.27,
            "장기전세가율평균":57.02,
            "전세가율거품지수":-21.25,
            "검색코드":599,
            "세대수":105.0,
            "준공년월":"1995-11-30",
            "준공년차":28.0,
            "가까운역이름":"경찰병원",
            "가까운역거리":169.38,
            "역세권여부":"역세권",
            "30분이내주요거점역":2,
            "30분거점역이름":"['잠실', '양재']",
            "1시간이내주요거점역":15,
            "1시간거점역이름":"['강남', '역삼', '잠실', '판교', '여의도', '을지로입구', '을지로3가', '양재', '정자', '평촌', '가산디지털단지', '왕십리', '구로디지털단지', '명동', '서현']",
            "3km이내백화점수":0,
            "5km이내아울렛몰수":2,
            "1km이내대형먀트수":1,
            "500m이내은행수":4,
            "500m이내병원수":0,
            "5km이내대형병원수":5,
            "500m이내공원수":7,
            "3km이내혐오시설수":0,
            "초등학교학업성취도":89.99,
            "중학교학업성취도":86.3,
            "용적률":260,
            "건폐율":35,
            "Y":37.495505,
            "X":127.126388,
            "rank":102.0,
            "area_info":"24평(80.02), 29평(97.71), 32평(107.49)",
            "last_sales":"2021-01-27,99000.0,32평(107.49)",
            "rank_history":[
                [
                    "202202",
                    102
                ],
                [
                    "202201",
                    92
                ]
            ],
            "rank_gap":-10
        },
        {
            "index":371,
            "아파트명":"현대",
            "투자타입":"재건축",
            "전용면적(m2)":"98.65",
            "전용면적(평)":"29평",
            "법정동주소":"서울시 송파구 삼전동 39",
            "도로명주소":"서울시 송파구 백제고분로22길 39",
            "세대수":0,
            "입주년차":"--",
            "용적률점수":60,
            "건폐율점수":0,
            "세대당주차수":"--",
            "난방방식":"--",
            "공급면적":70,
            "전용률":80,
            "욕실수":"--",
            "현관타입":"--",
            "주거총점":31.5,
            "지역구공급총점":0.0,
            "역세권":0,
            "30분내 이동가능 거점":80,
            "1시간내 이동가능 거점":100,
            "교통총점":44.0,
            "백화점":100,
            "아울렛몰":100,
            "대형마트":80,
            "은행":0,
            "병원":0,
            "종합병원":100,
            "공원":100,
            "혐오시설":-50,
            "인프라총점":74.0,
            "초등학군":89.98,
            "중학군":41.96,
            "학군총점":51.564,
            "인구수":73.41,
            "인구증감":-8.64,
            "인구총점":48.795,
            "일자리":40.19,
            "소득수준":64.36,
            "일자리총점":47.441,
            "가치 총점":51.6346,
            "매매실거래년":20210818.0,
            "매매실거래가":120000.0,
            "전세실거래년":20211213.0,
            "전세실거래가":42000.0,
            "전세가율":39.07,
            "장기전세가율평균":57.02,
            "전세가율거품지수":17.95,
            "검색코드":3562,
            "세대수":120.0,
            "준공년월":"1989-11-22",
            "준공년차":34.0,
            "가까운역이름":"대청",
            "가까운역거리":1090.74,
            "역세권여부":"비역세권",
            "30분이내주요거점역":4,
            "30분거점역이름":"['강남', '역삼', '잠실', '양재']",
            "1시간이내주요거점역":15,
            "1시간거점역이름":"['강남', '역삼', '잠실', '판교', '여의도', '을지로입구', '을지로3가', '양재', '정자', '가산디지털단지', '왕십리', '홍대입구', '구로디지털단지', '명동', '서현']",
            "3km이내백화점수":3,
            "5km이내아울렛몰수":2,
            "1km이내대형먀트수":1,
            "500m이내은행수":0,
            "500m이내병원수":0,
            "5km이내대형병원수":7,
            "500m이내공원수":6,
            "3km이내혐오시설수":1,
            "초등학교학업성취도":89.98,
            "중학교학업성취도":69.2,
            "용적률":240,
            "건폐율":0,
            "Y":37.500274,
            "X":127.088491,
            "rank":103.0,
            "area_info":"29평(98.65), 30평(100.81)",
            "last_sales":"2021-08-18,120000.0,30평(100.81)",
            "rank_history":[
                [
                    "202202",
                    103
                ],
                [
                    "202201",
                    95
                ]
            ],
            "rank_gap":-8
        },
        {
            "index":175,
            "아파트명":"삼호",
            "투자타입":"일반",
            "전용면적(m2)":"84.1",
            "전용면적(평)":"25평",
            "법정동주소":"서울시 송파구 거여동 136",
            "도로명주소":"서울시 송파구 거마로9길 19",
            "세대수":0,
            "입주년차":20,
            "용적률점수":"--",
            "건폐율점수":"--",
            "세대당주차수":30,
            "난방방식":30,
            "공급면적":"--",
            "전용률":"--",
            "욕실수":100,
            "현관타입":10,
            "주거총점":22.5,
            "지역구공급총점":0.0,
            "역세권":80,
            "30분내 이동가능 거점":20,
            "1시간내 이동가능 거점":100,
            "교통총점":66.0,
            "백화점":0,
            "아울렛몰":100,
            "대형마트":80,
            "은행":70,
            "병원":0,
            "종합병원":100,
            "공원":100,
            "혐오시설":0,
            "인프라총점":52.0,
            "초등학군":89.99,
            "중학군":47.28,
            "학군총점":55.822,
            "인구수":73.41,
            "인구증감":-8.64,
            "인구총점":48.795,
            "일자리":40.19,
            "소득수준":64.36,
            "일자리총점":47.441,
            "가치 총점":51.5733,
            "매매실거래년":20211020.0,
            "매매실거래가":83000.0,
            "전세실거래년":20210430.0,
            "전세실거래가":20000.0,
            "전세가율":24.1,
            "장기전세가율평균":57.02,
            "전세가율거품지수":32.92,
            "검색코드":1274,
            "세대수":142.0,
            "준공년월":"1999-06-12",
            "준공년차":24.0,
            "가까운역이름":"거여",
            "가까운역거리":385.61,
            "역세권여부":"역세권",
            "30분이내주요거점역":1,
            "30분거점역이름":"['잠실']",
            "1시간이내주요거점역":13,
            "1시간거점역이름":"['강남', '역삼', '잠실', '판교', '여의도', '을지로입구', '을지로3가', '양재', '정자', '왕십리', '구로디지털단지', '명동', '서현']",
            "3km이내백화점수":0,
            "5km이내아울렛몰수":2,
            "1km이내대형먀트수":1,
            "500m이내은행수":4,
            "500m이내병원수":0,
            "5km이내대형병원수":4,
            "500m이내공원수":8,
            "3km이내혐오시설수":0,
            "초등학교학업성취도":89.99,
            "중학교학업성취도":78.8,
            "용적률":345,
            "건폐율":28,
            "Y":37.49652,
            "X":127.14339,
            "rank":104.0,
            "area_info":"25평(84.1), 36평(119.5)",
            "last_sales":"2021-10-20,83000.0,25평(84.1)",
            "rank_history":[
                [
                    "202202",
                    104
                ],
                [
                    "202201",
                    109
                ]
            ],
            "rank_gap":5
        },
        {
            "index":498,
            "아파트명":"송파두산위브",
            "투자타입":"일반",
            "전용면적(m2)":"81.31",
            "전용면적(평)":"24평",
            "법정동주소":"서울시 송파구 오금동 135",
            "도로명주소":"서울시 송파구 성내천로 103",
            "세대수":0,
            "입주년차":100,
            "용적률점수":"--",
            "건폐율점수":"--",
            "세대당주차수":30,
            "난방방식":30,
            "공급면적":"--",
            "전용률":"--",
            "욕실수":100,
            "현관타입":100,
            "주거총점":47.5,
            "지역구공급총점":0.0,
            "역세권":50,
            "30분내 이동가능 거점":20,
            "1시간내 이동가능 거점":100,
            "교통총점":51.0,
            "백화점":0,
            "아울렛몰":100,
            "대형마트":80,
            "은행":70,
            "병원":0,
            "종합병원":100,
            "공원":100,
            "혐오시설":0,
            "인프라총점":52.0,
            "초등학군":89.98,
            "중학군":47.28,
            "학군총점":55.82,
            "인구수":73.41,
            "인구증감":-8.64,
            "인구총점":48.795,
            "일자리":40.19,
            "소득수준":64.36,
            "일자리총점":47.441,
            "가치 총점":51.323,
            "매매실거래년":20210822.0,
            "매매실거래가":141700.0,
            "전세실거래년":20211218.0,
            "전세실거래가":56700.0,
            "전세가율":47.25,
            "장기전세가율평균":57.02,
            "전세가율거품지수":9.77,
            "검색코드":114947,
            "세대수":269.0,
            "준공년월":"2019-02-27",
            "준공년차":4.0,
            "가까운역이름":"개롱",
            "가까운역거리":616.53,
            "역세권여부":"준역세권",
            "30분이내주요거점역":1,
            "30분거점역이름":"['잠실']",
            "1시간이내주요거점역":13,
            "1시간거점역이름":"['강남', '역삼', '잠실', '판교', '여의도', '을지로입구', '을지로3가', '양재', '정자', '왕십리', '구로디지털단지', '명동', '서현']",
            "3km이내백화점수":0,
            "5km이내아울렛몰수":2,
            "1km이내대형먀트수":1,
            "500m이내은행수":3,
            "500m이내병원수":0,
            "5km이내대형병원수":4,
            "500m이내공원수":9,
            "3km이내혐오시설수":0,
            "초등학교학업성취도":89.98,
            "중학교학업성취도":78.8,
            "용적률":386,
            "건폐율":31,
            "Y":37.500541,
            "X":127.141082,
            "rank":105.0,
            "area_info":"24평(81.31), 34평(113.15)",
            "last_sales":"2021-08-22,141700.0,34평(113.15)",
            "rank_history":[
                [
                    "202202",
                    105
                ],
                [
                    "202201",
                    121
                ]
            ],
            "rank_gap":16
        },
        {
            "index":701,
            "아파트명":"송파파인타운6단지",
            "투자타입":"일반",
            "전용면적(m2)":"105.46",
            "전용면적(평)":"31평",
            "법정동주소":"서울시 송파구 장지동 847",
            "도로명주소":"서울시 송파구 충민로6길 14",
            "세대수":50,
            "입주년차":40,
            "용적률점수":"--",
            "건폐율점수":"--",
            "세대당주차수":30,
            "난방방식":30,
            "공급면적":"--",
            "전용률":"--",
            "욕실수":100,
            "현관타입":100,
            "주거총점":53.0,
            "지역구공급총점":0.0,
            "역세권":50,
            "30분내 이동가능 거점":20,
            "1시간내 이동가능 거점":100,
            "교통총점":51.0,
            "백화점":0,
            "아울렛몰":100,
            "대형마트":100,
            "은행":0,
            "병원":0,
            "종합병원":100,
            "공원":100,
            "혐오시설":0,
            "인프라총점":48.0,
            "초등학군":89.99,
            "중학군":47.88,
            "학군총점":56.302,
            "인구수":73.41,
            "인구증감":-8.64,
            "인구총점":48.795,
            "일자리":40.19,
            "소득수준":64.36,
            "일자리총점":47.441,
            "가치 총점":51.2953,
            "매매실거래년":20210813.0,
            "매매실거래가":150000.0,
            "전세실거래년":20220123.0,
            "전세실거래가":57300.0,
            "전세가율":38.2,
            "장기전세가율평균":57.02,
            "전세가율거품지수":18.82,
            "검색코드":26481,
            "세대수":564.0,
            "준공년월":"2008-08-25",
            "준공년차":15.0,
            "가까운역이름":"장지",
            "가까운역거리":582.84,
            "역세권여부":"준역세권",
            "30분이내주요거점역":1,
            "30분거점역이름":"['잠실']",
            "1시간이내주요거점역":11,
            "1시간거점역이름":"['강남', '역삼', '잠실', '판교', '여의도', '양재', '정자', '왕십리', '구로디지털단지', '명동', '서현']",
            "3km이내백화점수":0,
            "5km이내아울렛몰수":2,
            "1km이내대형먀트수":2,
            "500m이내은행수":1,
            "500m이내병원수":0,
            "5km이내대형병원수":5,
            "500m이내공원수":6,
            "3km이내혐오시설수":0,
            "초등학교학업성취도":89.99,
            "중학교학업성취도":79.6,
            "용적률":231,
            "건폐율":16,
            "Y":37.480619,
            "X":127.132339,
            "rank":106.0,
            "area_info":"31평(105.46), 31평(105.23), 31평(105.46), 32평(105.95), 31평(105.6)",
            "last_sales":"2021-08-13,150000.0,31평(105.46)",
            "rank_history":[
                [
                    "202202",
                    106
                ],
                [
                    "202201",
                    105
                ]
            ],
            "rank_gap":-1
        },
        {
            "index":199,
            "아파트명":"우방1차",
            "투자타입":"일반",
            "전용면적(m2)":"85.44",
            "전용면적(평)":"25평",
            "법정동주소":"서울시 송파구 거여동 356",
            "도로명주소":"서울시 송파구 오금로56길 16",
            "세대수":0,
            "입주년차":20,
            "용적률점수":"--",
            "건폐율점수":"--",
            "세대당주차수":30,
            "난방방식":30,
            "공급면적":"--",
            "전용률":"--",
            "욕실수":50,
            "현관타입":10,
            "주거총점":17.5,
            "지역구공급총점":0.0,
            "역세권":80,
            "30분내 이동가능 거점":20,
            "1시간내 이동가능 거점":100,
            "교통총점":66.0,
            "백화점":0,
            "아울렛몰":100,
            "대형마트":80,
            "은행":70,
            "병원":0,
            "종합병원":100,
            "공원":100,
            "혐오시설":0,
            "인프라총점":52.0,
            "초등학군":89.99,
            "중학군":49.92,
            "학군총점":57.934,
            "인구수":73.41,
            "인구증감":-8.64,
            "인구총점":48.795,
            "일자리":40.19,
            "소득수준":64.36,
            "일자리총점":47.441,
            "가치 총점":50.8901,
            "매매실거래년":20210708.0,
            "매매실거래가":81000.0,
            "전세실거래년":20211013.0,
            "전세실거래가":32550.0,
            "전세가율":40.19,
            "장기전세가율평균":57.02,
            "전세가율거품지수":16.83,
            "검색코드":1273,
            "세대수":257.0,
            "준공년월":"1999-09-09",
            "준공년차":24.0,
            "가까운역이름":"거여",
            "가까운역거리":172.24,
            "역세권여부":"역세권",
            "30분이내주요거점역":1,
            "30분거점역이름":"['잠실']",
            "1시간이내주요거점역":13,
            "1시간거점역이름":"['강남', '역삼', '잠실', '판교', '여의도', '을지로입구', '을지로3가', '양재', '정자', '왕십리', '구로디지털단지', '명동', '서현']",
            "3km이내백화점수":0,
            "5km이내아울렛몰수":2,
            "1km이내대형먀트수":1,
            "500m이내은행수":3,
            "500m이내병원수":0,
            "5km이내대형병원수":5,
            "500m이내공원수":7,
            "3km이내혐오시설수":0,
            "초등학교학업성취도":89.99,
            "중학교학업성취도":82.0,
            "용적률":324,
            "건폐율":30,
            "Y":37.492585,
            "X":127.142311,
            "rank":107.0,
            "area_info":"25평(85.44), 34평(114.02), 43평(142.53)",
            "last_sales":"2021-07-08,81000.0,25평(85.44)",
            "rank_history":[
                [
                    "202202",
                    107
                ],
                [
                    "202201",
                    119
                ]
            ],
            "rank_gap":12
        },
        {
            "index":298,
            "아파트명":"문정한전현대",
            "투자타입":"일반",
            "전용면적(m2)":"67.5",
            "전용면적(평)":"20평",
            "법정동주소":"서울시 송파구 문정동 62-5",
            "도로명주소":"서울시 송파구 송파대로20길 28",
            "세대수":0,
            "입주년차":0,
            "용적률점수":"--",
            "건폐율점수":"--",
            "세대당주차수":0,
            "난방방식":30,
            "공급면적":"--",
            "전용률":"--",
            "욕실수":50,
            "현관타입":10,
            "주거총점":9.0,
            "지역구공급총점":0.0,
            "역세권":80,
            "30분내 이동가능 거점":40,
            "1시간내 이동가능 거점":100,
            "교통총점":72.0,
            "백화점":0,
            "아울렛몰":100,
            "대형마트":100,
            "은행":20,
            "병원":0,
            "종합병원":100,
            "공원":100,
            "혐오시설":0,
            "인프라총점":50.0,
            "초등학군":89.96,
            "중학군":50.92,
            "학군총점":58.728,
            "인구수":73.41,
            "인구증감":-8.64,
            "인구총점":48.795,
            "일자리":40.19,
            "소득수준":64.36,
            "일자리총점":47.441,
            "가치 총점":50.8092,
            "매매실거래년":20210904.0,
            "매매실거래가":100750.0,
            "전세실거래년":20220120.0,
            "전세실거래가":36750.0,
            "전세가율":41.29,
            "장기전세가율평균":57.02,
            "전세가율거품지수":15.73,
            "검색코드":366,
            "세대수":120.0,
            "준공년월":"1993-09-28",
            "준공년차":30.0,
            "가까운역이름":"문정",
            "가까운역거리":304.73,
            "역세권여부":"역세권",
            "30분이내주요거점역":2,
            "30분거점역이름":"['역삼', '잠실']",
            "1시간이내주요거점역":14,
            "1시간거점역이름":"['강남', '역삼', '잠실', '판교', '여의도', '을지로입구', '을지로3가', '양재', '정자', '왕십리', '홍대입구', '구로디지털단지', '명동', '서현']",
            "3km이내백화점수":0,
            "5km이내아울렛몰수":2,
            "1km이내대형먀트수":4,
            "500m이내은행수":2,
            "500m이내병원수":0,
            "5km이내대형병원수":5,
            "500m이내공원수":6,
            "3km이내혐오시설수":0,
            "초등학교학업성취도":89.96,
            "중학교학업성취도":83.6,
            "용적률":399,
            "건폐율":31,
            "Y":37.485698,
            "X":127.125948,
            "rank":108.0,
            "area_info":"20평(67.5), 30평(100.68)",
            "last_sales":"2021-09-04,100750.0,30평(100.68)",
            "rank_history":[
                [
                    "202202",
                    108
                ],
                [
                    "202201",
                    99
                ]
            ],
            "rank_gap":-9
        },
        {
            "index":211,
            "아파트명":"위례포레샤인17단지",
            "투자타입":"일반",
            "전용면적(m2)":"86.26",
            "전용면적(평)":"26평",
            "법정동주소":"서울시 송파구 거여동 651",
            "도로명주소":"서울시 송파구 위례송파로 123",
            "세대수":90,
            "입주년차":100,
            "용적률점수":"--",
            "건폐율점수":"--",
            "세대당주차수":30,
            "난방방식":100,
            "공급면적":"--",
            "전용률":"--",
            "욕실수":100,
            "현관타입":100,
            "주거총점":86.0,
            "지역구공급총점":0.0,
            "역세권":50,
            "30분내 이동가능 거점":20,
            "1시간내 이동가능 거점":80,
            "교통총점":47.0,
            "백화점":0,
            "아울렛몰":80,
            "대형마트":0,
            "은행":0,
            "병원":0,
            "종합병원":100,
            "공원":0,
            "혐오시설":0,
            "인프라총점":28.0,
            "초등학군":90.2,
            "중학군":49.92,
            "학군총점":57.976,
            "인구수":73.41,
            "인구증감":-8.64,
            "인구총점":48.795,
            "일자리":40.19,
            "소득수준":64.36,
            "일자리총점":47.441,
            "가치 총점":50.7464,
            "매매실거래년":"18000101",
            "매매실거래가":null,
            "전세실거래년":null,
            "전세실거래가":null,
            "전세가율":null,
            "장기전세가율평균":57.02,
            "전세가율거품지수":null,
            "검색코드":139917,
            "세대수":1282.0,
            "준공년월":"2021-08-01",
            "준공년차":2.0,
            "가까운역이름":"거여",
            "가까운역거리":916.94,
            "역세권여부":"준역세권",
            "30분이내주요거점역":1,
            "30분거점역이름":"['잠실']",
            "1시간이내주요거점역":8,
            "1시간거점역이름":"['강남', '역삼', '잠실', '판교', '양재', '정자', '왕십리', '서현']",
            "3km이내백화점수":0,
            "5km이내아울렛몰수":1,
            "1km이내대형먀트수":0,
            "500m이내은행수":0,
            "500m이내병원수":0,
            "5km이내대형병원수":4,
            "500m이내공원수":0,
            "3km이내혐오시설수":0,
            "초등학교학업성취도":90.2,
            "중학교학업성취도":82.0,
            "용적률":0,
            "건폐율":0,
            "Y":37.485824,
            "X":127.149029,
            "rank":109.0,
            "area_info":"26평(86.26), 27평(91.07), 27평(91.44), 27평(91.47), 27평(91.13), 29평(97.89), 29평(98.53), 31평(103.92), 31평(103.48), 31평(103.54), 31평(103.97), 31평(104.9), 31평(104.74), 32평(109.05), 33평(109.75)",
            "last_sales":"1800-01-01,nan,26평(86.26)",
            "rank_history":[
                [
                    "202202",
                    109
                ],
                [
                    "202201",
                    111
                ]
            ],
            "rank_gap":2
        },
        {
            "index":690,
            "아파트명":"송파파인타운2단지",
            "투자타입":"일반",
            "전용면적(m2)":"113.98",
            "전용면적(평)":"34평",
            "법정동주소":"서울시 송파구 장지동 835",
            "도로명주소":"서울시 송파구 충민로 151",
            "세대수":30,
            "입주년차":40,
            "용적률점수":"--",
            "건폐율점수":"--",
            "세대당주차수":30,
            "난방방식":30,
            "공급면적":"--",
            "전용률":"--",
            "욕실수":100,
            "현관타입":100,
            "주거총점":46.0,
            "지역구공급총점":0.0,
            "역세권":50,
            "30분내 이동가능 거점":20,
            "1시간내 이동가능 거점":100,
            "교통총점":51.0,
            "백화점":0,
            "아울렛몰":100,
            "대형마트":100,
            "은행":20,
            "병원":0,
            "종합병원":100,
            "공원":100,
            "혐오시설":0,
            "인프라총점":50.0,
            "초등학군":89.99,
            "중학군":47.88,
            "학군총점":56.302,
            "인구수":73.41,
            "인구증감":-8.64,
            "인구총점":48.795,
            "일자리":40.19,
            "소득수준":64.36,
            "일자리총점":47.441,
            "가치 총점":50.4953,
            "매매실거래년":20210817.0,
            "매매실거래가":143000.0,
            "전세실거래년":20211102.0,
            "전세실거래가":78000.0,
            "전세가율":53.79,
            "장기전세가율평균":57.02,
            "전세가율거품지수":3.23,
            "검색코드":26479,
            "세대수":374.0,
            "준공년월":"2008-09-25",
            "준공년차":15.0,
            "가까운역이름":"장지",
            "가까운역거리":691.65,
            "역세권여부":"준역세권",
            "30분이내주요거점역":1,
            "30분거점역이름":"['잠실']",
            "1시간이내주요거점역":10,
            "1시간거점역이름":"['강남', '역삼', '잠실', '판교', '여의도', '양재', '정자', '왕십리', '명동', '서현']",
            "3km이내백화점수":0,
            "5km이내아울렛몰수":2,
            "1km이내대형먀트수":2,
            "500m이내은행수":2,
            "500m이내병원수":0,
            "5km이내대형병원수":5,
            "500m이내공원수":6,
            "3km이내혐오시설수":0,
            "초등학교학업성취도":89.99,
            "중학교학업성취도":79.6,
            "용적률":146,
            "건폐율":20,
            "Y":37.483654,
            "X":127.130936,
            "rank":110.0,
            "area_info":"34평(113.98), 34평(114.58)",
            "last_sales":"2021-08-17,143000.0,34평(114.58)",
            "rank_history":[
                [
                    "202202",
                    110
                ],
                [
                    "202201",
                    104
                ]
            ],
            "rank_gap":-6
        },
        {
            "index":500,
            "아파트명":"송파레미니스1단지",
            "투자타입":"일반",
            "전용면적(m2)":"88.33",
            "전용면적(평)":"26평",
            "법정동주소":"서울시 송파구 오금동 616",
            "도로명주소":"서울시 송파구 성내천로 6",
            "세대수":50,
            "입주년차":80,
            "용적률점수":"--",
            "건폐율점수":"--",
            "세대당주차수":30,
            "난방방식":30,
            "공급면적":"--",
            "전용률":"--",
            "욕실수":100,
            "현관타입":100,
            "주거총점":61.0,
            "지역구공급총점":0.0,
            "역세권":50,
            "30분내 이동가능 거점":0,
            "1시간내 이동가능 거점":100,
            "교통총점":45.0,
            "백화점":0,
            "아울렛몰":100,
            "대형마트":80,
            "은행":0,
            "병원":0,
            "종합병원":100,
            "공원":100,
            "혐오시설":0,
            "인프라총점":45.0,
            "초등학군":89.98,
            "중학군":50.32,
            "학군총점":58.252,
            "인구수":73.41,
            "인구증감":-8.64,
            "인구총점":48.795,
            "일자리":40.19,
            "소득수준":64.36,
            "일자리총점":47.441,
            "가치 총점":50.1878,
            "매매실거래년":20210614.0,
            "매매실거래가":139500.0,
            "전세실거래년":20220124.0,
            "전세실거래가":36656.0,
            "전세가율":33.94,
            "장기전세가율평균":57.02,
            "전세가율거품지수":23.08,
            "검색코드":115869,
            "세대수":575.0,
            "준공년월":"2017-11-02",
            "준공년차":6.0,
            "가까운역이름":"방이",
            "가까운역거리":823.86,
            "역세권여부":"준역세권",
            "30분이내주요거점역":0,
            "30분거점역이름":"[]",
            "1시간이내주요거점역":12,
            "1시간거점역이름":"['강남', '역삼', '잠실', '판교', '여의도', '을지로입구', '을지로3가', '양재', '정자', '왕십리', '명동', '서현']",
            "3km이내백화점수":0,
            "5km이내아울렛몰수":2,
            "1km이내대형먀트수":1,
            "500m이내은행수":0,
            "500m이내병원수":0,
            "5km이내대형병원수":5,
            "500m이내공원수":5,
            "3km이내혐오시설수":0,
            "초등학교학업성취도":89.98,
            "중학교학업성취도":81.8,
            "용적률":218,
            "건폐율":16,
            "Y":37.507848,
            "X":127.135386,
            "rank":111.0,
            "area_info":"26평(88.33), 37평(123.87), 37평(123.01), 37평(123.01), 37평(124.13)",
            "last_sales":"2021-06-14,139500.0,37평(124.13)",
            "rank_history":[
                [
                    "202202",
                    111
                ],
                [
                    "202201",
                    107
                ]
            ],
            "rank_gap":-4
        },
        {
            "index":253,
            "아파트명":"송파파크데일1단지",
            "투자타입":"일반",
            "전용면적(m2)":"78.62",
            "전용면적(평)":"23평",
            "법정동주소":"서울시 송파구 마천동 582",
            "도로명주소":"서울시 송파구 성내천로37길 37",
            "세대수":80,
            "입주년차":60,
            "용적률점수":"--",
            "건폐율점수":"--",
            "세대당주차수":30,
            "난방방식":30,
            "공급면적":"--",
            "전용률":"--",
            "욕실수":100,
            "현관타입":100,
            "주거총점":67.5,
            "지역구공급총점":0.0,
            "역세권":50,
            "30분내 이동가능 거점":20,
            "1시간내 이동가능 거점":60,
            "교통총점":43.0,
            "백화점":0,
            "아울렛몰":80,
            "대형마트":80,
            "은행":0,
            "병원":0,
            "종합병원":100,
            "공원":100,
            "혐오시설":0,
            "인프라총점":43.0,
            "초등학군":89.99,
            "중학군":49.92,
            "학군총점":57.934,
            "인구수":73.41,
            "인구증감":-8.64,
            "인구총점":48.795,
            "일자리":40.19,
            "소득수준":64.36,
            "일자리총점":47.441,
            "가치 총점":50.1401,
            "매매실거래년":20210904.0,
            "매매실거래가":141000.0,
            "전세실거래년":20211018.0,
            "전세실거래가":16264.0,
            "전세가율":17.74,
            "장기전세가율평균":57.02,
            "전세가율거품지수":39.28,
            "검색코드":102313,
            "세대수":812.0,
            "준공년월":"2011-01-27",
            "준공년차":12.0,
            "가까운역이름":"마천",
            "가까운역거리":714.33,
            "역세권여부":"준역세권",
            "30분이내주요거점역":1,
            "30분거점역이름":"['잠실']",
            "1시간이내주요거점역":6,
            "1시간거점역이름":"['강남', '역삼', '잠실', '양재', '왕십리', '명동']",
            "3km이내백화점수":0,
            "5km이내아울렛몰수":1,
            "1km이내대형먀트수":1,
            "500m이내은행수":0,
            "500m이내병원수":0,
            "5km이내대형병원수":3,
            "500m이내공원수":5,
            "3km이내혐오시설수":0,
            "초등학교학업성취도":89.99,
            "중학교학업성취도":82.0,
            "용적률":192,
            "건폐율":23,
            "Y":37.498915,
            "X":127.159191,
            "rank":112.0,
            "area_info":"23평(78.62), 32평(108.75), 33평(109.67), 33평(110.31), 33평(110.11), 44평(147.35), 44평(148.35)",
            "last_sales":"2021-09-04,141000.0,44평(148.35)",
            "rank_history":[
                [
                    "202202",
                    112
                ],
                [
                    "202201",
                    125
                ]
            ],
            "rank_gap":13
        },
        {
            "index":202,
            "아파트명":"위례포레샤인15단지",
            "투자타입":"일반",
            "전용면적(m2)":"84.21",
            "전용면적(평)":"25평",
            "법정동주소":"서울시 송파구 거여동 606번지",
            "도로명주소":"서울시 송파구 위례송파로 89",
            "세대수":30,
            "입주년차":100,
            "용적률점수":"--",
            "건폐율점수":"--",
            "세대당주차수":30,
            "난방방식":100,
            "공급면적":"--",
            "전용률":"--",
            "욕실수":100,
            "현관타입":100,
            "주거총점":65.0,
            "지역구공급총점":0.0,
            "역세권":50,
            "30분내 이동가능 거점":20,
            "1시간내 이동가능 거점":100,
            "교통총점":51.0,
            "백화점":0,
            "아울렛몰":100,
            "대형마트":0,
            "은행":0,
            "병원":0,
            "종합병원":100,
            "공원":100,
            "혐오시설":0,
            "인프라총점":33.0,
            "초등학군":90.2,
            "중학군":49.92,
            "학군총점":57.976,
            "인구수":73.41,
            "인구증감":-8.64,
            "인구총점":48.795,
            "일자리":40.19,
            "소득수준":64.36,
            "일자리총점":47.441,
            "가치 총점":49.4464,
            "매매실거래년":"18000101",
            "매매실거래가":null,
            "전세실거래년":null,
            "전세실거래가":null,
            "전세가율":null,
            "장기전세가율평균":57.02,
            "전세가율거품지수":null,
            "검색코드":139920,
            "세대수":394.0,
            "준공년월":"2021-08-01",
            "준공년차":2.0,
            "가까운역이름":"거여",
            "가까운역거리":812.86,
            "역세권여부":"준역세권",
            "30분이내주요거점역":1,
            "30분거점역이름":"['잠실']",
            "1시간이내주요거점역":10,
            "1시간거점역이름":"['강남', '역삼', '잠실', '판교', '여의도', '양재', '정자', '왕십리', '구로디지털단지', '서현']",
            "3km이내백화점수":0,
            "5km이내아울렛몰수":2,
            "1km이내대형먀트수":0,
            "500m이내은행수":0,
            "500m이내병원수":0,
            "5km이내대형병원수":4,
            "500m이내공원수":2,
            "3km이내혐오시설수":0,
            "초등학교학업성취도":90.2,
            "중학교학업성취도":82.0,
            "용적률":0,
            "건폐율":0,
            "Y":37.485795,
            "X":127.144078,
            "rank":113.0,
            "area_info":"25평(84.21), 29평(96.58), 29평(96.61), 29평(96.52), 29평(96.47), 29평(96.43), 32평(108.99), 33평(109.8), 32평(109.02)",
            "last_sales":"1800-01-01,nan,25평(84.21)",
            "rank_history":[
                [
                    "202202",
                    113
                ],
                [
                    "202201",
                    114
                ]
            ],
            "rank_gap":1
        },
        {
            "index":287,
            "아파트명":"문정시영",
            "투자타입":"재건축",
            "전용면적(m2)":"37.45",
            "전용면적(평)":"11평",
            "법정동주소":"서울시 송파구 문정동 145",
            "도로명주소":"서울시 송파구 송이로31길 56",
            "세대수":90,
            "입주년차":"--",
            "용적률점수":80,
            "건폐율점수":0,
            "세대당주차수":"--",
            "난방방식":"--",
            "공급면적":50,
            "전용률":40,
            "욕실수":"--",
            "현관타입":"--",
            "주거총점":63.5,
            "지역구공급총점":0.0,
            "역세권":50,
            "30분내 이동가능 거점":20,
            "1시간내 이동가능 거점":100,
            "교통총점":51.0,
            "백화점":0,
            "아울렛몰":100,
            "대형마트":0,
            "은행":0,
            "병원":0,
            "종합병원":100,
            "공원":100,
            "혐오시설":0,
            "인프라총점":33.0,
            "초등학군":89.98,
            "중학군":50.92,
            "학군총점":58.732,
            "인구수":73.41,
            "인구증감":-8.64,
            "인구총점":48.795,
            "일자리":40.19,
            "소득수준":64.36,
            "일자리총점":47.441,
            "가치 총점":49.2598,
            "매매실거래년":20220108.0,
            "매매실거래가":61000.0,
            "전세실거래년":20220126.0,
            "전세실거래가":13600.0,
            "전세가율":22.3,
            "장기전세가율평균":57.02,
            "전세가율거품지수":34.72,
            "검색코드":609,
            "세대수":1316.0,
            "준공년월":"1989-03-30",
            "준공년차":34.0,
            "가까운역이름":"거여",
            "가까운역거리":699.45,
            "역세권여부":"준역세권",
            "30분이내주요거점역":1,
            "30분거점역이름":"['잠실']",
            "1시간이내주요거점역":13,
            "1시간거점역이름":"['강남', '역삼', '잠실', '판교', '여의도', '을지로입구', '을지로3가', '양재', '정자', '왕십리', '구로디지털단지', '명동', '서현']",
            "3km이내백화점수":0,
            "5km이내아울렛몰수":2,
            "1km이내대형먀트수":0,
            "500m이내은행수":0,
            "500m이내병원수":0,
            "5km이내대형병원수":6,
            "500m이내공원수":3,
            "3km이내혐오시설수":0,
            "초등학교학업성취도":89.98,
            "중학교학업성취도":83.6,
            "용적률":215,
            "건폐율":0,
            "Y":37.491758,
            "X":127.136406,
            "rank":114.0,
            "area_info":"11평(37.45), 15평(52.79), 18평(61.04), 22평(74.69)",
            "last_sales":"2022-01-08,61000.0,11평(37.45)",
            "rank_history":[
                [
                    "202202",
                    114
                ],
                [
                    "202201",
                    118
                ]
            ],
            "rank_gap":4
        },
        {
            "index":414,
            "아파트명":"현대",
            "투자타입":"일반",
            "전용면적(m2)":"86.3",
            "전용면적(평)":"26평",
            "법정동주소":"서울시 송파구 송파동 163-14",
            "도로명주소":"서울시 송파구 오금로32길 42",
            "세대수":0,
            "입주년차":0,
            "용적률점수":"--",
            "건폐율점수":"--",
            "세대당주차수":30,
            "난방방식":30,
            "공급면적":"--",
            "전용률":"--",
            "욕실수":50,
            "현관타입":10,
            "주거총점":13.5,
            "지역구공급총점":0.0,
            "역세권":50,
            "30분내 이동가능 거점":20,
            "1시간내 이동가능 거점":100,
            "교통총점":51.0,
            "백화점":100,
            "아울렛몰":100,
            "대형마트":0,
            "은행":20,
            "병원":0,
            "종합병원":100,
            "공원":100,
            "혐오시설":0,
            "인프라총점":65.0,
            "초등학군":89.99,
            "중학군":53.3,
            "학군총점":60.638,
            "인구수":73.41,
            "인구증감":-8.64,
            "인구총점":48.795,
            "일자리":40.19,
            "소득수준":64.36,
            "일자리총점":47.441,
            "가치 총점":49.1457,
            "매매실거래년":20211204.0,
            "매매실거래가":121500.0,
            "전세실거래년":20220118.0,
            "전세실거래가":38850.0,
            "전세가율":31.98,
            "장기전세가율평균":57.02,
            "전세가율거품지수":25.04,
            "검색코드":619,
            "세대수":243.0,
            "준공년월":"1997-05-16",
            "준공년차":26.0,
            "가까운역이름":"송파",
            "가까운역거리":663.9,
            "역세권여부":"준역세권",
            "30분이내주요거점역":1,
            "30분거점역이름":"['잠실']",
            "1시간이내주요거점역":13,
            "1시간거점역이름":"['강남', '역삼', '잠실', '판교', '여의도', '을지로입구', '양재', '정자', '평촌', '왕십리', '구로디지털단지', '명동', '서현']",
            "3km이내백화점수":2,
            "5km이내아울렛몰수":2,
            "1km이내대형먀트수":0,
            "500m이내은행수":2,
            "500m이내병원수":0,
            "5km이내대형병원수":6,
            "500m이내공원수":8,
            "3km이내혐오시설수":0,
            "초등학교학업성취도":89.99,
            "중학교학업성취도":86.7,
            "용적률":0,
            "건폐율":0,
            "Y":37.503266,
            "X":127.118222,
            "rank":115.0,
            "area_info":"26평(86.3), 33평(109.41)",
            "last_sales":"2021-12-04,121500.0,26평(86.3)",
            "rank_history":[
                [
                    "202202",
                    115
                ],
                [
                    "202201",
                    108
                ]
            ],
            "rank_gap":-7
        },
        {
            "index":692,
            "아파트명":"송파파인타운3단지",
            "투자타입":"일반",
            "전용면적(m2)":"104.77",
            "전용면적(평)":"31평",
            "법정동주소":"서울시 송파구 장지동 849",
            "도로명주소":"서울시 송파구 충민로 152",
            "세대수":50,
            "입주년차":40,
            "용적률점수":"--",
            "건폐율점수":"--",
            "세대당주차수":30,
            "난방방식":30,
            "공급면적":"--",
            "전용률":"--",
            "욕실수":100,
            "현관타입":100,
            "주거총점":53.0,
            "지역구공급총점":0.0,
            "역세권":50,
            "30분내 이동가능 거점":0,
            "1시간내 이동가능 거점":90,
            "교통총점":43.0,
            "백화점":0,
            "아울렛몰":100,
            "대형마트":100,
            "은행":20,
            "병원":0,
            "종합병원":100,
            "공원":100,
            "혐오시설":0,
            "인프라총점":50.0,
            "초등학군":89.99,
            "중학군":47.88,
            "학군총점":56.302,
            "인구수":73.41,
            "인구증감":-8.64,
            "인구총점":48.795,
            "일자리":40.19,
            "소득수준":64.36,
            "일자리총점":47.441,
            "가치 총점":49.0953,
            "매매실거래년":20210918.0,
            "매매실거래가":152800.0,
            "전세실거래년":20220125.0,
            "전세실거래가":63000.0,
            "전세가율":42.0,
            "장기전세가율평균":57.02,
            "전세가율거품지수":15.02,
            "검색코드":26222,
            "세대수":625.0,
            "준공년월":"2008-07-18",
            "준공년차":15.0,
            "가까운역이름":"장지",
            "가까운역거리":809.65,
            "역세권여부":"준역세권",
            "30분이내주요거점역":0,
            "30분거점역이름":"[]",
            "1시간이내주요거점역":9,
            "1시간거점역이름":"['강남', '역삼', '잠실', '판교', '여의도', '양재', '정자', '왕십리', '서현']",
            "3km이내백화점수":0,
            "5km이내아울렛몰수":2,
            "1km이내대형먀트수":2,
            "500m이내은행수":2,
            "500m이내병원수":0,
            "5km이내대형병원수":5,
            "500m이내공원수":9,
            "3km이내혐오시설수":0,
            "초등학교학업성취도":89.99,
            "중학교학업성취도":79.6,
            "용적률":229,
            "건폐율":21,
            "Y":37.483677,
            "X":127.132892,
            "rank":116.0,
            "area_info":"31평(104.77), 31평(105.0), 31평(105.0)",
            "last_sales":"2021-09-18,152800.0,31평(105.0)",
            "rank_history":[
                [
                    "202202",
                    116
                ],
                [
                    "202201",
                    116
                ]
            ],
            "rank_gap":0
        },
        {
            "index":251,
            "아파트명":"송파건원여미지",
            "투자타입":"일반",
            "전용면적(m2)":"71.66",
            "전용면적(평)":"21평",
            "법정동주소":"서울시 송파구 마천동 21",
            "도로명주소":"서울시 송파구 마천로35길 12",
            "세대수":0,
            "입주년차":80,
            "용적률점수":"--",
            "건폐율점수":"--",
            "세대당주차수":0,
            "난방방식":30,
            "공급면적":"--",
            "전용률":"--",
            "욕실수":100,
            "현관타입":100,
            "주거총점":39.0,
            "지역구공급총점":0.0,
            "역세권":50,
            "30분내 이동가능 거점":20,
            "1시간내 이동가능 거점":90,
            "교통총점":49.0,
            "백화점":0,
            "아울렛몰":100,
            "대형마트":80,
            "은행":70,
            "병원":0,
            "종합병원":100,
            "공원":100,
            "혐오시설":0,
            "인프라총점":52.0,
            "초등학군":89.97,
            "중학군":47.28,
            "학군총점":55.818,
            "인구수":73.41,
            "인구증감":-8.64,
            "인구총점":48.795,
            "일자리":40.19,
            "소득수준":64.36,
            "일자리총점":47.441,
            "가치 총점":48.9227,
            "매매실거래년":20210515.0,
            "매매실거래가":78000.0,
            "전세실거래년":20211222.0,
            "전세실거래가":36750.0,
            "전세가율":47.12,
            "장기전세가율평균":57.02,
            "전세가율거품지수":9.9,
            "검색코드":122918,
            "세대수":107.0,
            "준공년월":"2018-10-08",
            "준공년차":5.0,
            "가까운역이름":"거여",
            "가까운역거리":781.66,
            "역세권여부":"준역세권",
            "30분이내주요거점역":1,
            "30분거점역이름":"['잠실']",
            "1시간이내주요거점역":9,
            "1시간거점역이름":"['강남', '역삼', '잠실', '판교', '양재', '정자', '왕십리', '명동', '서현']",
            "3km이내백화점수":0,
            "5km이내아울렛몰수":2,
            "1km이내대형먀트수":1,
            "500m이내은행수":3,
            "500m이내병원수":0,
            "5km이내대형병원수":4,
            "500m이내공원수":6,
            "3km이내혐오시설수":0,
            "초등학교학업성취도":89.97,
            "중학교학업성취도":78.8,
            "용적률":249,
            "건폐율":25,
            "Y":37.500049,
            "X":127.145529,
            "rank":117.0,
            "area_info":"21평(71.66), 21평(71.61)",
            "last_sales":"2021-05-15,78000.0,21평(71.66)",
            "rank_history":[
                [
                    "202202",
                    117
                ],
                [
                    "202201",
                    123
                ]
            ],
            "rank_gap":6
        },
        {
            "index":807,
            "아파트명":"강변현대",
            "투자타입":"재건축",
            "전용면적(m2)":"98.07",
            "전용면적(평)":"29평",
            "법정동주소":"서울시 송파구 풍납동 299-1",
            "도로명주소":"서울시 송파구 한가람로 402",
            "세대수":0,
            "입주년차":"--",
            "용적률점수":60,
            "건폐율점수":0,
            "세대당주차수":"--",
            "난방방식":"--",
            "공급면적":70,
            "전용률":80,
            "욕실수":"--",
            "현관타입":"--",
            "주거총점":31.5,
            "지역구공급총점":0.0,
            "역세권":50,
            "30분내 이동가능 거점":0,
            "1시간내 이동가능 거점":100,
            "교통총점":45.0,
            "백화점":100,
            "아울렛몰":80,
            "대형마트":0,
            "은행":0,
            "병원":0,
            "종합병원":100,
            "공원":100,
            "혐오시설":0,
            "인프라총점":61.0,
            "초등학군":89.96,
            "중학군":48.0,
            "학군총점":56.392,
            "인구수":73.41,
            "인구증감":-8.64,
            "인구총점":48.795,
            "일자리":40.19,
            "소득수준":64.36,
            "일자리총점":47.441,
            "가치 총점":48.8088,
            "매매실거래년":20200618.0,
            "매매실거래가":76000.0,
            "전세실거래년":20210818.0,
            "전세실거래가":41000.0,
            "전세가율":53.95,
            "장기전세가율평균":57.02,
            "전세가율거품지수":3.07,
            "검색코드":642,
            "세대수":104.0,
            "준공년월":"1991-10-18",
            "준공년차":32.0,
            "가까운역이름":"강동구청",
            "가까운역거리":895.11,
            "역세권여부":"준역세권",
            "30분이내주요거점역":0,
            "30분거점역이름":"[]",
            "1시간이내주요거점역":14,
            "1시간거점역이름":"['강남', '역삼', '잠실', '판교', '여의도', '을지로입구', '을지로3가', '양재', '정자', '왕십리', '홍대입구', '구로디지털단지', '명동', '서현']",
            "3km이내백화점수":3,
            "5km이내아울렛몰수":1,
            "1km이내대형먀트수":0,
            "500m이내은행수":1,
            "500m이내병원수":0,
            "5km이내대형병원수":7,
            "500m이내공원수":2,
            "3km이내혐오시설수":0,
            "초등학교학업성취도":89.96,
            "중학교학업성취도":79.6,
            "용적률":233,
            "건폐율":0,
            "Y":37.534267,
            "X":127.111646,
            "rank":118.0,
            "area_info":"29평(98.07)",
            "last_sales":"2020-06-18,76000.0,29평(98.07)",
            "rank_history":[
                [
                    "202202",
                    118
                ],
                [
                    "202201",
                    103
                ]
            ],
            "rank_gap":-15
        },
        {
            "index":94,
            "아파트명":"프라자",
            "투자타입":"재건축",
            "전용면적(m2)":"101.9",
            "전용면적(평)":"30평",
            "법정동주소":"서울시 송파구 가락동 199",
            "도로명주소":"서울시 송파구 문정로 125",
            "세대수":50,
            "입주년차":"--",
            "용적률점수":80,
            "건폐율점수":0,
            "세대당주차수":"--",
            "난방방식":"--",
            "공급면적":90,
            "전용률":80,
            "욕실수":"--",
            "현관타입":"--",
            "주거총점":55.5,
            "지역구공급총점":0.0,
            "역세권":50,
            "30분내 이동가능 거점":20,
            "1시간내 이동가능 거점":100,
            "교통총점":51.0,
            "백화점":0,
            "아울렛몰":100,
            "대형마트":0,
            "은행":20,
            "병원":0,
            "종합병원":100,
            "공원":100,
            "혐오시설":0,
            "인프라총점":35.0,
            "초등학군":89.99,
            "중학군":53.3,
            "학군총점":60.638,
            "인구수":73.41,
            "인구증감":-8.64,
            "인구총점":48.795,
            "일자리":40.19,
            "소득수준":64.36,
            "일자리총점":47.441,
            "가치 총점":48.5457,
            "매매실거래년":20210924.0,
            "매매실거래가":194000.0,
            "전세실거래년":20220107.0,
            "전세실거래가":65000.0,
            "전세가율":43.33,
            "장기전세가율평균":57.02,
            "전세가율거품지수":13.69,
            "검색코드":600,
            "세대수":672.0,
            "준공년월":"1985-07-31",
            "준공년차":38.0,
            "가까운역이름":"개롱",
            "가까운역거리":609.79,
            "역세권여부":"준역세권",
            "30분이내주요거점역":1,
            "30분거점역이름":"['잠실']",
            "1시간이내주요거점역":13,
            "1시간거점역이름":"['강남', '역삼', '잠실', '판교', '여의도', '을지로입구', '을지로3가', '양재', '정자', '왕십리', '구로디지털단지', '명동', '서현']",
            "3km이내백화점수":0,
            "5km이내아울렛몰수":2,
            "1km이내대형먀트수":0,
            "500m이내은행수":2,
            "500m이내병원수":0,
            "5km이내대형병원수":5,
            "500m이내공원수":4,
            "3km이내혐오시설수":0,
            "초등학교학업성취도":89.99,
            "중학교학업성취도":86.3,
            "용적률":179,
            "건폐율":0,
            "Y":37.492667,
            "X":127.133704,
            "rank":119.0,
            "area_info":"30평(101.9), 47평(155.47), 47평(156.13), 54평(180.72)",
            "last_sales":"2021-09-24,194000.0,54평(180.72)",
            "rank_history":[
                [
                    "202202",
                    119
                ],
                [
                    "202201",
                    113
                ]
            ],
            "rank_gap":-6
        },
        {
            "index":678,
            "아파트명":"송파파인타운11단지",
            "투자타입":"일반",
            "전용면적(m2)":"109.81",
            "전용면적(평)":"33평",
            "법정동주소":"서울시 송파구 장지동 854",
            "도로명주소":"서울시 송파구 송파대로8길 58",
            "세대수":30,
            "입주년차":40,
            "용적률점수":"--",
            "건폐율점수":"--",
            "세대당주차수":30,
            "난방방식":30,
            "공급면적":"--",
            "전용률":"--",
            "욕실수":100,
            "현관타입":100,
            "주거총점":46.0,
            "지역구공급총점":0.0,
            "역세권":50,
            "30분내 이동가능 거점":20,
            "1시간내 이동가능 거점":90,
            "교통총점":49.0,
            "백화점":0,
            "아울렛몰":100,
            "대형마트":80,
            "은행":0,
            "병원":0,
            "종합병원":100,
            "공원":100,
            "혐오시설":0,
            "인프라총점":45.0,
            "초등학군":89.99,
            "중학군":47.88,
            "학군총점":56.302,
            "인구수":73.41,
            "인구증감":-8.64,
            "인구총점":48.795,
            "일자리":40.19,
            "소득수준":64.36,
            "일자리총점":47.441,
            "가치 총점":48.2953,
            "매매실거래년":20210614.0,
            "매매실거래가":148000.0,
            "전세실거래년":null,
            "전세실거래가":null,
            "전세가율":null,
            "장기전세가율평균":57.02,
            "전세가율거품지수":null,
            "검색코드":25930,
            "세대수":333.0,
            "준공년월":"2007-07-31",
            "준공년차":16.0,
            "가까운역이름":"장지",
            "가까운역거리":687.03,
            "역세권여부":"준역세권",
            "30분이내주요거점역":1,
            "30분거점역이름":"['잠실']",
            "1시간이내주요거점역":9,
            "1시간거점역이름":"['강남', '역삼', '잠실', '판교', '여의도', '양재', '정자', '왕십리', '서현']",
            "3km이내백화점수":0,
            "5km이내아울렛몰수":2,
            "1km이내대형먀트수":1,
            "500m이내은행수":0,
            "500m이내병원수":0,
            "5km이내대형병원수":5,
            "500m이내공원수":3,
            "3km이내혐오시설수":0,
            "초등학교학업성취도":89.99,
            "중학교학업성취도":79.6,
            "용적률":199,
            "건폐율":21,
            "Y":37.48008,
            "X":127.133781,
            "rank":120.0,
            "area_info":"33평(109.81), 33평(109.81)",
            "last_sales":"2021-06-14,148000.0,33평(109.81)",
            "rank_history":[
                [
                    "202202",
                    120
                ],
                [
                    "202201",
                    127
                ]
            ],
            "rank_gap":7
        },
        {
            "index":836,
            "아파트명":"신동아",
            "투자타입":"일반",
            "전용면적(m2)":"80.76",
            "전용면적(평)":"24평",
            "법정동주소":"서울시 송파구 풍납동 220-2",
            "도로명주소":"서울시 송파구 풍성로6길 15",
            "세대수":0,
            "입주년차":0,
            "용적률점수":"--",
            "건폐율점수":"--",
            "세대당주차수":0,
            "난방방식":30,
            "공급면적":"--",
            "전용률":"--",
            "욕실수":50,
            "현관타입":100,
            "주거총점":18.0,
            "지역구공급총점":0.0,
            "역세권":50,
            "30분내 이동가능 거점":20,
            "1시간내 이동가능 거점":100,
            "교통총점":51.0,
            "백화점":100,
            "아울렛몰":80,
            "대형마트":0,
            "은행":0,
            "병원":0,
            "종합병원":100,
            "공원":100,
            "혐오시설":0,
            "인프라총점":61.0,
            "초등학군":89.96,
            "중학군":48.0,
            "학군총점":56.392,
            "인구수":73.41,
            "인구증감":-8.64,
            "인구총점":48.795,
            "일자리":40.19,
            "소득수준":64.36,
            "일자리총점":47.441,
            "가치 총점":48.2088,
            "매매실거래년":20210913.0,
            "매매실거래가":105000.0,
            "전세실거래년":20220101.0,
            "전세실거래가":34500.0,
            "전세가율":44.81,
            "장기전세가율평균":57.02,
            "전세가율거품지수":12.21,
            "검색코드":645,
            "세대수":135.0,
            "준공년월":"1993-12-24",
            "준공년차":30.0,
            "가까운역이름":"강동구청",
            "가까운역거리":645.47,
            "역세권여부":"준역세권",
            "30분이내주요거점역":1,
            "30분거점역이름":"['잠실']",
            "1시간이내주요거점역":13,
            "1시간거점역이름":"['강남', '역삼', '잠실', '판교', '여의도', '을지로입구', '을지로3가', '양재', '정자', '왕십리', '구로디지털단지', '명동', '서현']",
            "3km이내백화점수":3,
            "5km이내아울렛몰수":1,
            "1km이내대형먀트수":0,
            "500m이내은행수":1,
            "500m이내병원수":0,
            "5km이내대형병원수":7,
            "500m이내공원수":2,
            "3km이내혐오시설수":0,
            "초등학교학업성취도":89.96,
            "중학교학업성취도":79.6,
            "용적률":260,
            "건폐율":24,
            "Y":37.533558,
            "X":127.114415,
            "rank":121.0,
            "area_info":"24평(80.76), 30평(101.24)",
            "last_sales":"2021-09-13,105000.0,30평(101.24)",
            "rank_history":[
                [
                    "202202",
                    121
                ],
                [
                    "202201",
                    102
                ]
            ],
            "rank_gap":-19
        },
        {
            "index":505,
            "아파트명":"송파레미니스2단지",
            "투자타입":"일반",
            "전용면적(m2)":"89.18",
            "전용면적(평)":"26평",
            "법정동주소":"서울시 송파구 오금동 617",
            "도로명주소":"서울시 송파구 동남로 341",
            "세대수":80,
            "입주년차":80,
            "용적률점수":"--",
            "건폐율점수":"--",
            "세대당주차수":30,
            "난방방식":30,
            "공급면적":"--",
            "전용률":"--",
            "욕실수":100,
            "현관타입":100,
            "주거총점":71.5,
            "지역구공급총점":0.0,
            "역세권":50,
            "30분내 이동가능 거점":0,
            "1시간내 이동가능 거점":100,
            "교통총점":45.0,
            "백화점":0,
            "아울렛몰":100,
            "대형마트":0,
            "은행":0,
            "병원":0,
            "종합병원":100,
            "공원":100,
            "혐오시설":0,
            "인프라총점":33.0,
            "초등학군":90.0,
            "중학군":46.04,
            "학군총점":54.832,
            "인구수":73.41,
            "인구증감":-8.64,
            "인구총점":48.795,
            "일자리":40.19,
            "소득수준":64.36,
            "일자리총점":47.441,
            "가치 총점":48.1748,
            "매매실거래년":20211220.0,
            "매매실거래가":120000.0,
            "전세실거래년":20210713.0,
            "전세실거래가":51800.0,
            "전세가율":50.78,
            "장기전세가율평균":57.02,
            "전세가율거품지수":6.24,
            "검색코드":118141,
            "세대수":818.0,
            "준공년월":"2018-06-05",
            "준공년차":5.0,
            "가까운역이름":"개롱",
            "가까운역거리":961.17,
            "역세권여부":"준역세권",
            "30분이내주요거점역":0,
            "30분거점역이름":"[]",
            "1시간이내주요거점역":12,
            "1시간거점역이름":"['강남', '역삼', '잠실', '판교', '여의도', '을지로입구', '을지로3가', '양재', '정자', '왕십리', '명동', '서현']",
            "3km이내백화점수":0,
            "5km이내아울렛몰수":2,
            "1km이내대형먀트수":0,
            "500m이내은행수":1,
            "500m이내병원수":0,
            "5km이내대형병원수":4,
            "500m이내공원수":7,
            "3km이내혐오시설수":0,
            "초등학교학업성취도":90.0,
            "중학교학업성취도":76.0,
            "용적률":216,
            "건폐율":16,
            "Y":37.506343,
            "X":127.138015,
            "rank":122.0,
            "area_info":"26평(89.18), 37평(123.0), 37평(123.0), 37평(123.85), 37평(124.12)",
            "last_sales":"2021-12-20,120000.0,37평(124.12)",
            "rank_history":[
                [
                    "202202",
                    122
                ],
                [
                    "202201",
                    120
                ]
            ],
            "rank_gap":-2
        },
        {
            "index":291,
            "아파트명":"문정푸르지오1차",
            "투자타입":"일반",
            "전용면적(m2)":"78.38",
            "전용면적(평)":"23평",
            "법정동주소":"서울시 송파구 문정동 18",
            "도로명주소":"서울시 송파구 문정로 55",
            "세대수":0,
            "입주년차":20,
            "용적률점수":"--",
            "건폐율점수":"--",
            "세대당주차수":30,
            "난방방식":30,
            "공급면적":"--",
            "전용률":"--",
            "욕실수":50,
            "현관타입":100,
            "주거총점":26.5,
            "지역구공급총점":0.0,
            "역세권":50,
            "30분내 이동가능 거점":40,
            "1시간내 이동가능 거점":100,
            "교통총점":57.0,
            "백화점":0,
            "아울렛몰":100,
            "대형마트":80,
            "은행":20,
            "병원":0,
            "종합병원":100,
            "공원":100,
            "혐오시설":0,
            "인프라총점":47.0,
            "초등학군":89.96,
            "중학군":50.92,
            "학군총점":58.728,
            "인구수":73.41,
            "인구증감":-8.64,
            "인구총점":48.795,
            "일자리":40.19,
            "소득수준":64.36,
            "일자리총점":47.441,
            "가치 총점":48.1592,
            "매매실거래년":20210925.0,
            "매매실거래가":144000.0,
            "전세실거래년":20211110.0,
            "전세실거래가":47250.0,
            "전세가율":41.45,
            "장기전세가율평균":57.02,
            "전세가율거품지수":15.57,
            "검색코드":361,
            "세대수":233.0,
            "준공년월":"1999-10-20",
            "준공년차":24.0,
            "가까운역이름":"문정",
            "가까운역거리":514.65,
            "역세권여부":"준역세권",
            "30분이내주요거점역":2,
            "30분거점역이름":"['잠실', '서현']",
            "1시간이내주요거점역":12,
            "1시간거점역이름":"['강남', '역삼', '잠실', '판교', '여의도', '을지로3가', '양재', '정자', '수원시청', '왕십리', '구로디지털단지', '서현']",
            "3km이내백화점수":0,
            "5km이내아울렛몰수":2,
            "1km이내대형먀트수":1,
            "500m이내은행수":2,
            "500m이내병원수":0,
            "5km이내대형병원수":5,
            "500m이내공원수":6,
            "3km이내혐오시설수":0,
            "초등학교학업성취도":89.96,
            "중학교학업성취도":83.6,
            "용적률":308,
            "건폐율":25,
            "Y":37.486931,
            "X":127.128173,
            "rank":123.0,
            "area_info":"23평(78.38), 33평(111.14)",
            "last_sales":"2021-09-25,144000.0,33평(111.14)",
            "rank_history":[
                [
                    "202202",
                    123
                ],
                [
                    "202201",
                    110
                ]
            ],
            "rank_gap":-13
        },
        {
            "index":680,
            "아파트명":"송파파인타운12단지",
            "투자타입":"일반",
            "전용면적(m2)":"112.41",
            "전용면적(평)":"34평",
            "법정동주소":"서울시 송파구 장지동 855",
            "도로명주소":"서울시 송파구 송파대로8길 42",
            "세대수":0,
            "입주년차":60,
            "용적률점수":"--",
            "건폐율점수":"--",
            "세대당주차수":30,
            "난방방식":30,
            "공급면적":"--",
            "전용률":"--",
            "욕실수":100,
            "현관타입":100,
            "주거총점":39.5,
            "지역구공급총점":0.0,
            "역세권":50,
            "30분내 이동가능 거점":20,
            "1시간내 이동가능 거점":100,
            "교통총점":51.0,
            "백화점":0,
            "아울렛몰":100,
            "대형마트":80,
            "은행":0,
            "병원":0,
            "종합병원":100,
            "공원":100,
            "혐오시설":0,
            "인프라총점":45.0,
            "초등학군":89.99,
            "중학군":47.88,
            "학군총점":56.302,
            "인구수":73.41,
            "인구증감":-8.64,
            "인구총점":48.795,
            "일자리":40.19,
            "소득수준":64.36,
            "일자리총점":47.441,
            "가치 총점":47.6953,
            "매매실거래년":20211104.0,
            "매매실거래가":161750.0,
            "전세실거래년":20211228.0,
            "전세실거래가":63000.0,
            "전세가율":38.95,
            "장기전세가율평균":57.02,
            "전세가율거품지수":18.07,
            "검색코드":102610,
            "세대수":149.0,
            "준공년월":"2011-01-27",
            "준공년차":12.0,
            "가까운역이름":"장지",
            "가까운역거리":533.77,
            "역세권여부":"준역세권",
            "30분이내주요거점역":1,
            "30분거점역이름":"['잠실']",
            "1시간이내주요거점역":13,
            "1시간거점역이름":"['강남', '역삼', '잠실', '판교', '여의도', '을지로입구', '을지로3가', '양재', '정자', '왕십리', '구로디지털단지', '명동', '서현']",
            "3km이내백화점수":0,
            "5km이내아울렛몰수":2,
            "1km이내대형먀트수":1,
            "500m이내은행수":1,
            "500m이내병원수":0,
            "5km이내대형병원수":5,
            "500m이내공원수":4,
            "3km이내혐오시설수":0,
            "초등학교학업성취도":89.99,
            "중학교학업성취도":79.6,
            "용적률":197,
            "건폐율":20,
            "Y":37.478581,
            "X":127.132238,
            "rank":124.0,
            "area_info":"34평(112.41), 34평(112.81), 34평(113.26)",
            "last_sales":"2021-11-04,161750.0,34평(112.41)",
            "rank_history":[
                [
                    "202202",
                    124
                ],
                [
                    "202201",
                    126
                ]
            ],
            "rank_gap":2
        },
        {
            "index":316,
            "아파트명":"현대",
            "투자타입":"재건축",
            "전용면적(m2)":"88.77",
            "전용면적(평)":"26평",
            "법정동주소":"서울시 송파구 문정동 104",
            "도로명주소":"서울시 송파구 송이로34길 26",
            "세대수":0,
            "입주년차":"--",
            "용적률점수":20,
            "건폐율점수":0,
            "세대당주차수":"--",
            "난방방식":"--",
            "공급면적":70,
            "전용률":80,
            "욕실수":"--",
            "현관타입":"--",
            "주거총점":15.5,
            "지역구공급총점":0.0,
            "역세권":50,
            "30분내 이동가능 거점":40,
            "1시간내 이동가능 거점":100,
            "교통총점":57.0,
            "백화점":0,
            "아울렛몰":100,
            "대형마트":100,
            "은행":20,
            "병원":0,
            "종합병원":100,
            "공원":100,
            "혐오시설":0,
            "인프라총점":50.0,
            "초등학군":89.96,
            "중학군":50.92,
            "학군총점":58.728,
            "인구수":73.41,
            "인구증감":-8.64,
            "인구총점":48.795,
            "일자리":40.19,
            "소득수준":64.36,
            "일자리총점":47.441,
            "가치 총점":46.8592,
            "매매실거래년":20211006.0,
            "매매실거래가":93000.0,
            "전세실거래년":20211118.0,
            "전세실거래가":53000.0,
            "전세가율":56.99,
            "장기전세가율평균":57.02,
            "전세가율거품지수":0.03,
            "검색코드":367,
            "세대수":120.0,
            "준공년월":"1991-09-09",
            "준공년차":32.0,
            "가까운역이름":"문정",
            "가까운역거리":669.01,
            "역세권여부":"준역세권",
            "30분이내주요거점역":2,
            "30분거점역이름":"['잠실', '서현']",
            "1시간이내주요거점역":10,
            "1시간거점역이름":"['강남', '역삼', '잠실', '판교', '여의도', '양재', '정자', '왕십리', '구로디지털단지', '서현']",
            "3km이내백화점수":0,
            "5km이내아울렛몰수":2,
            "1km이내대형먀트수":2,
            "500m이내은행수":2,
            "500m이내병원수":0,
            "5km이내대형병원수":5,
            "500m이내공원수":9,
            "3km이내혐오시설수":0,
            "초등학교학업성취도":89.96,
            "중학교학업성취도":83.6,
            "용적률":270,
            "건폐율":0,
            "Y":37.48571,
            "X":127.13008,
            "rank":125.0,
            "area_info":"26평(88.77), 30평(101.42)",
            "last_sales":"2021-10-06,93000.0,26평(88.77)",
            "rank_history":[
                [
                    "202202",
                    125
                ],
                [
                    "202201",
                    122
                ]
            ],
            "rank_gap":-3
        },
        {
            "index":297,
            "아파트명":"문정푸르지오3차",
            "투자타입":"일반",
            "전용면적(m2)":"106.36",
            "전용면적(평)":"32평",
            "법정동주소":"서울시 송파구 문정동 117",
            "도로명주소":"서울시 송파구 송이로 257",
            "세대수":0,
            "입주년차":20,
            "용적률점수":"--",
            "건폐율점수":"--",
            "세대당주차수":30,
            "난방방식":30,
            "공급면적":"--",
            "전용률":"--",
            "욕실수":100,
            "현관타입":100,
            "주거총점":31.5,
            "지역구공급총점":0.0,
            "역세권":50,
            "30분내 이동가능 거점":20,
            "1시간내 이동가능 거점":90,
            "교통총점":49.0,
            "백화점":0,
            "아울렛몰":100,
            "대형마트":80,
            "은행":0,
            "병원":0,
            "종합병원":100,
            "공원":100,
            "혐오시설":0,
            "인프라총점":45.0,
            "초등학군":89.99,
            "중학군":50.92,
            "학군총점":58.734,
            "인구수":73.41,
            "인구증감":-8.64,
            "인구총점":48.795,
            "일자리":40.19,
            "소득수준":64.36,
            "일자리총점":47.441,
            "가치 총점":45.7601,
            "매매실거래년":20201229.0,
            "매매실거래가":119000.0,
            "전세실거래년":20210817.0,
            "전세실거래가":70000.0,
            "전세가율":58.82,
            "장기전세가율평균":57.02,
            "전세가율거품지수":-1.8,
            "검색코드":9142,
            "세대수":150.0,
            "준공년월":"2002-08-13",
            "준공년차":21.0,
            "가까운역이름":"문정",
            "가까운역거리":969.49,
            "역세권여부":"준역세권",
            "30분이내주요거점역":1,
            "30분거점역이름":"['잠실']",
            "1시간이내주요거점역":9,
            "1시간거점역이름":"['강남', '역삼', '잠실', '판교', '여의도', '양재', '정자', '왕십리', '서현']",
            "3km이내백화점수":0,
            "5km이내아울렛몰수":2,
            "1km이내대형먀트수":1,
            "500m이내은행수":1,
            "500m이내병원수":0,
            "5km이내대형병원수":5,
            "500m이내공원수":6,
            "3km이내혐오시설수":0,
            "초등학교학업성취도":89.99,
            "중학교학업성취도":83.6,
            "용적률":341,
            "건폐율":27,
            "Y":37.487051,
            "X":127.133384,
            "rank":126.0,
            "area_info":"32평(106.36)",
            "last_sales":"2020-12-29,119000.0,32평(106.36)",
            "rank_history":[
                [
                    "202202",
                    126
                ],
                [
                    "202201",
                    124
                ]
            ],
            "rank_gap":-2
        },
        {
            "index":266,
            "아파트명":"신동아",
            "투자타입":"일반",
            "전용면적(m2)":"84.23",
            "전용면적(평)":"25평",
            "법정동주소":"서울시 송파구 마천동 20",
            "도로명주소":"서울시 송파구 성내천로21길 11",
            "세대수":0,
            "입주년차":20,
            "용적률점수":"--",
            "건폐율점수":"--",
            "세대당주차수":30,
            "난방방식":30,
            "공급면적":"--",
            "전용률":"--",
            "욕실수":50,
            "현관타입":10,
            "주거총점":17.5,
            "지역구공급총점":0.0,
            "역세권":50,
            "30분내 이동가능 거점":20,
            "1시간내 이동가능 거점":100,
            "교통총점":51.0,
            "백화점":0,
            "아울렛몰":100,
            "대형마트":80,
            "은행":70,
            "병원":0,
            "종합병원":100,
            "공원":100,
            "혐오시설":0,
            "인프라총점":52.0,
            "초등학군":89.99,
            "중학군":47.28,
            "학군총점":55.822,
            "인구수":73.41,
            "인구증감":-8.64,
            "인구총점":48.795,
            "일자리":40.19,
            "소득수준":64.36,
            "일자리총점":47.441,
            "가치 총점":45.3233,
            "매매실거래년":20210831.0,
            "매매실거래가":94000.0,
            "전세실거래년":20211111.0,
            "전세실거래가":33600.0,
            "전세가율":58.95,
            "장기전세가율평균":57.02,
            "전세가율거품지수":-1.93,
            "검색코드":3428,
            "세대수":134.0,
            "준공년월":"2001-05-29",
            "준공년차":22.0,
            "가까운역이름":"거여",
            "가까운역거리":803.46,
            "역세권여부":"준역세권",
            "30분이내주요거점역":1,
            "30분거점역이름":"['잠실']",
            "1시간이내주요거점역":10,
            "1시간거점역이름":"['강남', '역삼', '잠실', '판교', '여의도', '을지로3가', '양재', '왕십리', '명동', '서현']",
            "3km이내백화점수":0,
            "5km이내아울렛몰수":2,
            "1km이내대형먀트수":1,
            "500m이내은행수":3,
            "500m이내병원수":0,
            "5km이내대형병원수":4,
            "500m이내공원수":9,
            "3km이내혐오시설수":0,
            "초등학교학업성취도":89.99,
            "중학교학업성취도":78.8,
            "용적률":274,
            "건폐율":31,
            "Y":37.500324,
            "X":127.144541,
            "rank":127.0,
            "area_info":"25평(84.23), 32평(109.06)",
            "last_sales":"2021-08-31,94000.0,32평(109.06)",
            "rank_history":[
                [
                    "202202",
                    127
                ],
                [
                    "202201",
                    129
                ]
            ],
            "rank_gap":2
        },
        {
            "index":516,
            "아파트명":"오금우방",
            "투자타입":"일반",
            "전용면적(m2)":"83.07",
            "전용면적(평)":"25평",
            "법정동주소":"서울시 송파구 오금동 138",
            "도로명주소":"서울시 송파구 성내천로 87",
            "세대수":0,
            "입주년차":20,
            "용적률점수":"--",
            "건폐율점수":"--",
            "세대당주차수":30,
            "난방방식":30,
            "공급면적":"--",
            "전용률":"--",
            "욕실수":50,
            "현관타입":10,
            "주거총점":17.5,
            "지역구공급총점":0.0,
            "역세권":50,
            "30분내 이동가능 거점":20,
            "1시간내 이동가능 거점":100,
            "교통총점":51.0,
            "백화점":0,
            "아울렛몰":100,
            "대형마트":80,
            "은행":20,
            "병원":0,
            "종합병원":100,
            "공원":100,
            "혐오시설":0,
            "인프라총점":47.0,
            "초등학군":90.0,
            "중학군":46.04,
            "학군총점":54.832,
            "인구수":73.41,
            "인구증감":-8.64,
            "인구총점":48.795,
            "일자리":40.19,
            "소득수준":64.36,
            "일자리총점":47.441,
            "가치 총점":43.6748,
            "매매실거래년":20201125.0,
            "매매실거래가":102000.0,
            "전세실거래년":20211113.0,
            "전세실거래가":45000.0,
            "전세가율":75.0,
            "장기전세가율평균":57.02,
            "전세가율거품지수":-17.98,
            "검색코드":3756,
            "세대수":196.0,
            "준공년월":"2001-03-12",
            "준공년차":22.0,
            "가까운역이름":"개롱",
            "가까운역거리":579.02,
            "역세권여부":"준역세권",
            "30분이내주요거점역":1,
            "30분거점역이름":"['잠실']",
            "1시간이내주요거점역":13,
            "1시간거점역이름":"['강남', '역삼', '잠실', '판교', '여의도', '을지로입구', '을지로3가', '양재', '정자', '왕십리', '구로디지털단지', '명동', '서현']",
            "3km이내백화점수":0,
            "5km이내아울렛몰수":2,
            "1km이내대형먀트수":1,
            "500m이내은행수":2,
            "500m이내병원수":0,
            "5km이내대형병원수":4,
            "500m이내공원수":10,
            "3km이내혐오시설수":0,
            "초등학교학업성취도":90.0,
            "중학교학업성취도":76.0,
            "용적률":359,
            "건폐율":33,
            "Y":37.501604,
            "X":127.139651,
            "rank":128.0,
            "area_info":"25평(83.07), 25평(83.35), 29평(96.58), 32평(107.14), 39평(129.86), 43평(144.99)",
            "last_sales":"2020-11-25,102000.0,43평(144.99)",
            "rank_history":[
                [
                    "202202",
                    128
                ],
                [
                    "202201",
                    135
                ]
            ],
            "rank_gap":7
        },
        {
            "index":270,
            "아파트명":"우방",
            "투자타입":"일반",
            "전용면적(m2)":"74.19",
            "전용면적(평)":"22평",
            "법정동주소":"서울시 송파구 마천동 576",
            "도로명주소":"서울시 송파구 성내천로 211",
            "세대수":0,
            "입주년차":20,
            "용적률점수":"--",
            "건폐율점수":"--",
            "세대당주차수":30,
            "난방방식":30,
            "공급면적":"--",
            "전용률":"--",
            "욕실수":50,
            "현관타입":10,
            "주거총점":17.5,
            "지역구공급총점":0.0,
            "역세권":50,
            "30분내 이동가능 거점":20,
            "1시간내 이동가능 거점":100,
            "교통총점":51.0,
            "백화점":0,
            "아울렛몰":100,
            "대형마트":80,
            "은행":0,
            "병원":0,
            "종합병원":100,
            "공원":100,
            "혐오시설":0,
            "인프라총점":45.0,
            "초등학군":89.97,
            "중학군":47.28,
            "학군총점":55.818,
            "인구수":73.41,
            "인구증감":-8.64,
            "인구총점":48.795,
            "일자리":40.19,
            "소득수준":64.36,
            "일자리총점":47.441,
            "가치 총점":43.2227,
            "매매실거래년":20210814.0,
            "매매실거래가":83000.0,
            "전세실거래년":20211109.0,
            "전세실거래가":46000.0,
            "전세가율":55.42,
            "장기전세가율평균":57.02,
            "전세가율거품지수":1.6,
            "검색코드":3307,
            "세대수":247.0,
            "준공년월":"2002-11-29",
            "준공년차":21.0,
            "가까운역이름":"마천",
            "가까운역거리":596.7,
            "역세권여부":"준역세권",
            "30분이내주요거점역":1,
            "30분거점역이름":"['잠실']",
            "1시간이내주요거점역":11,
            "1시간거점역이름":"['강남', '역삼', '잠실', '판교', '여의도', '을지로입구', '을지로3가', '양재', '왕십리', '명동', '서현']",
            "3km이내백화점수":0,
            "5km이내아울렛몰수":2,
            "1km이내대형먀트수":1,
            "500m이내은행수":1,
            "500m이내병원수":0,
            "5km이내대형병원수":4,
            "500m이내공원수":5,
            "3km이내혐오시설수":0,
            "초등학교학업성취도":89.97,
            "중학교학업성취도":78.8,
            "용적률":346,
            "건폐율":30,
            "Y":37.500333,
            "X":127.152152,
            "rank":129.0,
            "area_info":"22평(74.19), 31평(105.17), 31평(105.46), 42평(141.79)",
            "last_sales":"2021-08-14,83000.0,22평(74.19)",
            "rank_history":[
                [
                    "202202",
                    129
                ],
                [
                    "202201",
                    134
                ]
            ],
            "rank_gap":5
        },
        {
            "index":655,
            "아파트명":"송파위례24단지꿈에그린",
            "투자타입":"일반",
            "전용면적(m2)":"70.87",
            "전용면적(평)":"21평",
            "법정동주소":"서울시 송파구 장지동 901",
            "도로명주소":"서울시 송파구 위례광장로 121",
            "세대수":100,
            "입주년차":60,
            "용적률점수":"--",
            "건폐율점수":"--",
            "세대당주차수":30,
            "난방방식":100,
            "공급면적":"--",
            "전용률":"--",
            "욕실수":50,
            "현관타입":100,
            "주거총점":76.5,
            "지역구공급총점":0.0,
            "역세권":0,
            "30분내 이동가능 거점":20,
            "1시간내 이동가능 거점":100,
            "교통총점":26.0,
            "백화점":0,
            "아울렛몰":80,
            "대형마트":0,
            "은행":0,
            "병원":0,
            "종합병원":100,
            "공원":80,
            "혐오시설":0,
            "인프라총점":30.4,
            "초등학군":90.01,
            "중학군":51.7,
            "학군총점":59.362,
            "인구수":73.41,
            "인구증감":-8.64,
            "인구총점":48.795,
            "일자리":40.19,
            "소득수준":64.36,
            "일자리총점":47.441,
            "가치 총점":42.4243,
            "매매실거래년":20211214.0,
            "매매실거래가":118700.0,
            "전세실거래년":20220122.0,
            "전세실거래가":49350.0,
            "전세가율":39.48,
            "장기전세가율평균":57.02,
            "전세가율거품지수":17.54,
            "검색코드":104126,
            "세대수":1810.0,
            "준공년월":"2013-11-08",
            "준공년차":10.0,
            "가까운역이름":"장지",
            "가까운역거리":1195.0,
            "역세권여부":"비역세권",
            "30분이내주요거점역":1,
            "30분거점역이름":"['잠실']",
            "1시간이내주요거점역":12,
            "1시간거점역이름":"['강남', '역삼', '잠실', '판교', '여의도', '을지로입구', '을지로3가', '양재', '정자', '왕십리', '명동', '서현']",
            "3km이내백화점수":0,
            "5km이내아울렛몰수":1,
            "1km이내대형먀트수":0,
            "500m이내은행수":0,
            "500m이내병원수":0,
            "5km이내대형병원수":5,
            "500m이내공원수":1,
            "3km이내혐오시설수":0,
            "초등학교학업성취도":90.01,
            "중학교학업성취도":85.7,
            "용적률":194,
            "건폐율":17,
            "Y":37.476255,
            "X":127.139377,
            "rank":130.0,
            "area_info":"21평(70.87), 21평(70.88), 21평(70.93), 21평(70.87), 22평(74.08), 24평(81.63), 24평(81.67), 24평(81.93), 24평(82.08), 24평(82.08), 31평(103.99), 31평(103.93), 31평(103.99), 31평(103.99), 32평(106.98), 35평(116.26), 35평(116.3), 35평(116.26), 35평(116.33), 35평(116.3), 35평(116.3)",
            "last_sales":"2021-12-14,118700.0,24평(82.08)",
            "rank_history":[
                [
                    "202202",
                    130
                ],
                [
                    "202201",
                    133
                ]
            ],
            "rank_gap":3
        },
        {
            "index":624,
            "아파트명":"송파더센트레",
            "투자타입":"일반",
            "전용면적(m2)":"73.93",
            "전용면적(평)":"22평",
            "법정동주소":"서울시 송파구 장지동 879",
            "도로명주소":"서울시 송파구 위례광장로 163",
            "세대수":90,
            "입주년차":60,
            "용적률점수":"--",
            "건폐율점수":"--",
            "세대당주차수":30,
            "난방방식":100,
            "공급면적":"--",
            "전용률":"--",
            "욕실수":50,
            "현관타입":100,
            "주거총점":73.0,
            "지역구공급총점":0.0,
            "역세권":0,
            "30분내 이동가능 거점":20,
            "1시간내 이동가능 거점":100,
            "교통총점":26.0,
            "백화점":0,
            "아울렛몰":100,
            "대형마트":0,
            "은행":0,
            "병원":0,
            "종합병원":100,
            "공원":80,
            "혐오시설":0,
            "인프라총점":32.4,
            "초등학군":90.01,
            "중학군":51.7,
            "학군총점":59.362,
            "인구수":73.41,
            "인구증감":-8.64,
            "인구총점":48.795,
            "일자리":40.19,
            "소득수준":64.36,
            "일자리총점":47.441,
            "가치 총점":42.3243,
            "매매실거래년":20211212.0,
            "매매실거래가":107500.0,
            "전세실거래년":20220123.0,
            "전세실거래가":51500.0,
            "전세가율":47.91,
            "장기전세가율평균":57.02,
            "전세가율거품지수":9.11,
            "검색코드":104122,
            "세대수":1139.0,
            "준공년월":"2013-11-01",
            "준공년차":10.0,
            "가까운역이름":"장지",
            "가까운역거리":1212.93,
            "역세권여부":"비역세권",
            "30분이내주요거점역":1,
            "30분거점역이름":"['잠실']",
            "1시간이내주요거점역":11,
            "1시간거점역이름":"['강남', '역삼', '잠실', '판교', '여의도', '을지로입구', '을지로3가', '양재', '정자', '왕십리', '서현']",
            "3km이내백화점수":0,
            "5km이내아울렛몰수":2,
            "1km이내대형먀트수":0,
            "500m이내은행수":1,
            "500m이내병원수":0,
            "5km이내대형병원수":5,
            "500m이내공원수":1,
            "3km이내혐오시설수":0,
            "초등학교학업성취도":90.01,
            "중학교학업성취도":85.7,
            "용적률":203,
            "건폐율":17,
            "Y":37.47943,
            "X":127.139906,
            "rank":131.0,
            "area_info":"22평(73.93), 22평(74.2), 22평(74.0), 22평(74.0), 22평(74.0), 23평(77.28), 25평(85.47), 25평(85.63), 25평(85.3), 25평(85.63)",
            "last_sales":"2021-12-12,107500.0,22평(73.93)",
            "rank_history":[
                [
                    "202202",
                    131
                ],
                [
                    "202201",
                    128
                ]
            ],
            "rank_gap":-3
        },
        {
            "index":300,
            "아파트명":"세양청마루",
            "투자타입":"일반",
            "전용면적(m2)":"77.44",
            "전용면적(평)":"23평",
            "법정동주소":"서울시 송파구 문정동 146",
            "도로명주소":"서울시 송파구 송이로31길 66",
            "세대수":0,
            "입주년차":40,
            "용적률점수":"--",
            "건폐율점수":"--",
            "세대당주차수":0,
            "난방방식":30,
            "공급면적":"--",
            "전용률":"--",
            "욕실수":100,
            "현관타입":100,
            "주거총점":31.0,
            "지역구공급총점":0.0,
            "역세권":50,
            "30분내 이동가능 거점":20,
            "1시간내 이동가능 거점":100,
            "교통총점":51.0,
            "백화점":0,
            "아울렛몰":100,
            "대형마트":0,
            "은행":0,
            "병원":0,
            "종합병원":100,
            "공원":100,
            "혐오시설":0,
            "인프라총점":33.0,
            "초등학군":89.98,
            "중학군":47.28,
            "학군총점":55.82,
            "인구수":73.41,
            "인구증감":-8.64,
            "인구총점":48.795,
            "일자리":40.19,
            "소득수준":64.36,
            "일자리총점":47.441,
            "가치 총점":42.323,
            "매매실거래년":20211019.0,
            "매매실거래가":104000.0,
            "전세실거래년":20220110.0,
            "전세실거래가":51000.0,
            "전세가율":49.04,
            "장기전세가율평균":57.02,
            "전세가율거품지수":7.98,
            "검색코드":9485,
            "세대수":157.0,
            "준공년월":"2004-05-01",
            "준공년차":19.0,
            "가까운역이름":"거여",
            "가까운역거리":627.58,
            "역세권여부":"준역세권",
            "30분이내주요거점역":1,
            "30분거점역이름":"['잠실']",
            "1시간이내주요거점역":12,
            "1시간거점역이름":"['강남', '역삼', '잠실', '판교', '여의도', '을지로입구', '을지로3가', '양재', '정자', '왕십리', '명동', '서현']",
            "3km이내백화점수":0,
            "5km이내아울렛몰수":2,
            "1km이내대형먀트수":0,
            "500m이내은행수":1,
            "500m이내병원수":0,
            "5km이내대형병원수":6,
            "500m이내공원수":3,
            "3km이내혐오시설수":0,
            "초등학교학업성취도":89.98,
            "중학교학업성취도":78.8,
            "용적률":251,
            "건폐율":22,
            "Y":37.49252,
            "X":127.137075,
            "rank":132.0,
            "area_info":"23평(77.44)",
            "last_sales":"2021-10-19,104000.0,23평(77.44)",
            "rank_history":[
                [
                    "202202",
                    132
                ],
                [
                    "202201",
                    131
                ]
            ],
            "rank_gap":-1
        },
        {
            "index":714,
            "아파트명":"위례신도시송파푸르지오",
            "투자타입":"일반",
            "전용면적(m2)":"138.04",
            "전용면적(평)":"41평",
            "법정동주소":"서울시 송파구 장지동 878",
            "도로명주소":"서울시 송파구 위례광장로 185",
            "세대수":50,
            "입주년차":80,
            "용적률점수":"--",
            "건폐율점수":"--",
            "세대당주차수":80,
            "난방방식":100,
            "공급면적":"--",
            "전용률":"--",
            "욕실수":100,
            "현관타입":100,
            "주거총점":75.5,
            "지역구공급총점":0.0,
            "역세권":0,
            "30분내 이동가능 거점":20,
            "1시간내 이동가능 거점":90,
            "교통총점":24.0,
            "백화점":0,
            "아울렛몰":100,
            "대형마트":0,
            "은행":0,
            "병원":0,
            "종합병원":100,
            "공원":100,
            "혐오시설":0,
            "인프라총점":33.0,
            "초등학군":90.01,
            "중학군":51.7,
            "학군총점":59.362,
            "인구수":73.41,
            "인구증감":-8.64,
            "인구총점":48.795,
            "일자리":40.19,
            "소득수준":64.36,
            "일자리총점":47.441,
            "가치 총점":42.3043,
            "매매실거래년":20200914.0,
            "매매실거래가":200000.0,
            "전세실거래년":20220108.0,
            "전세실거래가":100000.0,
            "전세가율":67.11,
            "장기전세가율평균":57.02,
            "전세가율거품지수":-10.09,
            "검색코드":105367,
            "세대수":549.0,
            "준공년월":"2015-01-23",
            "준공년차":8.0,
            "가까운역이름":"장지",
            "가까운역거리":1307.83,
            "역세권여부":"비역세권",
            "30분이내주요거점역":1,
            "30분거점역이름":"['서현']",
            "1시간이내주요거점역":9,
            "1시간거점역이름":"['강남', '역삼', '잠실', '판교', '여의도', '양재', '정자', '왕십리', '서현']",
            "3km이내백화점수":0,
            "5km이내아울렛몰수":2,
            "1km이내대형먀트수":0,
            "500m이내은행수":1,
            "500m이내병원수":0,
            "5km이내대형병원수":5,
            "500m이내공원수":2,
            "3km이내혐오시설수":0,
            "초등학교학업성취도":90.01,
            "중학교학업성취도":85.7,
            "용적률":209,
            "건폐율":22,
            "Y":37.481058,
            "X":127.140712,
            "rank":133.0,
            "area_info":"41평(138.04), 42평(139.57), 42평(139.77), 42평(139.66), 42평(140.31), 42평(140.69), 42평(141.84), 42평(142.11), 43평(143.99), 44평(145.54), 43평(145.37), 44평(145.73), 44평(145.53), 44평(146.65)",
            "last_sales":"2020-09-14,200000.0,43평(145.37)",
            "rank_history":[
                [
                    "202202",
                    133
                ],
                [
                    "202201",
                    130
                ]
            ],
            "rank_gap":-3
        },
        {
            "index":268,
            "아파트명":"아남",
            "투자타입":"재건축",
            "전용면적(m2)":"90.97",
            "전용면적(평)":"27평",
            "법정동주소":"서울시 송파구 마천동 9",
            "도로명주소":"서울시 송파구 마천로35길 18",
            "세대수":0,
            "입주년차":"--",
            "용적률점수":0,
            "건폐율점수":0,
            "세대당주차수":"--",
            "난방방식":"--",
            "공급면적":70,
            "전용률":60,
            "욕실수":"--",
            "현관타입":"--",
            "주거총점":6.5,
            "지역구공급총점":0.0,
            "역세권":50,
            "30분내 이동가능 거점":20,
            "1시간내 이동가능 거점":100,
            "교통총점":51.0,
            "백화점":0,
            "아울렛몰":100,
            "대형마트":80,
            "은행":20,
            "병원":0,
            "종합병원":100,
            "공원":100,
            "혐오시설":0,
            "인프라총점":47.0,
            "초등학군":89.97,
            "중학군":47.28,
            "학군총점":55.818,
            "인구수":73.41,
            "인구증감":-8.64,
            "인구총점":48.795,
            "일자리":40.19,
            "소득수준":64.36,
            "일자리총점":47.441,
            "가치 총점":41.6227,
            "매매실거래년":20211005.0,
            "매매실거래가":88500.0,
            "전세실거래년":20220127.0,
            "전세실거래가":45000.0,
            "전세가율":60.0,
            "장기전세가율평균":57.02,
            "전세가율거품지수":-2.98,
            "검색코드":607,
            "세대수":122.0,
            "준공년월":"1992-12-14",
            "준공년차":31.0,
            "가까운역이름":"거여",
            "가까운역거리":844.43,
            "역세권여부":"준역세권",
            "30분이내주요거점역":1,
            "30분거점역이름":"['잠실']",
            "1시간이내주요거점역":12,
            "1시간거점역이름":"['강남', '역삼', '잠실', '판교', '여의도', '을지로입구', '을지로3가', '양재', '왕십리', '구로디지털단지', '명동', '서현']",
            "3km이내백화점수":0,
            "5km이내아울렛몰수":2,
            "1km이내대형먀트수":1,
            "500m이내은행수":2,
            "500m이내병원수":0,
            "5km이내대형병원수":4,
            "500m이내공원수":5,
            "3km이내혐오시설수":0,
            "초등학교학업성취도":89.97,
            "중학교학업성취도":78.8,
            "용적률":372,
            "건폐율":0,
            "Y":37.500542,
            "X":127.146087,
            "rank":134.0,
            "area_info":"27평(90.97), 32평(106.1)",
            "last_sales":"2021-10-05,88500.0,32평(106.1)",
            "rank_history":[
                [
                    "202202",
                    134
                ],
                [
                    "202201",
                    137
                ]
            ],
            "rank_gap":3
        },
        {
            "index":794,
            "아파트명":"힐스테이트송파위례",
            "투자타입":"일반",
            "전용면적(m2)":"130.61",
            "전용면적(평)":"39평",
            "법정동주소":"서울시 송파구 장지동 883",
            "도로명주소":"서울시 송파구 위례광장로 170",
            "세대수":50,
            "입주년차":80,
            "용적률점수":"--",
            "건폐율점수":"--",
            "세대당주차수":60,
            "난방방식":100,
            "공급면적":"--",
            "전용률":"--",
            "욕실수":100,
            "현관타입":100,
            "주거총점":72.5,
            "지역구공급총점":0.0,
            "역세권":0,
            "30분내 이동가능 거점":20,
            "1시간내 이동가능 거점":90,
            "교통총점":24.0,
            "백화점":0,
            "아울렛몰":80,
            "대형마트":0,
            "은행":0,
            "병원":0,
            "종합병원":100,
            "공원":100,
            "혐오시설":0,
            "인프라총점":31.0,
            "초등학군":89.99,
            "중학군":51.7,
            "학군총점":59.358,
            "인구수":73.41,
            "인구증감":-8.64,
            "인구총점":48.795,
            "일자리":40.19,
            "소득수준":64.36,
            "일자리총점":47.441,
            "가치 총점":41.1037,
            "매매실거래년":20210906.0,
            "매매실거래가":192000.0,
            "전세실거래년":20220108.0,
            "전세실거래가":80850.0,
            "전세가율":44.18,
            "장기전세가율평균":57.02,
            "전세가율거품지수":12.84,
            "검색코드":107807,
            "세대수":490.0,
            "준공년월":"2016-07-19",
            "준공년차":7.0,
            "가까운역이름":"장지",
            "가까운역거리":1449.75,
            "역세권여부":"비역세권",
            "30분이내주요거점역":1,
            "30분거점역이름":"['잠실']",
            "1시간이내주요거점역":9,
            "1시간거점역이름":"['강남', '역삼', '잠실', '판교', '여의도', '양재', '정자', '왕십리', '서현']",
            "3km이내백화점수":0,
            "5km이내아울렛몰수":1,
            "1km이내대형먀트수":0,
            "500m이내은행수":1,
            "500m이내병원수":0,
            "5km이내대형병원수":4,
            "500m이내공원수":2,
            "3km이내혐오시설수":0,
            "초등학교학업성취도":89.99,
            "중학교학업성취도":85.7,
            "용적률":285,
            "건폐율":28,
            "Y":37.479723,
            "X":127.14257,
            "rank":135.0,
            "area_info":"39평(130.61), 39평(130.61), 39평(130.59), 39평(130.61), 39평(130.61), 39평(130.79), 39평(130.59), 39평(130.32), 39평(130.32), 39평(130.32), 39평(130.32), 43평(144.9), 59평(195.25)",
            "last_sales":"2021-09-06,192000.0,39평(130.79)",
            "rank_history":[
                [
                    "202202",
                    135
                ],
                [
                    "202201",
                    132
                ]
            ],
            "rank_gap":-3
        },
        {
            "index":740,
            "아파트명":"위례아이파크2차",
            "투자타입":"일반",
            "전용면적(m2)":"118.58",
            "전용면적(평)":"35평",
            "법정동주소":"서울시 송파구 장지동 884",
            "도로명주소":"서울시 송파구 위례광장로 230",
            "세대수":50,
            "입주년차":80,
            "용적률점수":"--",
            "건폐율점수":"--",
            "세대당주차수":60,
            "난방방식":100,
            "공급면적":"--",
            "전용률":"--",
            "욕실수":100,
            "현관타입":100,
            "주거총점":72.5,
            "지역구공급총점":0.0,
            "역세권":0,
            "30분내 이동가능 거점":0,
            "1시간내 이동가능 거점":90,
            "교통총점":18.0,
            "백화점":0,
            "아울렛몰":80,
            "대형마트":0,
            "은행":0,
            "병원":0,
            "종합병원":100,
            "공원":100,
            "혐오시설":0,
            "인프라총점":31.0,
            "초등학군":89.99,
            "중학군":51.7,
            "학군총점":59.358,
            "인구수":73.41,
            "인구증감":-8.64,
            "인구총점":48.795,
            "일자리":40.19,
            "소득수준":64.36,
            "일자리총점":47.441,
            "가치 총점":39.0037,
            "매매실거래년":20211022.0,
            "매매실거래가":180000.0,
            "전세실거래년":20220120.0,
            "전세실거래가":69300.0,
            "전세가율":38.5,
            "장기전세가율평균":57.02,
            "전세가율거품지수":18.52,
            "검색코드":107550,
            "세대수":495.0,
            "준공년월":"2016-05-26",
            "준공년차":7.0,
            "가까운역이름":"거여",
            "가까운역거리":1449.33,
            "역세권여부":"비역세권",
            "30분이내주요거점역":0,
            "30분거점역이름":"[]",
            "1시간이내주요거점역":9,
            "1시간거점역이름":"['강남', '역삼', '잠실', '판교', '여의도', '양재', '정자', '왕십리', '서현']",
            "3km이내백화점수":0,
            "5km이내아울렛몰수":1,
            "1km이내대형먀트수":0,
            "500m이내은행수":1,
            "500m이내병원수":0,
            "5km이내대형병원수":4,
            "500m이내공원수":2,
            "3km이내혐오시설수":0,
            "초등학교학업성취도":89.99,
            "중학교학업성취도":85.7,
            "용적률":299,
            "건폐율":37,
            "Y":37.480075,
            "X":127.143739,
            "rank":136.0,
            "area_info":"35평(118.58), 35평(118.8), 35평(118.88), 42평(141.35), 42평(141.45), 45평(149.54)",
            "last_sales":"2021-10-22,180000.0,35평(118.58)",
            "rank_history":[
                [
                    "202202",
                    136
                ],
                [
                    "202201",
                    136
                ]
            ],
            "rank_gap":0
        },
        {
            "index":728,
            "아파트명":"위례아이파크",
            "투자타입":"일반",
            "전용면적(m2)":"115.35",
            "전용면적(평)":"34평",
            "법정동주소":"서울시 송파구 장지동 894",
            "도로명주소":"서울시 송파구 위례광장로 136",
            "세대수":50,
            "입주년차":80,
            "용적률점수":"--",
            "건폐율점수":"--",
            "세대당주차수":60,
            "난방방식":100,
            "공급면적":"--",
            "전용률":"--",
            "욕실수":100,
            "현관타입":100,
            "주거총점":72.5,
            "지역구공급총점":0.0,
            "역세권":0,
            "30분내 이동가능 거점":0,
            "1시간내 이동가능 거점":90,
            "교통총점":18.0,
            "백화점":0,
            "아울렛몰":80,
            "대형마트":0,
            "은행":0,
            "병원":0,
            "종합병원":100,
            "공원":80,
            "혐오시설":0,
            "인프라총점":30.4,
            "초등학군":89.99,
            "중학군":51.7,
            "학군총점":59.358,
            "인구수":73.41,
            "인구증감":-8.64,
            "인구총점":48.795,
            "일자리":40.19,
            "소득수준":64.36,
            "일자리총점":47.441,
            "가치 총점":38.8237,
            "매매실거래년":20211003.0,
            "매매실거래가":145000.0,
            "전세실거래년":20211119.0,
            "전세실거래가":68200.0,
            "전세가율":47.03,
            "장기전세가율평균":57.02,
            "전세가율거품지수":9.99,
            "검색코드":107339,
            "세대수":400.0,
            "준공년월":"2015-11-30",
            "준공년차":8.0,
            "가까운역이름":"장지",
            "가까운역거리":1435.97,
            "역세권여부":"비역세권",
            "30분이내주요거점역":0,
            "30분거점역이름":"[]",
            "1시간이내주요거점역":9,
            "1시간거점역이름":"['강남', '역삼', '잠실', '판교', '여의도', '양재', '정자', '왕십리', '서현']",
            "3km이내백화점수":0,
            "5km이내아울렛몰수":1,
            "1km이내대형먀트수":0,
            "500m이내은행수":1,
            "500m이내병원수":0,
            "5km이내대형병원수":4,
            "500m이내공원수":1,
            "3km이내혐오시설수":0,
            "초등학교학업성취도":89.99,
            "중학교학업성취도":85.7,
            "용적률":274,
            "건폐율":40,
            "Y":37.476494,
            "X":127.142224,
            "rank":137.0,
            "area_info":"34평(115.35), 34평(115.07), 35평(115.82), 35평(116.09), 35평(116.55), 39평(131.33), 40평(132.66), 43평(142.28), 45평(150.06), 45평(151.09), 52평(172.45), 53평(175.68)",
            "last_sales":"2021-10-03,145000.0,34평(115.35)",
            "rank_history":[
                [
                    "202202",
                    137
                ],
                [
                    "202201",
                    139
                ]
            ],
            "rank_gap":2
        },
        {
            "index":186,
            "아파트명":"송파위례리슈빌퍼스트클래스",
            "투자타입":"일반",
            "전용면적(m2)":"132.09",
            "전용면적(평)":"39평",
            "법정동주소":"서울시 송파구 거여동 654",
            "도로명주소":"서울시 송파구 위례송파로 124",
            "세대수":50,
            "입주년차":100,
            "용적률점수":"--",
            "건폐율점수":"--",
            "세대당주차수":80,
            "난방방식":100,
            "공급면적":"--",
            "전용률":"--",
            "욕실수":100,
            "현관타입":100,
            "주거총점":79.5,
            "지역구공급총점":0.0,
            "역세권":0,
            "30분내 이동가능 거점":0,
            "1시간내 이동가능 거점":70,
            "교통총점":14.0,
            "백화점":0,
            "아울렛몰":80,
            "대형마트":0,
            "은행":0,
            "병원":0,
            "종합병원":100,
            "공원":80,
            "혐오시설":0,
            "인프라총점":30.4,
            "초등학군":90.2,
            "중학군":49.92,
            "학군총점":57.976,
            "인구수":73.41,
            "인구증감":-8.64,
            "인구총점":48.795,
            "일자리":40.19,
            "소득수준":64.36,
            "일자리총점":47.441,
            "가치 총점":38.6164,
            "매매실거래년":"18000101",
            "매매실거래가":null,
            "전세실거래년":20220106.0,
            "전세실거래가":85000.0,
            "전세가율":null,
            "장기전세가율평균":57.02,
            "전세가율거품지수":null,
            "검색코드":132624,
            "세대수":494.0,
            "준공년월":"2021-10-01",
            "준공년차":2.0,
            "가까운역이름":"거여",
            "가까운역거리":1057.83,
            "역세권여부":"비역세권",
            "30분이내주요거점역":0,
            "30분거점역이름":"[]",
            "1시간이내주요거점역":7,
            "1시간거점역이름":"['강남', '역삼', '잠실', '판교', '정자', '왕십리', '서현']",
            "3km이내백화점수":0,
            "5km이내아울렛몰수":1,
            "1km이내대형먀트수":0,
            "500m이내은행수":0,
            "500m이내병원수":0,
            "5km이내대형병원수":3,
            "500m이내공원수":1,
            "3km이내혐오시설수":0,
            "초등학교학업성취도":90.2,
            "중학교학업성취도":82.0,
            "용적률":209,
            "건폐율":18,
            "Y":37.483842,
            "X":127.146882,
            "rank":138.0,
            "area_info":"39평(132.09), 39평(132.09), 41평(138.47), 41평(138.47), 43평(142.35), 43평(144.36), 43평(144.18), 44평(147.07), 48평(160.92)",
            "last_sales":"1800-01-01,nan,39평(132.09)",
            "rank_history":[
                [
                    "202202",
                    138
                ],
                [
                    "202201",
                    138
                ]
            ],
            "rank_gap":0
        },
        {
            "index":746,
            "아파트명":"위례중앙푸르지오1단지",
            "투자타입":"일반",
            "전용면적(m2)":"110.94",
            "전용면적(평)":"33평",
            "법정동주소":"서울시 송파구 장지동 897",
            "도로명주소":"서울시 송파구 위례광장로 120",
            "세대수":0,
            "입주년차":80,
            "용적률점수":"--",
            "건폐율점수":"--",
            "세대당주차수":60,
            "난방방식":100,
            "공급면적":"--",
            "전용률":"--",
            "욕실수":100,
            "현관타입":100,
            "주거총점":55.0,
            "지역구공급총점":0.0,
            "역세권":0,
            "30분내 이동가능 거점":20,
            "1시간내 이동가능 거점":90,
            "교통총점":24.0,
            "백화점":0,
            "아울렛몰":80,
            "대형마트":0,
            "은행":0,
            "병원":0,
            "종합병원":100,
            "공원":80,
            "혐오시설":0,
            "인프라총점":30.4,
            "초등학군":90.01,
            "중학군":51.7,
            "학군총점":59.362,
            "인구수":73.41,
            "인구증감":-8.64,
            "인구총점":48.795,
            "일자리":40.19,
            "소득수준":64.36,
            "일자리총점":47.441,
            "가치 총점":37.4243,
            "매매실거래년":20210204.0,
            "매매실거래가":199000.0,
            "전세실거래년":20210507.0,
            "전세실거래가":83000.0,
            "전세가율":52.2,
            "장기전세가율평균":57.02,
            "전세가율거품지수":4.82,
            "검색코드":109174,
            "세대수":163.0,
            "준공년월":"2016-12-23",
            "준공년차":7.0,
            "가까운역이름":"복정",
            "가까운역거리":1422.21,
            "역세권여부":"비역세권",
            "30분이내주요거점역":1,
            "30분거점역이름":"['서현']",
            "1시간이내주요거점역":9,
            "1시간거점역이름":"['강남', '역삼', '잠실', '판교', '여의도', '양재', '정자', '왕십리', '서현']",
            "3km이내백화점수":0,
            "5km이내아울렛몰수":1,
            "1km이내대형먀트수":0,
            "500m이내은행수":0,
            "500m이내병원수":0,
            "5km이내대형병원수":4,
            "500m이내공원수":1,
            "3km이내혐오시설수":0,
            "초등학교학업성취도":90.01,
            "중학교학업성취도":85.7,
            "용적률":259,
            "건폐율":51,
            "Y":37.474874,
            "X":127.141586,
            "rank":139.0,
            "area_info":"33평(110.94), 33평(111.35), 33평(111.64), 33평(111.96), 33평(111.77), 33평(111.6), 33평(111.77), 33평(111.77), 33평(111.35), 33평(111.64), 33평(111.96), 40평(134.38), 40평(134.38), 43평(143.73), 43평(143.4), 43평(143.94), 43평(143.73), 43평(143.4), 43평(144.26), 43평(144.26), 43평(144.26), 61평(202.16), 64평(214.35), 77평(255.59), 78평(259.91)",
            "last_sales":"2021-02-04,199000.0,43평(143.73)",
            "rank_history":[
                [
                    "202202",
                    139
                ],
                [
                    "202201",
                    141
                ]
            ],
            "rank_gap":2
        },
        {
            "index":634,
            "아파트명":"송파와이즈더샵",
            "투자타입":"일반",
            "전용면적(m2)":"126.68",
            "전용면적(평)":"38평",
            "법정동주소":"서울시 송파구 장지동 895",
            "도로명주소":"서울시 송파구 위례광장로 270",
            "세대수":30,
            "입주년차":80,
            "용적률점수":"--",
            "건폐율점수":"--",
            "세대당주차수":60,
            "난방방식":100,
            "공급면적":"--",
            "전용률":"--",
            "욕실수":100,
            "현관타입":100,
            "주거총점":65.5,
            "지역구공급총점":0.0,
            "역세권":0,
            "30분내 이동가능 거점":0,
            "1시간내 이동가능 거점":90,
            "교통총점":18.0,
            "백화점":0,
            "아울렛몰":80,
            "대형마트":0,
            "은행":0,
            "병원":0,
            "종합병원":100,
            "공원":80,
            "혐오시설":0,
            "인프라총점":30.4,
            "초등학군":89.99,
            "중학군":51.7,
            "학군총점":59.358,
            "인구수":73.41,
            "인구증감":-8.64,
            "인구총점":48.795,
            "일자리":40.19,
            "소득수준":64.36,
            "일자리총점":47.441,
            "가치 총점":37.4237,
            "매매실거래년":20210519.0,
            "매매실거래가":183500.0,
            "전세실거래년":20211218.0,
            "전세실거래가":76000.0,
            "전세가율":48.1,
            "장기전세가율평균":57.02,
            "전세가율거품지수":8.92,
            "검색코드":107683,
            "세대수":390.0,
            "준공년월":"2016-02-26",
            "준공년차":7.0,
            "가까운역이름":"장지",
            "가까운역거리":1540.89,
            "역세권여부":"비역세권",
            "30분이내주요거점역":0,
            "30분거점역이름":"[]",
            "1시간이내주요거점역":9,
            "1시간거점역이름":"['강남', '역삼', '잠실', '판교', '여의도', '양재', '정자', '왕십리', '서현']",
            "3km이내백화점수":0,
            "5km이내아울렛몰수":1,
            "1km이내대형먀트수":0,
            "500m이내은행수":1,
            "500m이내병원수":0,
            "5km이내대형병원수":4,
            "500m이내공원수":1,
            "3km이내혐오시설수":0,
            "초등학교학업성취도":89.99,
            "중학교학업성취도":85.7,
            "용적률":274,
            "건폐율":38,
            "Y":37.476526,
            "X":127.143436,
            "rank":140.0,
            "area_info":"38평(126.68), 38평(126.95), 38평(127.78), 38평(127.66), 38평(127.8), 38평(127.24), 38평(127.55), 38평(127.08), 38평(127.58), 38평(127.21), 38평(127.47), 38평(127.82), 38평(128.22), 38평(128.52), 38평(128.62), 38평(128.44), 38평(128.62), 38평(128.16), 39평(129.01), 46평(152.51), 46평(154.56)",
            "last_sales":"2021-05-19,183500.0,38평(128.16)",
            "rank_history":[
                [
                    "202202",
                    140
                ],
                [
                    "202201",
                    141
                ]
            ],
            "rank_gap":1
        },
        {
            "index":511,
            "아파트명":"아남",
            "투자타입":"재건축",
            "전용면적(m2)":"52.83",
            "전용면적(평)":"15평",
            "법정동주소":"서울시 송파구 오금동 67",
            "도로명주소":"서울시 송파구 성내천로6길 1-13",
            "세대수":0,
            "입주년차":"--",
            "용적률점수":0,
            "건폐율점수":0,
            "세대당주차수":"--",
            "난방방식":"--",
            "공급면적":50,
            "전용률":60,
            "욕실수":"--",
            "현관타입":"--",
            "주거총점":5.5,
            "지역구공급총점":0.0,
            "역세권":50,
            "30분내 이동가능 거점":20,
            "1시간내 이동가능 거점":100,
            "교통총점":51.0,
            "백화점":0,
            "아울렛몰":100,
            "대형마트":0,
            "은행":0,
            "병원":0,
            "종합병원":100,
            "공원":100,
            "혐오시설":0,
            "인프라총점":33.0,
            "초등학군":90.0,
            "중학군":46.04,
            "학군총점":54.832,
            "인구수":73.41,
            "인구증감":-8.64,
            "인구총점":48.795,
            "일자리":40.19,
            "소득수준":64.36,
            "일자리총점":47.441,
            "가치 총점":37.0748,
            "매매실거래년":20210820.0,
            "매매실거래가":124000.0,
            "전세실거래년":20190814.0,
            "전세실거래가":19500.0,
            "전세가율":30.0,
            "장기전세가율평균":57.02,
            "전세가율거품지수":27.02,
            "검색코드":630,
            "세대수":299.0,
            "준공년월":"1992-09-04",
            "준공년차":31.0,
            "가까운역이름":"개롱",
            "가까운역거리":550.67,
            "역세권여부":"준역세권",
            "30분이내주요거점역":1,
            "30분거점역이름":"['잠실']",
            "1시간이내주요거점역":12,
            "1시간거점역이름":"['강남', '역삼', '잠실', '판교', '여의도', '을지로입구', '을지로3가', '양재', '정자', '왕십리', '명동', '서현']",
            "3km이내백화점수":0,
            "5km이내아울렛몰수":2,
            "1km이내대형먀트수":0,
            "500m이내은행수":1,
            "500m이내병원수":0,
            "5km이내대형병원수":5,
            "500m이내공원수":9,
            "3km이내혐오시설수":0,
            "초등학교학업성취도":90.0,
            "중학교학업성취도":76.0,
            "용적률":373,
            "건폐율":0,
            "Y":37.502921,
            "X":127.13613,
            "rank":141.0,
            "area_info":"15평(52.83), 19평(62.96), 25평(85.23), 30평(101.59)",
            "last_sales":"2021-08-20,124000.0,30평(101.59)",
            "rank_history":[
                [
                    "202202",
                    141
                ],
                [
                    "202201",
                    140
                ]
            ],
            "rank_gap":-1
        },
        {
            "index":771,
            "아파트명":"위례중앙푸르지오2단지",
            "투자타입":"일반",
            "전용면적(m2)":"111.93",
            "전용면적(평)":"33평",
            "법정동주소":"서울시 송파구 장지동 896",
            "도로명주소":"서울시 송파구 위례광장로 290",
            "세대수":0,
            "입주년차":80,
            "용적률점수":"--",
            "건폐율점수":"--",
            "세대당주차수":60,
            "난방방식":100,
            "공급면적":"--",
            "전용률":"--",
            "욕실수":100,
            "현관타입":100,
            "주거총점":55.0,
            "지역구공급총점":0.0,
            "역세권":0,
            "30분내 이동가능 거점":0,
            "1시간내 이동가능 거점":100,
            "교통총점":20.0,
            "백화점":0,
            "아울렛몰":80,
            "대형마트":0,
            "은행":0,
            "병원":0,
            "종합병원":100,
            "공원":80,
            "혐오시설":0,
            "인프라총점":30.4,
            "초등학군":89.99,
            "중학군":51.7,
            "학군총점":59.358,
            "인구수":73.41,
            "인구증감":-8.64,
            "인구총점":48.795,
            "일자리":40.19,
            "소득수준":64.36,
            "일자리총점":47.441,
            "가치 총점":36.0237,
            "매매실거래년":20210507.0,
            "매매실거래가":230000.0,
            "전세실거래년":20211218.0,
            "전세실거래가":71400.0,
            "전세가율":58.52,
            "장기전세가율평균":57.02,
            "전세가율거품지수":-1.5,
            "검색코드":109170,
            "세대수":148.0,
            "준공년월":"2016-12-23",
            "준공년차":7.0,
            "가까운역이름":"복정",
            "가까운역거리":1519.44,
            "역세권여부":"비역세권",
            "30분이내주요거점역":0,
            "30분거점역이름":"[]",
            "1시간이내주요거점역":10,
            "1시간거점역이름":"['강남', '역삼', '잠실', '판교', '여의도', '양재', '정자', '수원시청', '왕십리', '서현']",
            "3km이내백화점수":0,
            "5km이내아울렛몰수":1,
            "1km이내대형먀트수":0,
            "500m이내은행수":0,
            "500m이내병원수":0,
            "5km이내대형병원수":4,
            "500m이내공원수":1,
            "3km이내혐오시설수":0,
            "초등학교학업성취도":89.99,
            "중학교학업성취도":85.7,
            "용적률":259,
            "건폐율":52,
            "Y":37.474732,
            "X":127.142836,
            "rank":142.0,
            "area_info":"33평(111.93), 33평(111.93), 33평(112.22), 34평(112.54), 33평(112.35), 33평(112.35), 33평(112.35), 33평(112.22), 34평(112.54), 34평(113.0), 42평(139.12), 42평(139.01), 42평(139.61), 42평(139.61), 42평(139.61), 42평(139.12), 42평(139.01), 42평(140.34), 42평(140.34), 61평(203.2), 65평(215.46), 74평(247.4), 79평(262.15)",
            "last_sales":"2021-05-07,230000.0,61평(203.2)",
            "rank_history":[
                [
                    "202202",
                    142
                ],
                [
                    "202201",
                    142
                ]
            ],
            "rank_gap":0
        },
        {
            "index":510,
            "아파트명":"송파호반베르디움더퍼스트",
            "투자타입":"일반",
            "전용면적(m2)":"130.03",
            "전용면적(평)":"39평",
            "법정동주소":"서울시 송파구 오금동 619",
            "도로명주소":"서울시 송파구 동남로 342",
            "세대수":0,
            "입주년차":80,
            "용적률점수":"--",
            "건폐율점수":"--",
            "세대당주차수":80,
            "난방방식":30,
            "공급면적":"--",
            "전용률":"--",
            "욕실수":100,
            "현관타입":100,
            "주거총점":51.0,
            "지역구공급총점":0.0,
            "역세권":0,
            "30분내 이동가능 거점":0,
            "1시간내 이동가능 거점":100,
            "교통총점":20.0,
            "백화점":0,
            "아울렛몰":100,
            "대형마트":0,
            "은행":0,
            "병원":0,
            "종합병원":100,
            "공원":100,
            "혐오시설":0,
            "인프라총점":33.0,
            "초등학군":90.0,
            "중학군":46.04,
            "학군총점":54.832,
            "인구수":73.41,
            "인구증감":-8.64,
            "인구총점":48.795,
            "일자리":40.19,
            "소득수준":64.36,
            "일자리총점":47.441,
            "가치 총점":35.3248,
            "매매실거래년":20210619.0,
            "매매실거래가":164000.0,
            "전세실거래년":20220124.0,
            "전세실거래가":105000.0,
            "전세가율":64.02,
            "장기전세가율평균":57.02,
            "전세가율거품지수":-7.0,
            "검색코드":114818,
            "세대수":220.0,
            "준공년월":"2018-02-23",
            "준공년차":5.0,
            "가까운역이름":"개롱",
            "가까운역거리":1000.5,
            "역세권여부":"비역세권",
            "30분이내주요거점역":0,
            "30분거점역이름":"[]",
            "1시간이내주요거점역":12,
            "1시간거점역이름":"['강남', '역삼', '잠실', '판교', '여의도', '을지로입구', '을지로3가', '양재', '정자', '왕십리', '명동', '서현']",
            "3km이내백화점수":0,
            "5km이내아울렛몰수":2,
            "1km이내대형먀트수":0,
            "500m이내은행수":1,
            "500m이내병원수":0,
            "5km이내대형병원수":4,
            "500m이내공원수":6,
            "3km이내혐오시설수":0,
            "초등학교학업성취도":90.0,
            "중학교학업성취도":76.0,
            "용적률":223,
            "건폐율":18,
            "Y":37.506041,
            "X":127.140103,
            "rank":143.0,
            "area_info":"39평(130.03)",
            "last_sales":"2021-06-19,164000.0,39평(130.03)",
            "rank_history":[
                [
                    "202202",
                    143
                ],
                [
                    "202201",
                    143
                ]
            ],
            "rank_gap":0
        },
        {
            "index":687,
            "아파트명":"송파파인타운1단지",
            "투자타입":"일반",
            "전용면적(m2)":"106.04",
            "전용면적(평)":"32평",
            "법정동주소":"서울시 송파구 장지동 833",
            "도로명주소":"서울시 송파구 충민로 188",
            "세대수":0,
            "입주년차":60,
            "용적률점수":"--",
            "건폐율점수":"--",
            "세대당주차수":30,
            "난방방식":30,
            "공급면적":"--",
            "전용률":"--",
            "욕실수":100,
            "현관타입":100,
            "주거총점":39.5,
            "지역구공급총점":0.0,
            "역세권":0,
            "30분내 이동가능 거점":0,
            "1시간내 이동가능 거점":100,
            "교통총점":20.0,
            "백화점":0,
            "아울렛몰":100,
            "대형마트":0,
            "은행":0,
            "병원":0,
            "종합병원":100,
            "공원":100,
            "혐오시설":0,
            "인프라총점":33.0,
            "초등학군":89.99,
            "중학군":50.92,
            "학군총점":58.734,
            "인구수":73.41,
            "인구증감":-8.64,
            "인구총점":48.795,
            "일자리":40.19,
            "소득수준":64.36,
            "일자리총점":47.441,
            "가치 총점":33.6101,
            "매매실거래년":20210810.0,
            "매매실거래가":130000.0,
            "전세실거래년":20211216.0,
            "전세실거래가":52500.0,
            "전세가율":40.38,
            "장기전세가율평균":57.02,
            "전세가율거품지수":16.64,
            "검색코드":100455,
            "세대수":221.0,
            "준공년월":"2010-01-19",
            "준공년차":13.0,
            "가까운역이름":"거여",
            "가까운역거리":1082.39,
            "역세권여부":"비역세권",
            "30분이내주요거점역":0,
            "30분거점역이름":"[]",
            "1시간이내주요거점역":10,
            "1시간거점역이름":"['강남', '역삼', '잠실', '판교', '여의도', '을지로3가', '양재', '정자', '왕십리', '서현']",
            "3km이내백화점수":0,
            "5km이내아울렛몰수":2,
            "1km이내대형먀트수":0,
            "500m이내은행수":1,
            "500m이내병원수":0,
            "5km이내대형병원수":4,
            "500m이내공원수":4,
            "3km이내혐오시설수":0,
            "초등학교학업성취도":89.99,
            "중학교학업성취도":83.6,
            "용적률":143,
            "건폐율":21,
            "Y":37.486889,
            "X":127.134709,
            "rank":144.0,
            "area_info":"32평(106.04), 32평(106.64), 32평(106.04)",
            "last_sales":"2021-08-10,130000.0,32평(106.04)",
            "rank_history":[
                [
                    "202202",
                    144
                ],
                [
                    "202201",
                    144
                ]
            ],
            "rank_gap":0
        }
    ]
}