{
    "schema":{
        "fields":[
            {
                "name":"index",
                "type":"integer"
            },
            {
                "name":"아파트명",
                "type":"string"
            },
            {
                "name":"투자타입",
                "type":"string"
            },
            {
                "name":"전용면적(m2)",
                "type":"string"
            },
            {
                "name":"전용면적(평)",
                "type":"string"
            },
            {
                "name":"법정동주소",
                "type":"string"
            },
            {
                "name":"도로명주소",
                "type":"string"
            },
            {
                "name":"세대수",
                "type":"integer"
            },
            {
                "name":"입주년차",
                "type":"string"
            },
            {
                "name":"용적률점수",
                "type":"string"
            },
            {
                "name":"건폐율점수",
                "type":"string"
            },
            {
                "name":"세대당주차수",
                "type":"string"
            },
            {
                "name":"난방방식",
                "type":"string"
            },
            {
                "name":"공급면적",
                "type":"string"
            },
            {
                "name":"전용률",
                "type":"string"
            },
            {
                "name":"욕실수",
                "type":"string"
            },
            {
                "name":"현관타입",
                "type":"string"
            },
            {
                "name":"주거총점",
                "type":"number"
            },
            {
                "name":"지역구공급총점",
                "type":"number"
            },
            {
                "name":"역세권",
                "type":"integer"
            },
            {
                "name":"30분내 이동가능 거점",
                "type":"integer"
            },
            {
                "name":"1시간내 이동가능 거점",
                "type":"integer"
            },
            {
                "name":"교통총점",
                "type":"number"
            },
            {
                "name":"백화점",
                "type":"integer"
            },
            {
                "name":"아울렛몰",
                "type":"integer"
            },
            {
                "name":"대형마트",
                "type":"integer"
            },
            {
                "name":"은행",
                "type":"integer"
            },
            {
                "name":"병원",
                "type":"integer"
            },
            {
                "name":"종합병원",
                "type":"integer"
            },
            {
                "name":"공원",
                "type":"integer"
            },
            {
                "name":"혐오시설",
                "type":"integer"
            },
            {
                "name":"인프라총점",
                "type":"number"
            },
            {
                "name":"초등학군",
                "type":"number"
            },
            {
                "name":"중학군",
                "type":"number"
            },
            {
                "name":"학군총점",
                "type":"number"
            },
            {
                "name":"인구수",
                "type":"number"
            },
            {
                "name":"인구증감",
                "type":"number"
            },
            {
                "name":"인구총점",
                "type":"number"
            },
            {
                "name":"일자리",
                "type":"number"
            },
            {
                "name":"소득수준",
                "type":"number"
            },
            {
                "name":"일자리총점",
                "type":"number"
            },
            {
                "name":"가치 총점",
                "type":"number"
            },
            {
                "name":"매매실거래년",
                "type":"string"
            },
            {
                "name":"매매실거래가",
                "type":"number"
            },
            {
                "name":"전세실거래년",
                "type":"number"
            },
            {
                "name":"전세실거래가",
                "type":"number"
            },
            {
                "name":"전세가율",
                "type":"number"
            },
            {
                "name":"장기전세가율평균",
                "type":"number"
            },
            {
                "name":"전세가율거품지수",
                "type":"number"
            },
            {
                "name":"검색코드",
                "type":"integer"
            },
            {
                "name":"세대수",
                "type":"number"
            },
            {
                "name":"준공년월",
                "type":"string"
            },
            {
                "name":"준공년차",
                "type":"number"
            },
            {
                "name":"가까운역이름",
                "type":"string"
            },
            {
                "name":"가까운역거리",
                "type":"number"
            },
            {
                "name":"역세권여부",
                "type":"string"
            },
            {
                "name":"30분이내주요거점역",
                "type":"integer"
            },
            {
                "name":"30분거점역이름",
                "type":"string"
            },
            {
                "name":"1시간이내주요거점역",
                "type":"integer"
            },
            {
                "name":"1시간거점역이름",
                "type":"string"
            },
            {
                "name":"3km이내백화점수",
                "type":"integer"
            },
            {
                "name":"5km이내아울렛몰수",
                "type":"integer"
            },
            {
                "name":"1km이내대형먀트수",
                "type":"integer"
            },
            {
                "name":"500m이내은행수",
                "type":"integer"
            },
            {
                "name":"500m이내병원수",
                "type":"integer"
            },
            {
                "name":"5km이내대형병원수",
                "type":"integer"
            },
            {
                "name":"500m이내공원수",
                "type":"integer"
            },
            {
                "name":"3km이내혐오시설수",
                "type":"integer"
            },
            {
                "name":"초등학교학업성취도",
                "type":"number"
            },
            {
                "name":"중학교학업성취도",
                "type":"number"
            },
            {
                "name":"용적률",
                "type":"integer"
            },
            {
                "name":"건폐율",
                "type":"integer"
            },
            {
                "name":"Y",
                "type":"number"
            },
            {
                "name":"X",
                "type":"number"
            },
            {
                "name":"rank",
                "type":"number"
            },
            {
                "name":"area_info",
                "type":"string"
            },
            {
                "name":"last_sales",
                "type":"string"
            },
            {
                "name":"rank_history",
                "type":"string"
            },
            {
                "name":"rank_gap",
                "type":"integer"
            }
        ],
        "primaryKey":[
            "index"
        ],
        "pandas_version":"1.4.0"
    },
    "data":[
        {
            "index":634,
            "아파트명":"힐스테이트강동리버뷰",
            "투자타입":"일반",
            "전용면적(m2)":"79.9",
            "전용면적(평)":"24평",
            "법정동주소":"서울시 강동구 암사동 675",
            "도로명주소":"서울시 강동구 올림픽로91길 30",
            "세대수":50,
            "입주년차":100,
            "용적률점수":"--",
            "건폐율점수":"--",
            "세대당주차수":30,
            "난방방식":30,
            "공급면적":"--",
            "전용률":"--",
            "욕실수":100,
            "현관타입":100,
            "주거총점":65.0,
            "지역구공급총점":0.0,
            "역세권":80,
            "30분내 이동가능 거점":80,
            "1시간내 이동가능 거점":100,
            "교통총점":84.0,
            "백화점":100,
            "아울렛몰":80,
            "대형마트":100,
            "은행":70,
            "병원":0,
            "종합병원":100,
            "공원":100,
            "혐오시설":0,
            "인프라총점":83.0,
            "초등학군":89.98,
            "중학군":41.9,
            "학군총점":51.516,
            "인구수":50.31,
            "인구증감":5.02,
            "인구총점":36.723,
            "일자리":20.37,
            "소득수준":68.8,
            "일자리총점":34.899,
            "가치 총점":75.0274,
            "매매실거래년":20200911.0,
            "매매실거래가":125000.0,
            "전세실거래년":20201128.0,
            "전세실거래가":56700.0,
            "전세가율":null,
            "장기전세가율평균":60.27,
            "전세가율거품지수":null,
            "검색코드":116836,
            "세대수":460.0,
            "준공년월":"2019-11-12",
            "준공년차":4.0,
            "가까운역이름":"암사",
            "가까운역거리":238.37,
            "역세권여부":"역세권",
            "30분이내주요거점역":4,
            "30분거점역이름":"['강남', '역삼', '잠실', '왕십리']",
            "1시간이내주요거점역":14,
            "1시간거점역이름":"['강남', '역삼', '잠실', '판교', '여의도', '을지로입구', '을지로3가', '양재', '정자', '왕십리', '홍대입구', '구로디지털단지', '명동', '서현']",
            "3km이내백화점수":1,
            "5km이내아울렛몰수":1,
            "1km이내대형먀트수":4,
            "500m이내은행수":3,
            "500m이내병원수":0,
            "5km이내대형병원수":6,
            "500m이내공원수":4,
            "3km이내혐오시설수":0,
            "초등학교학업성취도":89.98,
            "중학교학업성취도":69.1,
            "용적률":472,
            "건폐율":50,
            "Y":37.548909,
            "X":127.125413,
            "rank":1.0,
            "area_info":"24평(79.9), 24평(81.68), 34평(112.46), 34평(112.79), 34평(113.96)",
            "last_sales":"2020-09-11,125000.0,34평(113.96)",
            "rank_history":[
                [
                    "202202",
                    1
                ],
                [
                    "202201",
                    1
                ]
            ],
            "rank_gap":0
        },
        {
            "index":695,
            "아파트명":"래미안강동팰리스",
            "투자타입":"일반",
            "전용면적(m2)":"85.3",
            "전용면적(평)":"25평",
            "법정동주소":"서울시 강동구 천호동 571",
            "도로명주소":"서울시 강동구 천호대로 1077",
            "세대수":90,
            "입주년차":80,
            "용적률점수":"--",
            "건폐율점수":"--",
            "세대당주차수":60,
            "난방방식":30,
            "공급면적":"--",
            "전용률":"--",
            "욕실수":100,
            "현관타입":100,
            "주거총점":79.5,
            "지역구공급총점":0.0,
            "역세권":80,
            "30분내 이동가능 거점":40,
            "1시간내 이동가능 거점":100,
            "교통총점":72.0,
            "백화점":100,
            "아울렛몰":80,
            "대형마트":100,
            "은행":70,
            "병원":0,
            "종합병원":100,
            "공원":100,
            "혐오시설":0,
            "인프라총점":83.0,
            "초등학군":89.96,
            "중학군":40.86,
            "학군총점":50.68,
            "인구수":50.31,
            "인구증감":5.02,
            "인구총점":36.723,
            "일자리":20.37,
            "소득수준":68.8,
            "일자리총점":34.899,
            "가치 총점":73.602,
            "매매실거래년":20220124.0,
            "매매실거래가":165000.0,
            "전세실거래년":20211111.0,
            "전세실거래가":50000.0,
            "전세가율":35.21,
            "장기전세가율평균":60.27,
            "전세가율거품지수":25.06,
            "검색코드":107537,
            "세대수":999.0,
            "준공년월":"2017-07-31",
            "준공년차":6.0,
            "가까운역이름":"강동",
            "가까운역거리":187.46,
            "역세권여부":"역세권",
            "30분이내주요거점역":2,
            "30분거점역이름":"['잠실', '왕십리']",
            "1시간이내주요거점역":13,
            "1시간거점역이름":"['강남', '역삼', '잠실', '판교', '여의도', '을지로입구', '을지로3가', '양재', '정자', '왕십리', '홍대입구', '명동', '서현']",
            "3km이내백화점수":1,
            "5km이내아울렛몰수":1,
            "1km이내대형먀트수":3,
            "500m이내은행수":4,
            "500m이내병원수":0,
            "5km이내대형병원수":6,
            "500m이내공원수":3,
            "3km이내혐오시설수":0,
            "초등학교학업성취도":89.96,
            "중학교학업성취도":68.1,
            "용적률":830,
            "건폐율":55,
            "Y":37.537448,
            "X":127.13201,
            "rank":2.0,
            "area_info":"25평(85.3), 36평(121.39), 65평(215.63), 66평(220.25)",
            "last_sales":"2022-01-24,165000.0,36평(121.39)",
            "rank_history":[
                [
                    "202202",
                    2
                ],
                [
                    "202201",
                    2
                ]
            ],
            "rank_gap":0
        },
        {
            "index":516,
            "아파트명":"성내삼성",
            "투자타입":"일반",
            "전용면적(m2)":"85.31",
            "전용면적(평)":"25평",
            "법정동주소":"서울시 강동구 성내동 590",
            "도로명주소":"서울시 강동구 풍성로 127",
            "세대수":90,
            "입주년차":20,
            "용적률점수":"--",
            "건폐율점수":"--",
            "세대당주차수":30,
            "난방방식":80,
            "공급면적":"--",
            "전용률":"--",
            "욕실수":50,
            "현관타입":10,
            "주거총점":54.0,
            "지역구공급총점":0.0,
            "역세권":80,
            "30분내 이동가능 거점":60,
            "1시간내 이동가능 거점":100,
            "교통총점":78.0,
            "백화점":100,
            "아울렛몰":80,
            "대형마트":100,
            "은행":70,
            "병원":0,
            "종합병원":100,
            "공원":100,
            "혐오시설":0,
            "인프라총점":83.0,
            "초등학군":89.96,
            "중학군":50.32,
            "학군총점":58.248,
            "인구수":50.31,
            "인구증감":5.02,
            "인구총점":36.723,
            "일자리":20.37,
            "소득수준":68.8,
            "일자리총점":34.899,
            "가치 총점":71.7372,
            "매매실거래년":20211030.0,
            "매매실거래가":134000.0,
            "전세실거래년":20211120.0,
            "전세실거래가":40950.0,
            "전세가율":37.74,
            "장기전세가율평균":60.27,
            "전세가율거품지수":22.53,
            "검색코드":993,
            "세대수":1220.0,
            "준공년월":"1999-09-01",
            "준공년차":24.0,
            "가까운역이름":"강동구청",
            "가까운역거리":490.71,
            "역세권여부":"역세권",
            "30분이내주요거점역":3,
            "30분거점역이름":"['강남', '역삼', '잠실']",
            "1시간이내주요거점역":14,
            "1시간거점역이름":"['강남', '역삼', '잠실', '판교', '여의도', '을지로입구', '을지로3가', '양재', '정자', '왕십리', '홍대입구', '구로디지털단지', '명동', '서현']",
            "3km이내백화점수":2,
            "5km이내아울렛몰수":1,
            "1km이내대형먀트수":3,
            "500m이내은행수":3,
            "500m이내병원수":0,
            "5km이내대형병원수":7,
            "500m이내공원수":3,
            "3km이내혐오시설수":0,
            "초등학교학업성취도":89.96,
            "중학교학업성취도":82.2,
            "용적률":319,
            "건폐율":26,
            "Y":37.53131,
            "X":127.125937,
            "rank":3.0,
            "area_info":"25평(85.31), 33평(110.64), 43평(142.85)",
            "last_sales":"2021-10-30,134000.0,33평(110.64)",
            "rank_history":[
                [
                    "202202",
                    3
                ],
                [
                    "202201",
                    5
                ]
            ],
            "rank_gap":2
        },
        {
            "index":662,
            "아파트명":"대우한강베네시티",
            "투자타입":"일반",
            "전용면적(m2)":"151.88",
            "전용면적(평)":"45평",
            "법정동주소":"서울시 강동구 천호동 425-5",
            "도로명주소":"서울시 강동구 올림픽로 664",
            "세대수":0,
            "입주년차":40,
            "용적률점수":"--",
            "건폐율점수":"--",
            "세대당주차수":100,
            "난방방식":30,
            "공급면적":"--",
            "전용률":"--",
            "욕실수":100,
            "현관타입":100,
            "주거총점":46.0,
            "지역구공급총점":0.0,
            "역세권":80,
            "30분내 이동가능 거점":80,
            "1시간내 이동가능 거점":100,
            "교통총점":84.0,
            "백화점":100,
            "아울렛몰":80,
            "대형마트":100,
            "은행":70,
            "병원":0,
            "종합병원":100,
            "공원":100,
            "혐오시설":0,
            "인프라총점":83.0,
            "초등학군":89.98,
            "중학군":41.9,
            "학군총점":51.516,
            "인구수":50.31,
            "인구증감":5.02,
            "인구총점":36.723,
            "일자리":20.37,
            "소득수준":68.8,
            "일자리총점":34.899,
            "가치 총점":71.2274,
            "매매실거래년":20210907.0,
            "매매실거래가":125000.0,
            "전세실거래년":20220101.0,
            "전세실거래가":51975.0,
            "전세가율":41.58,
            "장기전세가율평균":60.27,
            "전세가율거품지수":18.69,
            "검색코드":14535,
            "세대수":204.0,
            "준공년월":"2007-03-21",
            "준공년차":16.0,
            "가까운역이름":"천호",
            "가까운역거리":294.57,
            "역세권여부":"역세권",
            "30분이내주요거점역":4,
            "30분거점역이름":"['강남', '역삼', '잠실', '왕십리']",
            "1시간이내주요거점역":14,
            "1시간거점역이름":"['강남', '역삼', '잠실', '판교', '여의도', '을지로입구', '을지로3가', '양재', '정자', '왕십리', '홍대입구', '구로디지털단지', '명동', '서현']",
            "3km이내백화점수":1,
            "5km이내아울렛몰수":1,
            "1km이내대형먀트수":3,
            "500m이내은행수":4,
            "500m이내병원수":0,
            "5km이내대형병원수":7,
            "500m이내공원수":3,
            "3km이내혐오시설수":0,
            "초등학교학업성취도":89.98,
            "중학교학업성취도":69.1,
            "용적률":696,
            "건폐율":49,
            "Y":37.540844,
            "X":127.124852,
            "rank":4.0,
            "area_info":"45평(151.88), 45평(151.96), 52평(172.42), 53평(175.48), 65평(218.0)",
            "last_sales":"2021-09-07,125000.0,45평(151.88)",
            "rank_history":[
                [
                    "202202",
                    4
                ],
                [
                    "202201",
                    3
                ]
            ],
            "rank_gap":-1
        },
        {
            "index":578,
            "아파트명":"선사현대",
            "투자타입":"일반",
            "전용면적(m2)":"80.29",
            "전용면적(평)":"24평",
            "법정동주소":"서울시 강동구 암사동 509",
            "도로명주소":"서울시 강동구 상암로 11",
            "세대수":100,
            "입주년차":20,
            "용적률점수":"--",
            "건폐율점수":"--",
            "세대당주차수":30,
            "난방방식":30,
            "공급면적":"--",
            "전용률":"--",
            "욕실수":50,
            "현관타입":10,
            "주거총점":52.5,
            "지역구공급총점":0.0,
            "역세권":80,
            "30분내 이동가능 거점":60,
            "1시간내 이동가능 거점":100,
            "교통총점":78.0,
            "백화점":100,
            "아울렛몰":80,
            "대형마트":100,
            "은행":70,
            "병원":0,
            "종합병원":100,
            "공원":100,
            "혐오시설":0,
            "인프라총점":83.0,
            "초등학군":89.98,
            "중학군":48.28,
            "학군총점":56.62,
            "인구수":50.31,
            "인구증감":5.02,
            "인구총점":36.723,
            "일자리":20.37,
            "소득수준":68.8,
            "일자리총점":34.899,
            "가치 총점":71.193,
            "매매실거래년":20211014.0,
            "매매실거래가":140000.0,
            "전세실거래년":20220122.0,
            "전세실거래가":34650.0,
            "전세가율":31.88,
            "장기전세가율평균":60.27,
            "전세가율거품지수":28.39,
            "검색코드":3118,
            "세대수":2938.0,
            "준공년월":"2000-06-15",
            "준공년차":23.0,
            "가까운역이름":"암사",
            "가까운역거리":290.09,
            "역세권여부":"역세권",
            "30분이내주요거점역":3,
            "30분거점역이름":"['강남', '역삼', '잠실']",
            "1시간이내주요거점역":14,
            "1시간거점역이름":"['강남', '역삼', '잠실', '판교', '여의도', '을지로입구', '을지로3가', '양재', '정자', '왕십리', '홍대입구', '구로디지털단지', '명동', '서현']",
            "3km이내백화점수":1,
            "5km이내아울렛몰수":1,
            "1km이내대형먀트수":2,
            "500m이내은행수":3,
            "500m이내병원수":0,
            "5km이내대형병원수":7,
            "500m이내공원수":3,
            "3km이내혐오시설수":0,
            "초등학교학업성취도":89.98,
            "중학교학업성취도":79.2,
            "용적률":393,
            "건폐율":22,
            "Y":37.552448,
            "X":127.125871,
            "rank":5.0,
            "area_info":"24평(80.29), 24평(81.61), 30평(99.67), 34평(113.5), 34평(113.82), 34평(114.49), 34평(114.66), 42평(141.3)",
            "last_sales":"2021-10-14,140000.0,34평(114.66)",
            "rank_history":[
                [
                    "202202",
                    5
                ],
                [
                    "202201",
                    4
                ]
            ],
            "rank_gap":-1
        },
        {
            "index":659,
            "아파트명":"금호",
            "투자타입":"재건축",
            "전용면적(m2)":"37.42",
            "전용면적(평)":"11평",
            "법정동주소":"서울시 강동구 천호동 44",
            "도로명주소":"서울시 강동구 양재대로 1557",
            "세대수":0,
            "입주년차":"--",
            "용적률점수":60,
            "건폐율점수":80,
            "세대당주차수":"--",
            "난방방식":"--",
            "공급면적":50,
            "전용률":60,
            "욕실수":"--",
            "현관타입":"--",
            "주거총점":45.5,
            "지역구공급총점":0.0,
            "역세권":100,
            "30분내 이동가능 거점":40,
            "1시간내 이동가능 거점":100,
            "교통총점":82.0,
            "백화점":100,
            "아울렛몰":80,
            "대형마트":100,
            "은행":70,
            "병원":0,
            "종합병원":100,
            "공원":100,
            "혐오시설":0,
            "인프라총점":83.0,
            "초등학군":89.98,
            "중학군":39.9,
            "학군총점":49.916,
            "인구수":50.31,
            "인구증감":5.02,
            "인구총점":36.723,
            "일자리":20.37,
            "소득수준":68.8,
            "일자리총점":34.899,
            "가치 총점":70.1874,
            "매매실거래년":20210812.0,
            "매매실거래가":45000.0,
            "전세실거래년":20211231.0,
            "전세실거래가":15750.0,
            "전세가율":35.0,
            "장기전세가율평균":60.27,
            "전세가율거품지수":25.27,
            "검색코드":999,
            "세대수":232.0,
            "준공년월":"1987-06-13",
            "준공년차":36.0,
            "가까운역이름":"굽은다리",
            "가까운역거리":85.58,
            "역세권여부":"초역세권",
            "30분이내주요거점역":2,
            "30분거점역이름":"['잠실', '왕십리']",
            "1시간이내주요거점역":10,
            "1시간거점역이름":"['강남', '역삼', '잠실', '여의도', '을지로입구', '을지로3가', '양재', '왕십리', '홍대입구', '명동']",
            "3km이내백화점수":1,
            "5km이내아울렛몰수":1,
            "1km이내대형먀트수":3,
            "500m이내은행수":3,
            "500m이내병원수":0,
            "5km이내대형병원수":4,
            "500m이내공원수":4,
            "3km이내혐오시설수":0,
            "초등학교학업성취도":89.98,
            "중학교학업성취도":65.7,
            "용적률":248,
            "건폐율":22,
            "Y":37.544864,
            "X":127.142266,
            "rank":6.0,
            "area_info":"11평(37.42)",
            "last_sales":"2021-08-12,45000.0,11평(37.42)",
            "rank_history":[
                [
                    "202202",
                    6
                ],
                [
                    "202201",
                    6
                ]
            ],
            "rank_gap":0
        },
        {
            "index":323,
            "아파트명":"고덕현대",
            "투자타입":"재건축",
            "전용면적(m2)":"105.26",
            "전용면적(평)":"31평",
            "법정동주소":"서울시 강동구 명일동 56",
            "도로명주소":"서울시 강동구 동남로71길 41",
            "세대수":50,
            "입주년차":"--",
            "용적률점수":80,
            "건폐율점수":100,
            "세대당주차수":"--",
            "난방방식":"--",
            "공급면적":90,
            "전용률":80,
            "욕실수":"--",
            "현관타입":"--",
            "주거총점":75.5,
            "지역구공급총점":0.0,
            "역세권":80,
            "30분내 이동가능 거점":20,
            "1시간내 이동가능 거점":90,
            "교통총점":64.0,
            "백화점":100,
            "아울렛몰":0,
            "대형마트":100,
            "은행":100,
            "병원":0,
            "종합병원":100,
            "공원":100,
            "혐오시설":0,
            "인프라총점":78.0,
            "초등학군":90.02,
            "중학군":54.16,
            "학군총점":61.332,
            "인구수":50.31,
            "인구증감":5.02,
            "인구총점":36.723,
            "일자리":20.37,
            "소득수준":68.8,
            "일자리총점":34.899,
            "가치 총점":70.0998,
            "매매실거래년":20210818.0,
            "매매실거래가":175000.0,
            "전세실거래년":20211129.0,
            "전세실거래가":57000.0,
            "전세가율":47.11,
            "장기전세가율평균":60.27,
            "전세가율거품지수":13.16,
            "검색코드":1316,
            "세대수":524.0,
            "준공년월":"1986-02-07",
            "준공년차":37.0,
            "가까운역이름":"고덕",
            "가까운역거리":497.99,
            "역세권여부":"역세권",
            "30분이내주요거점역":1,
            "30분거점역이름":"['잠실']",
            "1시간이내주요거점역":9,
            "1시간거점역이름":"['강남', '역삼', '잠실', '여의도', '을지로입구', '을지로3가', '양재', '왕십리', '명동']",
            "3km이내백화점수":1,
            "5km이내아울렛몰수":0,
            "1km이내대형먀트수":2,
            "500m이내은행수":7,
            "500m이내병원수":0,
            "5km이내대형병원수":4,
            "500m이내공원수":2,
            "3km이내혐오시설수":0,
            "초등학교학업성취도":90.02,
            "중학교학업성취도":87.4,
            "용적률":180,
            "건폐율":13,
            "Y":37.550542,
            "X":127.153666,
            "rank":7.0,
            "area_info":"31평(105.26), 46평(154.52)",
            "last_sales":"2021-08-18,175000.0,46평(154.52)",
            "rank_history":[
                [
                    "202202",
                    7
                ],
                [
                    "202201",
                    6
                ]
            ],
            "rank_gap":-1
        },
        {
            "index":325,
            "아파트명":"래미안솔베뉴",
            "투자타입":"일반",
            "전용면적(m2)":"69.54",
            "전용면적(평)":"21평",
            "법정동주소":"서울시 강동구 명일동 359",
            "도로명주소":"서울시 강동구 양재대로 1650",
            "세대수":100,
            "입주년차":100,
            "용적률점수":"--",
            "건폐율점수":"--",
            "세대당주차수":30,
            "난방방식":30,
            "공급면적":"--",
            "전용률":"--",
            "욕실수":50,
            "현관타입":100,
            "주거총점":77.5,
            "지역구공급총점":0.0,
            "역세권":80,
            "30분내 이동가능 거점":40,
            "1시간내 이동가능 거점":100,
            "교통총점":72.0,
            "백화점":100,
            "아울렛몰":0,
            "대형마트":100,
            "은행":0,
            "병원":0,
            "종합병원":100,
            "공원":100,
            "혐오시설":0,
            "인프라총점":68.0,
            "초등학군":90.02,
            "중학군":50.94,
            "학군총점":58.756,
            "인구수":50.31,
            "인구증감":5.02,
            "인구총점":36.723,
            "일자리":20.37,
            "소득수준":68.8,
            "일자리총점":34.899,
            "가치 총점":69.9134,
            "매매실거래년":20211222.0,
            "매매실거래가":140000.0,
            "전세실거래년":20211119.0,
            "전세실거래가":68000.0,
            "전세가율":58.12,
            "장기전세가율평균":60.27,
            "전세가율거품지수":2.15,
            "검색코드":113432,
            "세대수":1900.0,
            "준공년월":"2019-06-24",
            "준공년차":4.0,
            "가까운역이름":"명일",
            "가까운역거리":192.43,
            "역세권여부":"역세권",
            "30분이내주요거점역":2,
            "30분거점역이름":"['잠실', '왕십리']",
            "1시간이내주요거점역":10,
            "1시간거점역이름":"['강남', '역삼', '잠실', '여의도', '을지로입구', '을지로3가', '양재', '왕십리', '홍대입구', '명동']",
            "3km이내백화점수":1,
            "5km이내아울렛몰수":0,
            "1km이내대형먀트수":5,
            "500m이내은행수":1,
            "500m이내병원수":0,
            "5km이내대형병원수":4,
            "500m이내공원수":9,
            "3km이내혐오시설수":0,
            "초등학교학업성취도":90.02,
            "중학교학업성취도":82.9,
            "용적률":299,
            "건폐율":19,
            "Y":37.552813,
            "X":127.145204,
            "rank":8.0,
            "area_info":"21평(69.54), 21평(69.89), 21평(70.36), 25평(83.7), 25평(84.09), 25평(84.1), 25평(84.53), 25평(84.44), 32평(105.93), 32평(105.8), 32평(106.17), 34평(112.44), 34평(113.02), 34평(113.05), 44평(147.37), 44평(147.58), 44평(147.95), 44평(148.39)",
            "last_sales":"2021-12-22,140000.0,25평(84.44)",
            "rank_history":[
                [
                    "202202",
                    8
                ],
                [
                    "202201",
                    8
                ]
            ],
            "rank_gap":0
        },
        {
            "index":720,
            "아파트명":"아스하임9차(도시형)",
            "투자타입":"일반",
            "전용면적(m2)":"15.87",
            "전용면적(평)":"4평",
            "법정동주소":"서울시 강동구 천호동 432-7",
            "도로명주소":"서울시 강동구 올림픽로 663",
            "세대수":0,
            "입주년차":100,
            "용적률점수":"--",
            "건폐율점수":"--",
            "세대당주차수":0,
            "난방방식":30,
            "공급면적":"--",
            "전용률":"--",
            "욕실수":50,
            "현관타입":100,
            "주거총점":38.0,
            "지역구공급총점":0.0,
            "역세권":80,
            "30분내 이동가능 거점":80,
            "1시간내 이동가능 거점":100,
            "교통총점":84.0,
            "백화점":100,
            "아울렛몰":80,
            "대형마트":100,
            "은행":70,
            "병원":0,
            "종합병원":100,
            "공원":100,
            "혐오시설":0,
            "인프라총점":83.0,
            "초등학군":89.98,
            "중학군":41.9,
            "학군총점":51.516,
            "인구수":50.31,
            "인구증감":5.02,
            "인구총점":36.723,
            "일자리":20.37,
            "소득수준":68.8,
            "일자리총점":34.899,
            "가치 총점":69.6274,
            "매매실거래년":20211206.0,
            "매매실거래가":20700.0,
            "전세실거래년":20210618.0,
            "전세실거래가":23000.0,
            "전세가율":99.57,
            "장기전세가율평균":60.27,
            "전세가율거품지수":-39.3,
            "검색코드":141846,
            "세대수":149.0,
            "준공년월":"2021-06-24",
            "준공년차":2.0,
            "가까운역이름":"천호",
            "가까운역거리":269.57,
            "역세권여부":"역세권",
            "30분이내주요거점역":4,
            "30분거점역이름":"['강남', '역삼', '잠실', '왕십리']",
            "1시간이내주요거점역":14,
            "1시간거점역이름":"['강남', '역삼', '잠실', '판교', '여의도', '을지로입구', '을지로3가', '양재', '정자', '왕십리', '홍대입구', '구로디지털단지', '명동', '서현']",
            "3km이내백화점수":1,
            "5km이내아울렛몰수":1,
            "1km이내대형먀트수":3,
            "500m이내은행수":4,
            "500m이내병원수":0,
            "5km이내대형병원수":7,
            "500m이내공원수":2,
            "3km이내혐오시설수":0,
            "초등학교학업성취도":89.98,
            "중학교학업성취도":69.1,
            "용적률":582,
            "건폐율":50,
            "Y":37.540819,
            "X":127.123705,
            "rank":9.0,
            "area_info":"4평(15.87), 5평(18.07), 7평(25.6), 8평(27.8), 11평(37.67)",
            "last_sales":"2021-12-06,20700.0,5평(18.07)",
            "rank_history":[
                [
                    "202202",
                    9
                ],
                [
                    "202201",
                    7
                ]
            ],
            "rank_gap":-2
        },
        {
            "index":485,
            "아파트명":"SK허브진",
            "투자타입":"일반",
            "전용면적(m2)":"40.18",
            "전용면적(평)":"12평",
            "법정동주소":"서울시 강동구 성내동 194",
            "도로명주소":"서울시 강동구 천호대로 1092",
            "세대수":30,
            "입주년차":40,
            "용적률점수":"--",
            "건폐율점수":"--",
            "세대당주차수":0,
            "난방방식":30,
            "공급면적":"--",
            "전용률":"--",
            "욕실수":50,
            "현관타입":50,
            "주거총점":31.5,
            "지역구공급총점":0.0,
            "역세권":100,
            "30분내 이동가능 거점":60,
            "1시간내 이동가능 거점":100,
            "교통총점":88.0,
            "백화점":100,
            "아울렛몰":80,
            "대형마트":100,
            "은행":70,
            "병원":0,
            "종합병원":100,
            "공원":100,
            "혐오시설":0,
            "인프라총점":83.0,
            "초등학군":89.96,
            "중학군":40.86,
            "학군총점":50.68,
            "인구수":50.31,
            "인구증감":5.02,
            "인구총점":36.723,
            "일자리":20.37,
            "소득수준":68.8,
            "일자리총점":34.899,
            "가치 총점":69.602,
            "매매실거래년":20211227.0,
            "매매실거래가":40000.0,
            "전세실거래년":20211124.0,
            "전세실거래가":26250.0,
            "전세가율":65.62,
            "장기전세가율평균":60.27,
            "전세가율거품지수":-5.35,
            "검색코드":10634,
            "세대수":325.0,
            "준공년월":"2004-10-21",
            "준공년차":19.0,
            "가까운역이름":"강동",
            "가까운역거리":64.43,
            "역세권여부":"초역세권",
            "30분이내주요거점역":3,
            "30분거점역이름":"['역삼', '잠실', '왕십리']",
            "1시간이내주요거점역":15,
            "1시간거점역이름":"['강남', '역삼', '잠실', '판교', '여의도', '을지로입구', '을지로3가', '양재', '정자', '가산디지털단지', '왕십리', '홍대입구', '구로디지털단지', '명동', '서현']",
            "3km이내백화점수":1,
            "5km이내아울렛몰수":1,
            "1km이내대형먀트수":4,
            "500m이내은행수":3,
            "500m이내병원수":0,
            "5km이내대형병원수":6,
            "500m이내공원수":2,
            "3km이내혐오시설수":0,
            "초등학교학업성취도":89.96,
            "중학교학업성취도":68.1,
            "용적률":433,
            "건폐율":48,
            "Y":37.535234,
            "X":127.132612,
            "rank":10.0,
            "area_info":"12평(40.18), 13평(44.77), 19평(62.86)",
            "last_sales":"2021-12-27,40000.0,12평(40.18)",
            "rank_history":[
                [
                    "202202",
                    10
                ],
                [
                    "202201",
                    10
                ]
            ],
            "rank_gap":0
        },
        {
            "index":725,
            "아파트명":"암사브라운스톤",
            "투자타입":"일반",
            "전용면적(m2)":"106.94",
            "전용면적(평)":"32평",
            "법정동주소":"서울시 강동구 천호동 288-29",
            "도로명주소":"서울시 강동구 올림픽로92길 61",
            "세대수":0,
            "입주년차":40,
            "용적률점수":"--",
            "건폐율점수":"--",
            "세대당주차수":30,
            "난방방식":30,
            "공급면적":"--",
            "전용률":"--",
            "욕실수":100,
            "현관타입":100,
            "주거총점":35.5,
            "지역구공급총점":0.0,
            "역세권":80,
            "30분내 이동가능 거점":80,
            "1시간내 이동가능 거점":100,
            "교통총점":84.0,
            "백화점":100,
            "아울렛몰":80,
            "대형마트":100,
            "은행":70,
            "병원":0,
            "종합병원":100,
            "공원":100,
            "혐오시설":0,
            "인프라총점":83.0,
            "초등학군":89.98,
            "중학군":41.9,
            "학군총점":51.516,
            "인구수":50.31,
            "인구증감":5.02,
            "인구총점":36.723,
            "일자리":20.37,
            "소득수준":68.8,
            "일자리총점":34.899,
            "가치 총점":69.1274,
            "매매실거래년":20211229.0,
            "매매실거래가":118000.0,
            "전세실거래년":20211120.0,
            "전세실거래가":49000.0,
            "전세가율":41.53,
            "장기전세가율평균":60.27,
            "전세가율거품지수":18.74,
            "검색코드":17530,
            "세대수":125.0,
            "준공년월":"2005-10-28",
            "준공년차":18.0,
            "가까운역이름":"암사",
            "가까운역거리":193.17,
            "역세권여부":"역세권",
            "30분이내주요거점역":4,
            "30분거점역이름":"['강남', '역삼', '잠실', '왕십리']",
            "1시간이내주요거점역":14,
            "1시간거점역이름":"['강남', '역삼', '잠실', '판교', '여의도', '을지로입구', '을지로3가', '양재', '정자', '왕십리', '홍대입구', '구로디지털단지', '명동', '서현']",
            "3km이내백화점수":1,
            "5km이내아울렛몰수":1,
            "1km이내대형먀트수":4,
            "500m이내은행수":3,
            "500m이내병원수":0,
            "5km이내대형병원수":5,
            "500m이내공원수":5,
            "3km이내혐오시설수":0,
            "초등학교학업성취도":89.98,
            "중학교학업성취도":69.1,
            "용적률":199,
            "건폐율":28,
            "Y":37.548821,
            "X":127.128878,
            "rank":11.0,
            "area_info":"32평(106.94)",
            "last_sales":"2021-12-29,118000.0,32평(106.94)",
            "rank_history":[
                [
                    "202202",
                    11
                ],
                [
                    "202201",
                    12
                ]
            ],
            "rank_gap":1
        },
        {
            "index":537,
            "아파트명":"현대(30-2)",
            "투자타입":"재건축",
            "전용면적(m2)":"73.7",
            "전용면적(평)":"22평",
            "법정동주소":"서울시 강동구 성내동 30-2",
            "도로명주소":"서울시 강동구 천호옛12길 27",
            "세대수":0,
            "입주년차":"--",
            "용적률점수":80,
            "건폐율점수":80,
            "세대당주차수":"--",
            "난방방식":"--",
            "공급면적":50,
            "전용률":60,
            "욕실수":"--",
            "현관타입":"--",
            "주거총점":53.5,
            "지역구공급총점":0.0,
            "역세권":80,
            "30분내 이동가능 거점":60,
            "1시간내 이동가능 거점":100,
            "교통총점":78.0,
            "백화점":100,
            "아울렛몰":80,
            "대형마트":100,
            "은행":20,
            "병원":0,
            "종합병원":100,
            "공원":0,
            "혐오시설":0,
            "인프라총점":75.0,
            "초등학군":89.98,
            "중학군":48.0,
            "학군총점":56.396,
            "인구수":50.31,
            "인구증감":5.02,
            "인구총점":36.723,
            "일자리":20.37,
            "소득수준":68.8,
            "일자리총점":34.899,
            "가치 총점":68.9594,
            "매매실거래년":20210409.0,
            "매매실거래가":80000.0,
            "전세실거래년":20211126.0,
            "전세실거래가":30450.0,
            "전세가율":44.13,
            "장기전세가율평균":60.27,
            "전세가율거품지수":16.14,
            "검색코드":1326,
            "세대수":277.0,
            "준공년월":"1987-12-12",
            "준공년차":36.0,
            "가까운역이름":"천호",
            "가까운역거리":410.57,
            "역세권여부":"역세권",
            "30분이내주요거점역":3,
            "30분거점역이름":"['역삼', '잠실', '왕십리']",
            "1시간이내주요거점역":14,
            "1시간거점역이름":"['강남', '역삼', '잠실', '판교', '여의도', '을지로입구', '을지로3가', '양재', '정자', '왕십리', '홍대입구', '구로디지털단지', '명동', '서현']",
            "3km이내백화점수":1,
            "5km이내아울렛몰수":1,
            "1km이내대형먀트수":3,
            "500m이내은행수":2,
            "500m이내병원수":0,
            "5km이내대형병원수":7,
            "500m이내공원수":0,
            "3km이내혐오시설수":0,
            "초등학교학업성취도":89.98,
            "중학교학업성취도":79.6,
            "용적률":211,
            "건폐율":21,
            "Y":37.535422,
            "X":127.12633,
            "rank":12.0,
            "area_info":"22평(73.7), 24평(80.88), 33평(110.17), 33평(110.24)",
            "last_sales":"2021-04-09,80000.0,33평(110.24)",
            "rank_history":[
                [
                    "202202",
                    12
                ],
                [
                    "202201",
                    11
                ]
            ],
            "rank_gap":-1
        },
        {
            "index":372,
            "아파트명":"신동아",
            "투자타입":"재건축",
            "전용면적(m2)":"97.69",
            "전용면적(평)":"29평",
            "법정동주소":"서울시 강동구 명일동 44",
            "도로명주소":"서울시 강동구 고덕로 240",
            "세대수":50,
            "입주년차":"--",
            "용적률점수":80,
            "건폐율점수":100,
            "세대당주차수":"--",
            "난방방식":"--",
            "공급면적":70,
            "전용률":80,
            "욕실수":"--",
            "현관타입":"--",
            "주거총점":74.5,
            "지역구공급총점":0.0,
            "역세권":80,
            "30분내 이동가능 거점":20,
            "1시간내 이동가능 거점":90,
            "교통총점":64.0,
            "백화점":100,
            "아울렛몰":0,
            "대형마트":100,
            "은행":100,
            "병원":0,
            "종합병원":100,
            "공원":100,
            "혐오시설":0,
            "인프라총점":78.0,
            "초등학군":90.02,
            "중학군":45.76,
            "학군총점":54.612,
            "인구수":50.31,
            "인구증감":5.02,
            "인구총점":36.723,
            "일자리":20.37,
            "소득수준":68.8,
            "일자리총점":34.899,
            "가치 총점":68.8918,
            "매매실거래년":20211228.0,
            "매매실거래가":185800.0,
            "전세실거래년":20211118.0,
            "전세실거래가":44100.0,
            "전세가율":28.54,
            "장기전세가율평균":60.27,
            "전세가율거품지수":31.73,
            "검색코드":1312,
            "세대수":570.0,
            "준공년월":"1986-02-08",
            "준공년차":37.0,
            "가까운역이름":"고덕",
            "가까운역거리":220.72,
            "역세권여부":"역세권",
            "30분이내주요거점역":1,
            "30분거점역이름":"['잠실']",
            "1시간이내주요거점역":9,
            "1시간거점역이름":"['강남', '역삼', '잠실', '여의도', '을지로입구', '을지로3가', '양재', '왕십리', '명동']",
            "3km이내백화점수":1,
            "5km이내아울렛몰수":0,
            "1km이내대형먀트수":2,
            "500m이내은행수":5,
            "500m이내병원수":0,
            "5km이내대형병원수":4,
            "500m이내공원수":4,
            "3km이내혐오시설수":0,
            "초등학교학업성취도":90.02,
            "중학교학업성취도":75.8,
            "용적률":179,
            "건폐율":14,
            "Y":37.554205,
            "X":127.151859,
            "rank":13.0,
            "area_info":"29평(97.69), 39평(131.03), 44평(146.39)",
            "last_sales":"2021-12-28,185800.0,44평(146.39)",
            "rank_history":[
                [
                    "202202",
                    13
                ],
                [
                    "202201",
                    13
                ]
            ],
            "rank_gap":0
        },
        {
            "index":207,
            "아파트명":"우성(332)",
            "투자타입":"재건축",
            "전용면적(m2)":"91.39",
            "전용면적(평)":"27평",
            "법정동주소":"서울시 강동구 길동 332",
            "도로명주소":"서울시 강동구 천중로49길 58",
            "세대수":0,
            "입주년차":"--",
            "용적률점수":80,
            "건폐율점수":80,
            "세대당주차수":"--",
            "난방방식":"--",
            "공급면적":70,
            "전용률":80,
            "욕실수":"--",
            "현관타입":"--",
            "주거총점":55.5,
            "지역구공급총점":0.0,
            "역세권":80,
            "30분내 이동가능 거점":40,
            "1시간내 이동가능 거점":100,
            "교통총점":72.0,
            "백화점":100,
            "아울렛몰":80,
            "대형마트":100,
            "은행":70,
            "병원":0,
            "종합병원":100,
            "공원":100,
            "혐오시설":0,
            "인프라총점":83.0,
            "초등학군":90.01,
            "중학군":39.9,
            "학군총점":49.922,
            "인구수":50.31,
            "인구증감":5.02,
            "인구총점":36.723,
            "일자리":20.37,
            "소득수준":68.8,
            "일자리총점":34.899,
            "가치 총점":68.6883,
            "매매실거래년":20200803.0,
            "매매실거래가":72000.0,
            "전세실거래년":20220108.0,
            "전세실거래가":37000.0,
            "전세가율":52.86,
            "장기전세가율평균":60.27,
            "전세가율거품지수":7.41,
            "검색코드":1293,
            "세대수":162.0,
            "준공년월":"1989-10-06",
            "준공년차":34.0,
            "가까운역이름":"굽은다리",
            "가까운역거리":247.36,
            "역세권여부":"역세권",
            "30분이내주요거점역":2,
            "30분거점역이름":"['잠실', '왕십리']",
            "1시간이내주요거점역":11,
            "1시간거점역이름":"['강남', '역삼', '잠실', '여의도', '을지로입구', '을지로3가', '양재', '왕십리', '홍대입구', '명동', '서현']",
            "3km이내백화점수":1,
            "5km이내아울렛몰수":1,
            "1km이내대형먀트수":3,
            "500m이내은행수":3,
            "500m이내병원수":0,
            "5km이내대형병원수":4,
            "500m이내공원수":2,
            "3km이내혐오시설수":0,
            "초등학교학업성취도":90.01,
            "중학교학업성취도":65.7,
            "용적률":212,
            "건폐율":24,
            "Y":37.543444,
            "X":127.143992,
            "rank":14.0,
            "area_info":"27평(91.39), 30평(101.46)",
            "last_sales":"2020-08-03,72000.0,30평(101.46)",
            "rank_history":[
                [
                    "202202",
                    14
                ],
                [
                    "202201",
                    9
                ]
            ],
            "rank_gap":-5
        },
        {
            "index":357,
            "아파트명":"삼익그린맨션2차",
            "투자타입":"재건축",
            "전용면적(m2)":"59.93",
            "전용면적(평)":"18평",
            "법정동주소":"서울시 강동구 명일동 15",
            "도로명주소":"서울시 강동구 고덕로 210",
            "세대수":100,
            "입주년차":"--",
            "용적률점수":80,
            "건폐율점수":100,
            "세대당주차수":"--",
            "난방방식":"--",
            "공급면적":50,
            "전용률":60,
            "욕실수":"--",
            "현관타입":"--",
            "주거총점":87.5,
            "지역구공급총점":0.0,
            "역세권":80,
            "30분내 이동가능 거점":0,
            "1시간내 이동가능 거점":90,
            "교통총점":58.0,
            "백화점":100,
            "아울렛몰":0,
            "대형마트":100,
            "은행":70,
            "병원":0,
            "종합병원":100,
            "공원":100,
            "혐오시설":0,
            "인프라총점":75.0,
            "초등학군":90.02,
            "중학군":45.76,
            "학군총점":54.612,
            "인구수":50.31,
            "인구증감":5.02,
            "인구총점":36.723,
            "일자리":20.37,
            "소득수준":68.8,
            "일자리총점":34.899,
            "가치 총점":68.4918,
            "매매실거래년":20211117.0,
            "매매실거래가":190000.0,
            "전세실거래년":20220110.0,
            "전세실거래가":23100.0,
            "전세가율":21.0,
            "장기전세가율평균":60.27,
            "전세가율거품지수":39.27,
            "검색코드":1308,
            "세대수":2400.0,
            "준공년월":"1983-12-17",
            "준공년차":40.0,
            "가까운역이름":"명일",
            "가까운역거리":448.08,
            "역세권여부":"역세권",
            "30분이내주요거점역":0,
            "30분거점역이름":"[]",
            "1시간이내주요거점역":9,
            "1시간거점역이름":"['강남', '역삼', '잠실', '여의도', '을지로입구', '을지로3가', '양재', '왕십리', '명동']",
            "3km이내백화점수":1,
            "5km이내아울렛몰수":0,
            "1km이내대형먀트수":3,
            "500m이내은행수":3,
            "500m이내병원수":0,
            "5km이내대형병원수":4,
            "500m이내공원수":7,
            "3km이내혐오시설수":0,
            "초등학교학업성취도":90.02,
            "중학교학업성취도":75.8,
            "용적률":171,
            "건폐율":14,
            "Y":37.552103,
            "X":127.148997,
            "rank":15.0,
            "area_info":"18평(59.93), 23평(76.44), 27평(90.04), 30평(99.35), 37평(123.95), 37평(125.37), 44평(148.19)",
            "last_sales":"2021-11-17,190000.0,37평(125.37)",
            "rank_history":[
                [
                    "202202",
                    15
                ],
                [
                    "202201",
                    14
                ]
            ],
            "rank_gap":-1
        },
        {
            "index":618,
            "아파트명":"프라이어팰리스",
            "투자타입":"일반",
            "전용면적(m2)":"79.65",
            "전용면적(평)":"24평",
            "법정동주소":"서울시 강동구 암사동 413",
            "도로명주소":"서울시 강동구 고덕로 130",
            "세대수":100,
            "입주년차":40,
            "용적률점수":"--",
            "건폐율점수":"--",
            "세대당주차수":60,
            "난방방식":30,
            "공급면적":"--",
            "전용률":"--",
            "욕실수":100,
            "현관타입":100,
            "주거총점":75.0,
            "지역구공급총점":0.0,
            "역세권":80,
            "30분내 이동가능 거점":20,
            "1시간내 이동가능 거점":100,
            "교통총점":66.0,
            "백화점":100,
            "아울렛몰":0,
            "대형마트":100,
            "은행":20,
            "병원":0,
            "종합병원":100,
            "공원":100,
            "혐오시설":0,
            "인프라총점":70.0,
            "초등학군":90.0,
            "중학군":53.36,
            "학군총점":60.688,
            "인구수":50.31,
            "인구증감":5.02,
            "인구총점":36.723,
            "일자리":20.37,
            "소득수준":68.8,
            "일자리총점":34.899,
            "가치 총점":68.2032,
            "매매실거래년":20211220.0,
            "매매실거래가":136000.0,
            "전세실거래년":20220115.0,
            "전세실거래가":59000.0,
            "전세가율":50.0,
            "장기전세가율평균":60.27,
            "전세가율거품지수":10.27,
            "검색코드":19578,
            "세대수":1622.0,
            "준공년월":"2007-07-09",
            "준공년차":16.0,
            "가까운역이름":"명일",
            "가까운역거리":445.67,
            "역세권여부":"역세권",
            "30분이내주요거점역":1,
            "30분거점역이름":"['잠실']",
            "1시간이내주요거점역":10,
            "1시간거점역이름":"['강남', '역삼', '잠실', '여의도', '을지로입구', '을지로3가', '양재', '왕십리', '명동', '서현']",
            "3km이내백화점수":1,
            "5km이내아울렛몰수":0,
            "1km이내대형먀트수":3,
            "500m이내은행수":2,
            "500m이내병원수":0,
            "5km이내대형병원수":4,
            "500m이내공원수":9,
            "3km이내혐오시설수":0,
            "초등학교학업성취도":90.0,
            "중학교학업성취도":86.4,
            "용적률":277,
            "건폐율":15,
            "Y":37.553577,
            "X":127.139779,
            "rank":16.0,
            "area_info":"24평(79.65), 33평(109.51), 33평(110.42), 33평(112.07), 43평(142.75)",
            "last_sales":"2021-12-20,136000.0,33평(112.07)",
            "rank_history":[
                [
                    "202202",
                    16
                ],
                [
                    "202201",
                    17
                ]
            ],
            "rank_gap":1
        },
        {
            "index":375,
            "아파트명":"우성(42)",
            "투자타입":"재건축",
            "전용면적(m2)":"103.8",
            "전용면적(평)":"31평",
            "법정동주소":"서울시 강동구 명일동 42",
            "도로명주소":"서울시 강동구 고덕로62길 76",
            "세대수":50,
            "입주년차":"--",
            "용적률점수":80,
            "건폐율점수":100,
            "세대당주차수":"--",
            "난방방식":"--",
            "공급면적":90,
            "전용률":80,
            "욕실수":"--",
            "현관타입":"--",
            "주거총점":75.5,
            "지역구공급총점":0.0,
            "역세권":80,
            "30분내 이동가능 거점":0,
            "1시간내 이동가능 거점":90,
            "교통총점":58.0,
            "백화점":100,
            "아울렛몰":0,
            "대형마트":100,
            "은행":100,
            "병원":0,
            "종합병원":100,
            "공원":100,
            "혐오시설":0,
            "인프라총점":78.0,
            "초등학군":90.02,
            "중학군":54.16,
            "학군총점":61.332,
            "인구수":50.31,
            "인구증감":5.02,
            "인구총점":36.723,
            "일자리":20.37,
            "소득수준":68.8,
            "일자리총점":34.899,
            "가치 총점":67.9998,
            "매매실거래년":20210811.0,
            "매매실거래가":178000.0,
            "전세실거래년":20220122.0,
            "전세실거래가":52500.0,
            "전세가율":33.87,
            "장기전세가율평균":60.27,
            "전세가율거품지수":26.4,
            "검색코드":1313,
            "세대수":572.0,
            "준공년월":"1986-05-23",
            "준공년차":37.0,
            "가까운역이름":"고덕",
            "가까운역거리":482.62,
            "역세권여부":"역세권",
            "30분이내주요거점역":0,
            "30분거점역이름":"[]",
            "1시간이내주요거점역":9,
            "1시간거점역이름":"['강남', '역삼', '잠실', '여의도', '을지로입구', '을지로3가', '양재', '왕십리', '명동']",
            "3km이내백화점수":1,
            "5km이내아울렛몰수":0,
            "1km이내대형먀트수":2,
            "500m이내은행수":6,
            "500m이내병원수":0,
            "5km이내대형병원수":4,
            "500m이내공원수":4,
            "3km이내혐오시설수":0,
            "초등학교학업성취도":90.02,
            "중학교학업성취도":87.4,
            "용적률":182,
            "건폐율":17,
            "Y":37.550955,
            "X":127.152179,
            "rank":17.0,
            "area_info":"31평(103.8), 46평(153.78)",
            "last_sales":"2021-08-11,178000.0,46평(153.78)",
            "rank_history":[
                [
                    "202202",
                    17
                ],
                [
                    "202201",
                    18
                ]
            ],
            "rank_gap":1
        },
        {
            "index":171,
            "아파트명":"삼익파크맨숀",
            "투자타입":"재건축",
            "전용면적(m2)":"59.73",
            "전용면적(평)":"18평",
            "법정동주소":"서울시 강동구 길동 54",
            "도로명주소":"서울시 강동구 명일로 293",
            "세대수":90,
            "입주년차":"--",
            "용적률점수":80,
            "건폐율점수":0,
            "세대당주차수":"--",
            "난방방식":"--",
            "공급면적":50,
            "전용률":100,
            "욕실수":"--",
            "현관타입":"--",
            "주거총점":66.5,
            "지역구공급총점":0.0,
            "역세권":80,
            "30분내 이동가능 거점":40,
            "1시간내 이동가능 거점":90,
            "교통총점":70.0,
            "백화점":100,
            "아울렛몰":0,
            "대형마트":80,
            "은행":70,
            "병원":0,
            "종합병원":100,
            "공원":100,
            "혐오시설":0,
            "인프라총점":72.0,
            "초등학군":89.99,
            "중학군":48.76,
            "학군총점":57.006,
            "인구수":50.31,
            "인구증감":5.02,
            "인구총점":36.723,
            "일자리":20.37,
            "소득수준":68.8,
            "일자리총점":34.899,
            "가치 총점":67.9509,
            "매매실거래년":20210326.0,
            "매매실거래가":129000.0,
            "전세실거래년":20210805.0,
            "전세실거래가":30000.0,
            "전세가율":38.46,
            "장기전세가율평균":60.27,
            "전세가율거품지수":21.81,
            "검색코드":1283,
            "세대수":1092.0,
            "준공년월":"1982-09-04",
            "준공년차":41.0,
            "가까운역이름":"굽은다리",
            "가까운역거리":430.56,
            "역세권여부":"역세권",
            "30분이내주요거점역":2,
            "30분거점역이름":"['잠실', '왕십리']",
            "1시간이내주요거점역":9,
            "1시간거점역이름":"['강남', '역삼', '잠실', '여의도', '을지로입구', '을지로3가', '양재', '왕십리', '명동']",
            "3km이내백화점수":1,
            "5km이내아울렛몰수":0,
            "1km이내대형먀트수":1,
            "500m이내은행수":3,
            "500m이내병원수":0,
            "5km이내대형병원수":4,
            "500m이내공원수":2,
            "3km이내혐오시설수":0,
            "초등학교학업성취도":89.99,
            "중학교학업성취도":80.0,
            "용적률":188,
            "건폐율":0,
            "Y":37.54483,
            "X":127.147668,
            "rank":18.0,
            "area_info":"18평(59.73), 18평(60.24), 18평(60.23), 18평(60.56), 18평(61.16), 18평(61.17), 19평(63.35), 21평(69.93), 21평(70.25), 21평(70.37), 21평(71.04), 23평(77.52), 23평(78.18), 23평(78.58), 24평(79.37), 25평(85.0), 31평(103.57), 31평(103.66), 31평(103.6), 31평(104.29), 31평(104.28), 31평(105.06), 32평(105.88), 32평(105.89), 32평(107.73), 42평(141.25), 42평(141.31), 43평(142.31), 43평(142.31), 44평(148.58), 48평(159.06), 49평(163.64), 49평(163.6), 49평(164.76), 49평(164.76), 50평(166.93)",
            "last_sales":"2021-03-26,129000.0,42평(141.25)",
            "rank_history":[
                [
                    "202202",
                    18
                ],
                [
                    "202201",
                    19
                ]
            ],
            "rank_gap":1
        },
        {
            "index":156,
            "아파트명":"길동우성",
            "투자타입":"일반",
            "전용면적(m2)":"54.87",
            "전용면적(평)":"16평",
            "법정동주소":"서울시 강동구 길동 400",
            "도로명주소":"서울시 강동구 천호대로193길 37",
            "세대수":80,
            "입주년차":0,
            "용적률점수":"--",
            "건폐율점수":"--",
            "세대당주차수":0,
            "난방방식":30,
            "공급면적":"--",
            "전용률":"--",
            "욕실수":50,
            "현관타입":100,
            "주거총점":46.0,
            "지역구공급총점":0.0,
            "역세권":80,
            "30분내 이동가능 거점":40,
            "1시간내 이동가능 거점":100,
            "교통총점":72.0,
            "백화점":100,
            "아울렛몰":80,
            "대형마트":80,
            "은행":100,
            "병원":0,
            "종합병원":100,
            "공원":100,
            "혐오시설":0,
            "인프라총점":83.0,
            "초등학군":90.01,
            "중학군":48.76,
            "학군총점":57.01,
            "인구수":50.31,
            "인구증감":5.02,
            "인구총점":36.723,
            "일자리":20.37,
            "소득수준":68.8,
            "일자리총점":34.899,
            "가치 총점":67.8515,
            "매매실거래년":20211221.0,
            "매매실거래가":117000.0,
            "전세실거래년":20211127.0,
            "전세실거래가":33000.0,
            "전세가율":52.8,
            "장기전세가율평균":60.27,
            "전세가율거품지수":7.47,
            "검색코드":1290,
            "세대수":811.0,
            "준공년월":"1994-10-29",
            "준공년차":29.0,
            "가까운역이름":"길동",
            "가까운역거리":337.5,
            "역세권여부":"역세권",
            "30분이내주요거점역":2,
            "30분거점역이름":"['잠실', '왕십리']",
            "1시간이내주요거점역":10,
            "1시간거점역이름":"['강남', '역삼', '잠실', '여의도', '을지로입구', '을지로3가', '왕십리', '홍대입구', '명동', '서현']",
            "3km이내백화점수":1,
            "5km이내아울렛몰수":1,
            "1km이내대형먀트수":1,
            "500m이내은행수":10,
            "500m이내병원수":0,
            "5km이내대형병원수":5,
            "500m이내공원수":2,
            "3km이내혐오시설수":0,
            "초등학교학업성취도":90.01,
            "중학교학업성취도":80.0,
            "용적률":308,
            "건폐율":24,
            "Y":37.537054,
            "X":127.143714,
            "rank":19.0,
            "area_info":"16평(54.87), 23평(76.88), 31평(105.15), 32평(108.45)",
            "last_sales":"2021-12-21,117000.0,32평(108.45)",
            "rank_history":[
                [
                    "202202",
                    19
                ],
                [
                    "202201",
                    16
                ]
            ],
            "rank_gap":-3
        },
        {
            "index":730,
            "아파트명":"엘림스퀘어II(도시형)",
            "투자타입":"일반",
            "전용면적(m2)":"22.85",
            "전용면적(평)":"6평",
            "법정동주소":"서울시 강동구 천호동 416-12",
            "도로명주소":"서울시 강동구 구천면로24길 9",
            "세대수":0,
            "입주년차":100,
            "용적률점수":"--",
            "건폐율점수":"--",
            "세대당주차수":0,
            "난방방식":30,
            "공급면적":"--",
            "전용률":"--",
            "욕실수":50,
            "현관타입":10,
            "주거총점":29.0,
            "지역구공급총점":0.0,
            "역세권":80,
            "30분내 이동가능 거점":80,
            "1시간내 이동가능 거점":100,
            "교통총점":84.0,
            "백화점":100,
            "아울렛몰":80,
            "대형마트":100,
            "은행":70,
            "병원":0,
            "종합병원":100,
            "공원":100,
            "혐오시설":0,
            "인프라총점":83.0,
            "초등학군":89.98,
            "중학군":41.9,
            "학군총점":51.516,
            "인구수":50.31,
            "인구증감":5.02,
            "인구총점":36.723,
            "일자리":20.37,
            "소득수준":68.8,
            "일자리총점":34.899,
            "가치 총점":67.8274,
            "매매실거래년":"18000101",
            "매매실거래가":null,
            "전세실거래년":null,
            "전세실거래가":null,
            "전세가율":null,
            "장기전세가율평균":60.27,
            "전세가율거품지수":null,
            "검색코드":119732,
            "세대수":143.0,
            "준공년월":"2019-04-18",
            "준공년차":4.0,
            "가까운역이름":"천호",
            "가까운역거리":320.06,
            "역세권여부":"역세권",
            "30분이내주요거점역":4,
            "30분거점역이름":"['강남', '역삼', '잠실', '왕십리']",
            "1시간이내주요거점역":14,
            "1시간거점역이름":"['강남', '역삼', '잠실', '판교', '여의도', '을지로입구', '을지로3가', '양재', '정자', '왕십리', '홍대입구', '구로디지털단지', '명동', '서현']",
            "3km이내백화점수":1,
            "5km이내아울렛몰수":1,
            "1km이내대형먀트수":3,
            "500m이내은행수":4,
            "500m이내병원수":0,
            "5km이내대형병원수":7,
            "500m이내공원수":4,
            "3km이내혐오시설수":0,
            "초등학교학업성취도":89.98,
            "중학교학업성취도":69.1,
            "용적률":539,
            "건폐율":59,
            "Y":37.540304,
            "X":127.126291,
            "rank":20.0,
            "area_info":"6평(22.85), 6평(23.06), 8평(26.9), 7평(26.14), 8평(27.96)",
            "last_sales":"1800-01-01,nan,6평(22.85)",
            "rank_history":[
                [
                    "202202",
                    20
                ],
                [
                    "202201",
                    15
                ]
            ],
            "rank_gap":-5
        },
        {
            "index":523,
            "아파트명":"성안마을청구",
            "투자타입":"일반",
            "전용면적(m2)":"52.83",
            "전용면적(평)":"15평",
            "법정동주소":"서울시 강동구 성내동 295",
            "도로명주소":"서울시 강동구 풍성로 114-1",
            "세대수":30,
            "입주년차":20,
            "용적률점수":"--",
            "건폐율점수":"--",
            "세대당주차수":0,
            "난방방식":30,
            "공급면적":"--",
            "전용률":"--",
            "욕실수":50,
            "현관타입":10,
            "주거총점":23.5,
            "지역구공급총점":0.0,
            "역세권":80,
            "30분내 이동가능 거점":80,
            "1시간내 이동가능 거점":100,
            "교통총점":84.0,
            "백화점":100,
            "아울렛몰":80,
            "대형마트":100,
            "은행":70,
            "병원":0,
            "종합병원":100,
            "공원":100,
            "혐오시설":0,
            "인프라총점":83.0,
            "초등학군":89.98,
            "중학군":48.0,
            "학군총점":56.396,
            "인구수":50.31,
            "인구증감":5.02,
            "인구총점":36.723,
            "일자리":20.37,
            "소득수준":68.8,
            "일자리총점":34.899,
            "가치 총점":67.4594,
            "매매실거래년":20211103.0,
            "매매실거래가":118000.0,
            "전세실거래년":20211213.0,
            "전세실거래가":40000.0,
            "전세가율":60.15,
            "장기전세가율평균":60.27,
            "전세가율거품지수":0.12,
            "검색코드":989,
            "세대수":349.0,
            "준공년월":"2002-07-25",
            "준공년차":21.0,
            "가까운역이름":"강동구청",
            "가까운역거리":388.82,
            "역세권여부":"역세권",
            "30분이내주요거점역":4,
            "30분거점역이름":"['강남', '역삼', '잠실', '왕십리']",
            "1시간이내주요거점역":14,
            "1시간거점역이름":"['강남', '역삼', '잠실', '판교', '여의도', '을지로입구', '을지로3가', '양재', '정자', '왕십리', '홍대입구', '구로디지털단지', '명동', '서현']",
            "3km이내백화점수":2,
            "5km이내아울렛몰수":1,
            "1km이내대형먀트수":2,
            "500m이내은행수":3,
            "500m이내병원수":0,
            "5km이내대형병원수":7,
            "500m이내공원수":2,
            "3km이내혐오시설수":0,
            "초등학교학업성취도":89.98,
            "중학교학업성취도":79.6,
            "용적률":372,
            "건폐율":27,
            "Y":37.531965,
            "X":127.124413,
            "rank":21.0,
            "area_info":"15평(52.83), 25평(83.76), 32평(108.1)",
            "last_sales":"2021-11-03,118000.0,32평(108.1)",
            "rank_history":[
                [
                    "202202",
                    21
                ],
                [
                    "202201",
                    25
                ]
            ],
            "rank_gap":4
        },
        {
            "index":699,
            "아파트명":"미사아름채(도시형)",
            "투자타입":"일반",
            "전용면적(m2)":"21.01",
            "전용면적(평)":"6평",
            "법정동주소":"서울시 강동구 천호동 452-15",
            "도로명주소":"서울시 강동구 천호대로159길 22-24",
            "세대수":0,
            "입주년차":100,
            "용적률점수":"--",
            "건폐율점수":"--",
            "세대당주차수":0,
            "난방방식":30,
            "공급면적":"--",
            "전용률":"--",
            "욕실수":50,
            "현관타입":100,
            "주거총점":38.0,
            "지역구공급총점":0.0,
            "역세권":80,
            "30분내 이동가능 거점":60,
            "1시간내 이동가능 거점":100,
            "교통총점":78.0,
            "백화점":100,
            "아울렛몰":80,
            "대형마트":100,
            "은행":70,
            "병원":0,
            "종합병원":100,
            "공원":100,
            "혐오시설":0,
            "인프라총점":83.0,
            "초등학군":90.01,
            "중학군":40.86,
            "학군총점":50.69,
            "인구수":50.31,
            "인구증감":5.02,
            "인구총점":36.723,
            "일자리":20.37,
            "소득수준":68.8,
            "일자리총점":34.899,
            "가치 총점":67.4035,
            "매매실거래년":"18000101",
            "매매실거래가":null,
            "전세실거래년":null,
            "전세실거래가":null,
            "전세가율":null,
            "장기전세가율평균":60.27,
            "전세가율거품지수":null,
            "검색코드":133403,
            "세대수":130.0,
            "준공년월":"2020-02-18",
            "준공년차":3.0,
            "가까운역이름":"천호",
            "가까운역거리":412.34,
            "역세권여부":"역세권",
            "30분이내주요거점역":3,
            "30분거점역이름":"['역삼', '잠실', '왕십리']",
            "1시간이내주요거점역":14,
            "1시간거점역이름":"['강남', '역삼', '잠실', '판교', '여의도', '을지로입구', '을지로3가', '양재', '정자', '왕십리', '홍대입구', '구로디지털단지', '명동', '서현']",
            "3km이내백화점수":1,
            "5km이내아울렛몰수":1,
            "1km이내대형먀트수":3,
            "500m이내은행수":4,
            "500m이내병원수":0,
            "5km이내대형병원수":7,
            "500m이내공원수":3,
            "3km이내혐오시설수":0,
            "초등학교학업성취도":90.01,
            "중학교학업성취도":68.1,
            "용적률":553,
            "건폐율":59,
            "Y":37.5383,
            "X":127.128247,
            "rank":22.0,
            "area_info":"6평(21.01), 6평(21.77), 6평(22.49), 6평(22.25), 6평(22.76), 6평(23.07)",
            "last_sales":"1800-01-01,nan,6평(21.01)",
            "rank_history":[
                [
                    "202202",
                    22
                ],
                [
                    "202201",
                    20
                ]
            ],
            "rank_gap":-2
        },
        {
            "index":726,
            "아파트명":"어바니엘(도시형)",
            "투자타입":"일반",
            "전용면적(m2)":"19.31",
            "전용면적(평)":"5평",
            "법정동주소":"서울시 강동구 천호동 452-22",
            "도로명주소":"서울시 강동구 천호대로161길 21",
            "세대수":0,
            "입주년차":100,
            "용적률점수":"--",
            "건폐율점수":"--",
            "세대당주차수":0,
            "난방방식":30,
            "공급면적":"--",
            "전용률":"--",
            "욕실수":50,
            "현관타입":100,
            "주거총점":38.0,
            "지역구공급총점":0.0,
            "역세권":80,
            "30분내 이동가능 거점":60,
            "1시간내 이동가능 거점":100,
            "교통총점":78.0,
            "백화점":100,
            "아울렛몰":80,
            "대형마트":100,
            "은행":70,
            "병원":0,
            "종합병원":100,
            "공원":100,
            "혐오시설":0,
            "인프라총점":83.0,
            "초등학군":90.01,
            "중학군":40.86,
            "학군총점":50.69,
            "인구수":50.31,
            "인구증감":5.02,
            "인구총점":36.723,
            "일자리":20.37,
            "소득수준":68.8,
            "일자리총점":34.899,
            "가치 총점":67.4035,
            "매매실거래년":"18000101",
            "매매실거래가":null,
            "전세실거래년":null,
            "전세실거래가":null,
            "전세가율":null,
            "장기전세가율평균":60.27,
            "전세가율거품지수":null,
            "검색코드":128872,
            "세대수":182.0,
            "준공년월":"2019-10-31",
            "준공년차":4.0,
            "가까운역이름":"강동",
            "가까운역거리":408.95,
            "역세권여부":"역세권",
            "30분이내주요거점역":3,
            "30분거점역이름":"['역삼', '잠실', '왕십리']",
            "1시간이내주요거점역":14,
            "1시간거점역이름":"['강남', '역삼', '잠실', '판교', '여의도', '을지로입구', '을지로3가', '양재', '정자', '왕십리', '홍대입구', '구로디지털단지', '명동', '서현']",
            "3km이내백화점수":1,
            "5km이내아울렛몰수":1,
            "1km이내대형먀트수":3,
            "500m이내은행수":3,
            "500m이내병원수":0,
            "5km이내대형병원수":6,
            "500m이내공원수":2,
            "3km이내혐오시설수":0,
            "초등학교학업성취도":90.01,
            "중학교학업성취도":68.1,
            "용적률":599,
            "건폐율":59,
            "Y":37.538117,
            "X":127.128875,
            "rank":22.0,
            "area_info":"5평(19.31), 6평(21.86), 6평(22.12), 6평(22.56)",
            "last_sales":"1800-01-01,nan,5평(19.31)",
            "rank_history":[
                [
                    "202202",
                    22
                ],
                [
                    "202201",
                    20
                ]
            ],
            "rank_gap":-2
        },
        {
            "index":689,
            "아파트명":"두산위브센티움",
            "투자타입":"일반",
            "전용면적(m2)":"40.92",
            "전용면적(평)":"12평",
            "법정동주소":"서울시 강동구 천호동 414",
            "도로명주소":"서울시 강동구 올림픽로70길 61",
            "세대수":0,
            "입주년차":40,
            "용적률점수":"--",
            "건폐율점수":"--",
            "세대당주차수":60,
            "난방방식":30,
            "공급면적":"--",
            "전용률":"--",
            "욕실수":50,
            "현관타입":10,
            "주거총점":26.0,
            "지역구공급총점":0.0,
            "역세권":80,
            "30분내 이동가능 거점":80,
            "1시간내 이동가능 거점":100,
            "교통총점":84.0,
            "백화점":100,
            "아울렛몰":80,
            "대형마트":100,
            "은행":70,
            "병원":0,
            "종합병원":100,
            "공원":100,
            "혐오시설":0,
            "인프라총점":83.0,
            "초등학군":90.01,
            "중학군":40.86,
            "학군총점":50.69,
            "인구수":50.31,
            "인구증감":5.02,
            "인구총점":36.723,
            "일자리":20.37,
            "소득수준":68.8,
            "일자리총점":34.899,
            "가치 총점":67.1035,
            "매매실거래년":20220125.0,
            "매매실거래가":15000.0,
            "전세실거래년":20220113.0,
            "전세실거래가":15500.0,
            "전세가율":100.0,
            "장기전세가율평균":60.27,
            "전세가율거품지수":-39.73,
            "검색코드":14366,
            "세대수":156.0,
            "준공년월":"2004-09-06",
            "준공년차":19.0,
            "가까운역이름":"천호",
            "가까운역거리":314.24,
            "역세권여부":"역세권",
            "30분이내주요거점역":4,
            "30분거점역이름":"['강남', '역삼', '잠실', '왕십리']",
            "1시간이내주요거점역":14,
            "1시간거점역이름":"['강남', '역삼', '잠실', '판교', '여의도', '을지로입구', '을지로3가', '양재', '정자', '왕십리', '홍대입구', '구로디지털단지', '명동', '서현']",
            "3km이내백화점수":1,
            "5km이내아울렛몰수":1,
            "1km이내대형먀트수":3,
            "500m이내은행수":4,
            "500m이내병원수":0,
            "5km이내대형병원수":7,
            "500m이내공원수":2,
            "3km이내혐오시설수":0,
            "초등학교학업성취도":90.01,
            "중학교학업성취도":68.1,
            "용적률":846,
            "건폐율":45,
            "Y":37.539346,
            "X":127.126929,
            "rank":23.0,
            "area_info":"12평(40.92), 12평(41.7), 12평(41.28), 13평(44.1), 15평(51.09), 22평(72.81)",
            "last_sales":"2022-01-25,15000.0,12평(41.7)",
            "rank_history":[
                [
                    "202202",
                    23
                ],
                [
                    "202201",
                    21
                ]
            ],
            "rank_gap":-2
        },
        {
            "index":631,
            "아파트명":"한솔솔파크더리버",
            "투자타입":"일반",
            "전용면적(m2)":"105.82",
            "전용면적(평)":"32평",
            "법정동주소":"서울시 강동구 암사동 518",
            "도로명주소":"서울시 강동구 선사로 120",
            "세대수":0,
            "입주년차":60,
            "용적률점수":"--",
            "건폐율점수":"--",
            "세대당주차수":30,
            "난방방식":30,
            "공급면적":"--",
            "전용률":"--",
            "욕실수":100,
            "현관타입":100,
            "주거총점":39.5,
            "지역구공급총점":0.0,
            "역세권":80,
            "30분내 이동가능 거점":60,
            "1시간내 이동가능 거점":100,
            "교통총점":78.0,
            "백화점":100,
            "아울렛몰":80,
            "대형마트":80,
            "은행":70,
            "병원":0,
            "종합병원":100,
            "공원":100,
            "혐오시설":0,
            "인프라총점":80.0,
            "초등학군":89.98,
            "중학군":41.9,
            "학군총점":51.516,
            "인구수":50.31,
            "인구증감":5.02,
            "인구총점":36.723,
            "일자리":20.37,
            "소득수준":68.8,
            "일자리총점":34.899,
            "가치 총점":66.9274,
            "매매실거래년":20200408.0,
            "매매실거래가":94500.0,
            "전세실거래년":null,
            "전세실거래가":null,
            "전세가율":null,
            "장기전세가율평균":60.27,
            "전세가율거품지수":null,
            "검색코드":26272,
            "세대수":127.0,
            "준공년월":"2009-08-10",
            "준공년차":14.0,
            "가까운역이름":"암사",
            "가까운역거리":362.59,
            "역세권여부":"역세권",
            "30분이내주요거점역":3,
            "30분거점역이름":"['역삼', '잠실', '왕십리']",
            "1시간이내주요거점역":13,
            "1시간거점역이름":"['강남', '역삼', '잠실', '판교', '여의도', '을지로입구', '을지로3가', '양재', '정자', '왕십리', '구로디지털단지', '명동', '서현']",
            "3km이내백화점수":1,
            "5km이내아울렛몰수":1,
            "1km이내대형먀트수":1,
            "500m이내은행수":3,
            "500m이내병원수":0,
            "5km이내대형병원수":6,
            "500m이내공원수":3,
            "3km이내혐오시설수":0,
            "초등학교학업성취도":89.98,
            "중학교학업성취도":69.1,
            "용적률":226,
            "건폐율":24,
            "Y":37.549574,
            "X":127.123528,
            "rank":24.0,
            "area_info":"32평(105.82), 32평(105.82), 32평(106.32)",
            "last_sales":"2020-04-08,94500.0,32평(106.32)",
            "rank_history":[
                [
                    "202202",
                    24
                ],
                [
                    "202201",
                    24
                ]
            ],
            "rank_gap":0
        },
        {
            "index":779,
            "아파트명":"현대",
            "투자타입":"재건축",
            "전용면적(m2)":"60.25",
            "전용면적(평)":"18평",
            "법정동주소":"서울시 강동구 천호동 168-6",
            "도로명주소":"서울시 강동구 진황도로 47-2",
            "세대수":0,
            "입주년차":"--",
            "용적률점수":80,
            "건폐율점수":80,
            "세대당주차수":"--",
            "난방방식":"--",
            "공급면적":50,
            "전용률":60,
            "욕실수":"--",
            "현관타입":"--",
            "주거총점":53.5,
            "지역구공급총점":0.0,
            "역세권":80,
            "30분내 이동가능 거점":40,
            "1시간내 이동가능 거점":100,
            "교통총점":72.0,
            "백화점":100,
            "아울렛몰":80,
            "대형마트":100,
            "은행":20,
            "병원":0,
            "종합병원":100,
            "공원":100,
            "혐오시설":0,
            "인프라총점":78.0,
            "초등학군":89.96,
            "중학군":40.86,
            "학군총점":50.68,
            "인구수":50.31,
            "인구증감":5.02,
            "인구총점":36.723,
            "일자리":20.37,
            "소득수준":68.8,
            "일자리총점":34.899,
            "가치 총점":66.902,
            "매매실거래년":20211106.0,
            "매매실거래가":85000.0,
            "전세실거래년":20211014.0,
            "전세실거래가":27300.0,
            "전세가율":38.18,
            "장기전세가율평균":60.27,
            "전세가율거품지수":22.09,
            "검색코드":1333,
            "세대수":156.0,
            "준공년월":"1990-05-31",
            "준공년차":33.0,
            "가까운역이름":"강동",
            "가까운역거리":302.31,
            "역세권여부":"역세권",
            "30분이내주요거점역":2,
            "30분거점역이름":"['잠실', '왕십리']",
            "1시간이내주요거점역":12,
            "1시간거점역이름":"['강남', '역삼', '잠실', '판교', '여의도', '을지로입구', '을지로3가', '양재', '왕십리', '홍대입구', '명동', '서현']",
            "3km이내백화점수":1,
            "5km이내아울렛몰수":1,
            "1km이내대형먀트수":3,
            "500m이내은행수":2,
            "500m이내병원수":0,
            "5km이내대형병원수":6,
            "500m이내공원수":3,
            "3km이내혐오시설수":0,
            "초등학교학업성취도":89.96,
            "중학교학업성취도":68.1,
            "용적률":191,
            "건폐율":22,
            "Y":37.538472,
            "X":127.13314,
            "rank":25.0,
            "area_info":"18평(60.25), 25평(83.01), 28평(93.73), 28평(95.23), 29평(98.42)",
            "last_sales":"2021-11-06,85000.0,25평(83.01)",
            "rank_history":[
                [
                    "202202",
                    25
                ],
                [
                    "202201",
                    22
                ]
            ],
            "rank_gap":-3
        },
        {
            "index":377,
            "아파트명":"원일타워(도시형)",
            "투자타입":"일반",
            "전용면적(m2)":"31.98",
            "전용면적(평)":"9평",
            "법정동주소":"서울시 강동구 명일동 353-2",
            "도로명주소":"서울시 강동구 양재대로 1568",
            "세대수":0,
            "입주년차":100,
            "용적률점수":"--",
            "건폐율점수":"--",
            "세대당주차수":0,
            "난방방식":30,
            "공급면적":"--",
            "전용률":"--",
            "욕실수":50,
            "현관타입":10,
            "주거총점":29.0,
            "지역구공급총점":0.0,
            "역세권":100,
            "30분내 이동가능 거점":40,
            "1시간내 이동가능 거점":100,
            "교통총점":82.0,
            "백화점":100,
            "아울렛몰":80,
            "대형마트":100,
            "은행":70,
            "병원":0,
            "종합병원":100,
            "공원":100,
            "혐오시설":0,
            "인프라총점":83.0,
            "초등학군":89.98,
            "중학군":39.9,
            "학군총점":49.916,
            "인구수":50.31,
            "인구증감":5.02,
            "인구총점":36.723,
            "일자리":20.37,
            "소득수준":68.8,
            "일자리총점":34.899,
            "가치 총점":66.8874,
            "매매실거래년":"18000101",
            "매매실거래가":null,
            "전세실거래년":null,
            "전세실거래가":null,
            "전세가율":null,
            "장기전세가율평균":60.27,
            "전세가율거품지수":null,
            "검색코드":131688,
            "세대수":119.0,
            "준공년월":"2020-04-24",
            "준공년차":3.0,
            "가까운역이름":"굽은다리",
            "가까운역거리":43.34,
            "역세권여부":"초역세권",
            "30분이내주요거점역":2,
            "30분거점역이름":"['잠실', '왕십리']",
            "1시간이내주요거점역":13,
            "1시간거점역이름":"['강남', '역삼', '잠실', '판교', '여의도', '을지로입구', '을지로3가', '양재', '왕십리', '홍대입구', '구로디지털단지', '명동', '서현']",
            "3km이내백화점수":1,
            "5km이내아울렛몰수":1,
            "1km이내대형먀트수":3,
            "500m이내은행수":3,
            "500m이내병원수":0,
            "5km이내대형병원수":4,
            "500m이내공원수":4,
            "3km이내혐오시설수":0,
            "초등학교학업성취도":89.98,
            "중학교학업성취도":65.7,
            "용적률":304,
            "건폐율":40,
            "Y":37.545393,
            "X":127.143333,
            "rank":26.0,
            "area_info":"9평(31.98), 11평(38.35), 14평(47.83), 15평(50.11), 29평(97.7)",
            "last_sales":"1800-01-01,nan,9평(31.98)",
            "rank_history":[
                [
                    "202202",
                    26
                ],
                [
                    "202201",
                    23
                ]
            ],
            "rank_gap":-3
        },
        {
            "index":705,
            "아파트명":"삼익",
            "투자타입":"일반",
            "전용면적(m2)":"86.97",
            "전용면적(평)":"26평",
            "법정동주소":"서울시 강동구 천호동 288-5",
            "도로명주소":"서울시 강동구 상암로12길 13",
            "세대수":0,
            "입주년차":0,
            "용적률점수":"--",
            "건폐율점수":"--",
            "세대당주차수":30,
            "난방방식":30,
            "공급면적":"--",
            "전용률":"--",
            "욕실수":50,
            "현관타입":100,
            "주거총점":22.5,
            "지역구공급총점":0.0,
            "역세권":80,
            "30분내 이동가능 거점":80,
            "1시간내 이동가능 거점":100,
            "교통총점":84.0,
            "백화점":100,
            "아울렛몰":80,
            "대형마트":100,
            "은행":70,
            "병원":0,
            "종합병원":100,
            "공원":100,
            "혐오시설":0,
            "인프라총점":83.0,
            "초등학군":89.98,
            "중학군":41.9,
            "학군총점":51.516,
            "인구수":50.31,
            "인구증감":5.02,
            "인구총점":36.723,
            "일자리":20.37,
            "소득수준":68.8,
            "일자리총점":34.899,
            "가치 총점":66.5274,
            "매매실거래년":20210512.0,
            "매매실거래가":85750.0,
            "전세실거래년":20200201.0,
            "전세실거래가":30000.0,
            "전세가율":40.54,
            "장기전세가율평균":60.27,
            "전세가율거품지수":19.73,
            "검색코드":1002,
            "세대수":150.0,
            "준공년월":"1997-12-03",
            "준공년차":26.0,
            "가까운역이름":"암사",
            "가까운역거리":197.12,
            "역세권여부":"역세권",
            "30분이내주요거점역":4,
            "30분거점역이름":"['강남', '역삼', '잠실', '왕십리']",
            "1시간이내주요거점역":14,
            "1시간거점역이름":"['강남', '역삼', '잠실', '판교', '여의도', '을지로입구', '을지로3가', '양재', '정자', '왕십리', '홍대입구', '구로디지털단지', '명동', '서현']",
            "3km이내백화점수":1,
            "5km이내아울렛몰수":1,
            "1km이내대형먀트수":4,
            "500m이내은행수":3,
            "500m이내병원수":0,
            "5km이내대형병원수":5,
            "500m이내공원수":6,
            "3km이내혐오시설수":0,
            "초등학교학업성취도":89.98,
            "중학교학업성취도":69.1,
            "용적률":295,
            "건폐율":29,
            "Y":37.54859,
            "X":127.12847,
            "rank":27.0,
            "area_info":"26평(86.97), 26평(87.33), 26평(87.01), 32평(106.82), 33평(111.33), 45평(150.55), 45평(151.1)",
            "last_sales":"2021-05-12,85750.0,32평(106.82)",
            "rank_history":[
                [
                    "202202",
                    27
                ],
                [
                    "202201",
                    28
                ]
            ],
            "rank_gap":1
        },
        {
            "index":735,
            "아파트명":"유원",
            "투자타입":"일반",
            "전용면적(m2)":"76.28",
            "전용면적(평)":"23평",
            "법정동주소":"서울시 강동구 천호동 287-9",
            "도로명주소":"서울시 강동구 상암로12길 24",
            "세대수":0,
            "입주년차":0,
            "용적률점수":"--",
            "건폐율점수":"--",
            "세대당주차수":30,
            "난방방식":30,
            "공급면적":"--",
            "전용률":"--",
            "욕실수":50,
            "현관타입":100,
            "주거총점":22.5,
            "지역구공급총점":0.0,
            "역세권":80,
            "30분내 이동가능 거점":80,
            "1시간내 이동가능 거점":100,
            "교통총점":84.0,
            "백화점":100,
            "아울렛몰":80,
            "대형마트":100,
            "은행":70,
            "병원":0,
            "종합병원":100,
            "공원":100,
            "혐오시설":0,
            "인프라총점":83.0,
            "초등학군":89.98,
            "중학군":41.9,
            "학군총점":51.516,
            "인구수":50.31,
            "인구증감":5.02,
            "인구총점":36.723,
            "일자리":20.37,
            "소득수준":68.8,
            "일자리총점":34.899,
            "가치 총점":66.5274,
            "매매실거래년":20210712.0,
            "매매실거래가":74600.0,
            "전세실거래년":20211120.0,
            "전세실거래가":30450.0,
            "전세가율":40.82,
            "장기전세가율평균":60.27,
            "전세가율거품지수":19.45,
            "검색코드":1003,
            "세대수":174.0,
            "준공년월":"1997-08-26",
            "준공년차":26.0,
            "가까운역이름":"암사",
            "가까운역거리":172.99,
            "역세권여부":"역세권",
            "30분이내주요거점역":4,
            "30분거점역이름":"['강남', '역삼', '잠실', '왕십리']",
            "1시간이내주요거점역":14,
            "1시간거점역이름":"['강남', '역삼', '잠실', '판교', '여의도', '을지로입구', '을지로3가', '양재', '정자', '왕십리', '홍대입구', '구로디지털단지', '명동', '서현']",
            "3km이내백화점수":1,
            "5km이내아울렛몰수":1,
            "1km이내대형먀트수":4,
            "500m이내은행수":3,
            "500m이내병원수":0,
            "5km이내대형병원수":5,
            "500m이내공원수":5,
            "3km이내혐오시설수":0,
            "초등학교학업성취도":89.98,
            "중학교학업성취도":69.1,
            "용적률":340,
            "건폐율":31,
            "Y":37.54867,
            "X":127.12784,
            "rank":27.0,
            "area_info":"23평(76.28), 29평(96.13), 29평(98.28)",
            "last_sales":"2021-07-12,74600.0,23평(76.28)",
            "rank_history":[
                [
                    "202202",
                    27
                ],
                [
                    "202201",
                    27
                ]
            ],
            "rank_gap":0
        },
        {
            "index":648,
            "아파트명":"강동역신동아파밀리에",
            "투자타입":"일반",
            "전용면적(m2)":"126.59",
            "전용면적(평)":"38평",
            "법정동주소":"서울시 강동구 천호동 447-17",
            "도로명주소":"서울시 강동구 천호대로 1089",
            "세대수":0,
            "입주년차":80,
            "용적률점수":"--",
            "건폐율점수":"--",
            "세대당주차수":30,
            "난방방식":30,
            "공급면적":"--",
            "전용률":"--",
            "욕실수":100,
            "현관타입":100,
            "주거총점":43.5,
            "지역구공급총점":0.0,
            "역세권":80,
            "30분내 이동가능 거점":40,
            "1시간내 이동가능 거점":100,
            "교통총점":72.0,
            "백화점":100,
            "아울렛몰":80,
            "대형마트":100,
            "은행":70,
            "병원":0,
            "종합병원":100,
            "공원":100,
            "혐오시설":0,
            "인프라총점":83.0,
            "초등학군":89.96,
            "중학군":40.86,
            "학군총점":50.68,
            "인구수":50.31,
            "인구증감":5.02,
            "인구총점":36.723,
            "일자리":20.37,
            "소득수준":68.8,
            "일자리총점":34.899,
            "가치 총점":66.402,
            "매매실거래년":20211130.0,
            "매매실거래가":150000.0,
            "전세실거래년":20211130.0,
            "전세실거래가":60000.0,
            "전세가율":47.06,
            "장기전세가율평균":60.27,
            "전세가율거품지수":13.21,
            "검색코드":105574,
            "세대수":230.0,
            "준공년월":"2015-07-30",
            "준공년차":8.0,
            "가까운역이름":"강동",
            "가까운역거리":123.44,
            "역세권여부":"역세권",
            "30분이내주요거점역":2,
            "30분거점역이름":"['잠실', '왕십리']",
            "1시간이내주요거점역":14,
            "1시간거점역이름":"['강남', '역삼', '잠실', '판교', '여의도', '을지로입구', '을지로3가', '양재', '정자', '왕십리', '홍대입구', '구로디지털단지', '명동', '서현']",
            "3km이내백화점수":1,
            "5km이내아울렛몰수":1,
            "1km이내대형먀트수":3,
            "500m이내은행수":4,
            "500m이내병원수":0,
            "5km이내대형병원수":6,
            "500m이내공원수":3,
            "3km이내혐오시설수":0,
            "초등학교학업성취도":89.96,
            "중학교학업성취도":68.1,
            "용적률":451,
            "건폐율":29,
            "Y":37.536609,
            "X":127.133445,
            "rank":28.0,
            "area_info":"38평(126.59), 40평(133.83), 43평(144.3)",
            "last_sales":"2021-11-30,150000.0,43평(144.3)",
            "rank_history":[
                [
                    "202202",
                    28
                ],
                [
                    "202201",
                    30
                ]
            ],
            "rank_gap":2
        },
        {
            "index":784,
            "아파트명":"현대코아(천호아이파크)",
            "투자타입":"일반",
            "전용면적(m2)":"76.77",
            "전용면적(평)":"23평",
            "법정동주소":"서울시 강동구 천호동 565",
            "도로명주소":"서울시 강동구 천호대로 1095",
            "세대수":0,
            "입주년차":20,
            "용적률점수":"--",
            "건폐율점수":"--",
            "세대당주차수":80,
            "난방방식":30,
            "공급면적":"--",
            "전용률":"--",
            "욕실수":50,
            "현관타입":10,
            "주거총점":25.0,
            "지역구공급총점":0.0,
            "역세권":100,
            "30분내 이동가능 거점":40,
            "1시간내 이동가능 거점":100,
            "교통총점":82.0,
            "백화점":100,
            "아울렛몰":80,
            "대형마트":100,
            "은행":70,
            "병원":0,
            "종합병원":100,
            "공원":100,
            "혐오시설":0,
            "인프라총점":83.0,
            "초등학군":89.96,
            "중학군":40.86,
            "학군총점":50.68,
            "인구수":50.31,
            "인구증감":5.02,
            "인구총점":36.723,
            "일자리":20.37,
            "소득수준":68.8,
            "일자리총점":34.899,
            "가치 총점":66.202,
            "매매실거래년":20210623.0,
            "매매실거래가":64500.0,
            "전세실거래년":20200128.0,
            "전세실거래가":32000.0,
            "전세가율":53.78,
            "장기전세가율평균":60.27,
            "전세가율거품지수":6.49,
            "검색코드":3124,
            "세대수":185.0,
            "준공년월":"1999-02-02",
            "준공년차":24.0,
            "가까운역이름":"강동",
            "가까운역거리":99.6,
            "역세권여부":"초역세권",
            "30분이내주요거점역":2,
            "30분거점역이름":"['잠실', '왕십리']",
            "1시간이내주요거점역":12,
            "1시간거점역이름":"['강남', '역삼', '잠실', '판교', '여의도', '을지로입구', '을지로3가', '양재', '왕십리', '홍대입구', '명동', '서현']",
            "3km이내백화점수":1,
            "5km이내아울렛몰수":1,
            "1km이내대형먀트수":3,
            "500m이내은행수":4,
            "500m이내병원수":0,
            "5km이내대형병원수":6,
            "500m이내공원수":2,
            "3km이내혐오시설수":0,
            "초등학교학업성취도":89.96,
            "중학교학업성취도":68.1,
            "용적률":789,
            "건폐율":49,
            "Y":37.535926,
            "X":127.1336,
            "rank":29.0,
            "area_info":"23평(76.77), 26평(88.75), 35평(118.49), 37평(123.78), 52평(173.87), 53평(176.37), 61평(202.63)",
            "last_sales":"2021-06-23,64500.0,26평(88.75)",
            "rank_history":[
                [
                    "202202",
                    29
                ],
                [
                    "202201",
                    33
                ]
            ],
            "rank_gap":4
        },
        {
            "index":214,
            "아파트명":"한빛",
            "투자타입":"일반",
            "전용면적(m2)":"47.11",
            "전용면적(평)":"14평",
            "법정동주소":"서울시 강동구 길동 384-1",
            "도로명주소":"서울시 강동구 성안로 176",
            "세대수":30,
            "입주년차":20,
            "용적률점수":"--",
            "건폐율점수":"--",
            "세대당주차수":30,
            "난방방식":30,
            "공급면적":"--",
            "전용률":"--",
            "욕실수":50,
            "현관타입":100,
            "주거총점":37.0,
            "지역구공급총점":0.0,
            "역세권":80,
            "30분내 이동가능 거점":40,
            "1시간내 이동가능 거점":100,
            "교통총점":72.0,
            "백화점":100,
            "아울렛몰":80,
            "대형마트":100,
            "은행":100,
            "병원":0,
            "종합병원":100,
            "공원":100,
            "혐오시설":0,
            "인프라총점":86.0,
            "초등학군":89.96,
            "중학군":40.86,
            "학군총점":50.68,
            "인구수":50.31,
            "인구증감":5.02,
            "인구총점":36.723,
            "일자리":20.37,
            "소득수준":68.8,
            "일자리총점":34.899,
            "가치 총점":66.002,
            "매매실거래년":20200523.0,
            "매매실거래가":52900.0,
            "전세실거래년":null,
            "전세실거래가":null,
            "전세가율":null,
            "장기전세가율평균":60.27,
            "전세가율거품지수":null,
            "검색코드":11980,
            "세대수":317.0,
            "준공년월":"2001-10-13",
            "준공년차":22.0,
            "가까운역이름":"길동",
            "가까운역거리":357.4,
            "역세권여부":"역세권",
            "30분이내주요거점역":2,
            "30분거점역이름":"['잠실', '왕십리']",
            "1시간이내주요거점역":14,
            "1시간거점역이름":"['강남', '역삼', '잠실', '판교', '여의도', '을지로입구', '을지로3가', '양재', '정자', '왕십리', '홍대입구', '구로디지털단지', '명동', '서현']",
            "3km이내백화점수":1,
            "5km이내아울렛몰수":1,
            "1km이내대형먀트수":4,
            "500m이내은행수":9,
            "500m이내병원수":0,
            "5km이내대형병원수":6,
            "500m이내공원수":3,
            "3km이내혐오시설수":0,
            "초등학교학업성취도":89.96,
            "중학교학업성취도":68.1,
            "용적률":0,
            "건폐율":0,
            "Y":37.538326,
            "X":127.136005,
            "rank":30.0,
            "area_info":"14평(47.11), 15평(51.49), 18평(61.81), 21평(69.76), 21평(71.56), 22평(75.94), 24평(81.17), 25평(83.05), 25평(84.67), 26평(88.5), 27평(90.69), 27평(90.65), 28평(95.09), 29평(97.78), 29평(98.99), 30평(101.16), 34평(114.47)",
            "last_sales":"2020-05-23,52900.0,34평(114.47)",
            "rank_history":[
                [
                    "202202",
                    30
                ],
                [
                    "202201",
                    29
                ]
            ],
            "rank_gap":-1
        },
        {
            "index":639,
            "아파트명":"강동상떼빌",
            "투자타입":"일반",
            "전용면적(m2)":"118.78",
            "전용면적(평)":"35평",
            "법정동주소":"서울시 강동구 천호동 450",
            "도로명주소":"서울시 강동구 천호대로 1065",
            "세대수":0,
            "입주년차":40,
            "용적률점수":"--",
            "건폐율점수":"--",
            "세대당주차수":60,
            "난방방식":30,
            "공급면적":"--",
            "전용률":"--",
            "욕실수":100,
            "현관타입":100,
            "주거총점":40.0,
            "지역구공급총점":0.0,
            "역세권":80,
            "30분내 이동가능 거점":40,
            "1시간내 이동가능 거점":100,
            "교통총점":72.0,
            "백화점":100,
            "아울렛몰":80,
            "대형마트":100,
            "은행":70,
            "병원":0,
            "종합병원":100,
            "공원":100,
            "혐오시설":0,
            "인프라총점":83.0,
            "초등학군":89.96,
            "중학군":40.86,
            "학군총점":50.68,
            "인구수":50.31,
            "인구증감":5.02,
            "인구총점":36.723,
            "일자리":20.37,
            "소득수준":68.8,
            "일자리총점":34.899,
            "가치 총점":65.702,
            "매매실거래년":20210904.0,
            "매매실거래가":120000.0,
            "전세실거래년":20211214.0,
            "전세실거래가":68000.0,
            "전세가율":97.84,
            "장기전세가율평균":60.27,
            "전세가율거품지수":-37.57,
            "검색코드":18604,
            "세대수":110.0,
            "준공년월":"2007-03-30",
            "준공년차":16.0,
            "가까운역이름":"강동",
            "가까운역거리":228.0,
            "역세권여부":"역세권",
            "30분이내주요거점역":2,
            "30분거점역이름":"['잠실', '왕십리']",
            "1시간이내주요거점역":14,
            "1시간거점역이름":"['강남', '역삼', '잠실', '판교', '여의도', '을지로입구', '을지로3가', '양재', '정자', '왕십리', '홍대입구', '구로디지털단지', '명동', '서현']",
            "3km이내백화점수":1,
            "5km이내아울렛몰수":1,
            "1km이내대형먀트수":3,
            "500m이내은행수":4,
            "500m이내병원수":0,
            "5km이내대형병원수":6,
            "500m이내공원수":2,
            "3km이내혐오시설수":0,
            "초등학교학업성취도":89.96,
            "중학교학업성취도":68.1,
            "용적률":627,
            "건폐율":49,
            "Y":37.537119,
            "X":127.130497,
            "rank":31.0,
            "area_info":"35평(118.78), 36평(119.49), 41평(136.98), 45평(151.59)",
            "last_sales":"2021-09-04,120000.0,45평(151.59)",
            "rank_history":[
                [
                    "202202",
                    31
                ],
                [
                    "202201",
                    31
                ]
            ],
            "rank_gap":0
        },
        {
            "index":753,
            "아파트명":"천호삼성",
            "투자타입":"일반",
            "전용면적(m2)":"83.81",
            "전용면적(평)":"25평",
            "법정동주소":"서울시 강동구 천호동 528",
            "도로명주소":"서울시 강동구 성안로25길 6",
            "세대수":50,
            "입주년차":0,
            "용적률점수":"--",
            "건폐율점수":"--",
            "세대당주차수":60,
            "난방방식":30,
            "공급면적":"--",
            "전용률":"--",
            "욕실수":50,
            "현관타입":10,
            "주거총점":35.5,
            "지역구공급총점":0.0,
            "역세권":80,
            "30분내 이동가능 거점":40,
            "1시간내 이동가능 거점":100,
            "교통총점":72.0,
            "백화점":100,
            "아울렛몰":80,
            "대형마트":100,
            "은행":100,
            "병원":0,
            "종합병원":100,
            "공원":100,
            "혐오시설":0,
            "인프라총점":86.0,
            "초등학군":89.96,
            "중학군":40.86,
            "학군총점":50.68,
            "인구수":50.31,
            "인구증감":5.02,
            "인구총점":36.723,
            "일자리":20.37,
            "소득수준":68.8,
            "일자리총점":34.899,
            "가치 총점":65.702,
            "매매실거래년":20210910.0,
            "매매실거래가":117500.0,
            "전세실거래년":20211110.0,
            "전세실거래가":55000.0,
            "전세가율":65.09,
            "장기전세가율평균":60.27,
            "전세가율거품지수":-4.82,
            "검색코드":997,
            "세대수":643.0,
            "준공년월":"1997-05-26",
            "준공년차":26.0,
            "가까운역이름":"강동",
            "가까운역거리":408.68,
            "역세권여부":"역세권",
            "30분이내주요거점역":2,
            "30분거점역이름":"['잠실', '왕십리']",
            "1시간이내주요거점역":12,
            "1시간거점역이름":"['강남', '역삼', '잠실', '판교', '여의도', '을지로입구', '을지로3가', '양재', '왕십리', '홍대입구', '명동', '서현']",
            "3km이내백화점수":1,
            "5km이내아울렛몰수":1,
            "1km이내대형먀트수":4,
            "500m이내은행수":7,
            "500m이내병원수":0,
            "5km이내대형병원수":6,
            "500m이내공원수":3,
            "3km이내혐오시설수":0,
            "초등학교학업성취도":89.96,
            "중학교학업성취도":68.1,
            "용적률":335,
            "건폐율":19,
            "Y":37.538722,
            "X":127.135299,
            "rank":31.0,
            "area_info":"25평(83.81), 33평(109.59), 42평(140.2)",
            "last_sales":"2021-09-10,117500.0,42평(140.2)",
            "rank_history":[
                [
                    "202202",
                    31
                ],
                [
                    "202201",
                    32
                ]
            ],
            "rank_gap":1
        },
        {
            "index":503,
            "아파트명":"성내e-편한세상1차",
            "투자타입":"일반",
            "전용면적(m2)":"96.41",
            "전용면적(평)":"29평",
            "법정동주소":"서울시 강동구 성내동 598",
            "도로명주소":"서울시 강동구 천호대로168길 58",
            "세대수":0,
            "입주년차":20,
            "용적률점수":"--",
            "건폐율점수":"--",
            "세대당주차수":60,
            "난방방식":30,
            "공급면적":"--",
            "전용률":"--",
            "욕실수":100,
            "현관타입":100,
            "주거총점":36.0,
            "지역구공급총점":0.0,
            "역세권":80,
            "30분내 이동가능 거점":40,
            "1시간내 이동가능 거점":100,
            "교통총점":72.0,
            "백화점":100,
            "아울렛몰":80,
            "대형마트":100,
            "은행":20,
            "병원":0,
            "종합병원":100,
            "공원":100,
            "혐오시설":0,
            "인프라총점":78.0,
            "초등학군":89.96,
            "중학군":50.32,
            "학군총점":58.248,
            "인구수":50.31,
            "인구증감":5.02,
            "인구총점":36.723,
            "일자리":20.37,
            "소득수준":68.8,
            "일자리총점":34.899,
            "가치 총점":64.5372,
            "매매실거래년":20191017.0,
            "매매실거래가":84500.0,
            "전세실거래년":20210830.0,
            "전세실거래가":68000.0,
            "전세가율":120.35,
            "장기전세가율평균":60.27,
            "전세가율거품지수":-60.08,
            "검색코드":9053,
            "세대수":203.0,
            "준공년월":"2003-11-14",
            "준공년차":20.0,
            "가까운역이름":"강동",
            "가까운역거리":312.81,
            "역세권여부":"역세권",
            "30분이내주요거점역":2,
            "30분거점역이름":"['잠실', '왕십리']",
            "1시간이내주요거점역":13,
            "1시간거점역이름":"['강남', '역삼', '잠실', '판교', '여의도', '을지로입구', '을지로3가', '양재', '정자', '왕십리', '홍대입구', '명동', '서현']",
            "3km이내백화점수":1,
            "5km이내아울렛몰수":1,
            "1km이내대형먀트수":4,
            "500m이내은행수":2,
            "500m이내병원수":0,
            "5km이내대형병원수":6,
            "500m이내공원수":2,
            "3km이내혐오시설수":0,
            "초등학교학업성취도":89.96,
            "중학교학업성취도":82.2,
            "용적률":225,
            "건폐율":21,
            "Y":37.533151,
            "X":127.131301,
            "rank":32.0,
            "area_info":"29평(96.41), 31평(104.76), 33평(110.52), 34평(114.42), 34평(114.93), 40평(133.2), 43평(142.24), 43평(144.61)",
            "last_sales":"2019-10-17,84500.0,43평(144.61)",
            "rank_history":[
                [
                    "202202",
                    32
                ],
                [
                    "202201",
                    46
                ]
            ],
            "rank_gap":14
        },
        {
            "index":162,
            "아파트명":"다성이즈빌(456-4)",
            "투자타입":"일반",
            "전용면적(m2)":"20.88",
            "전용면적(평)":"6평",
            "법정동주소":"서울시 강동구 길동 456-4",
            "도로명주소":"서울시 강동구 천호대로175길 14",
            "세대수":0,
            "입주년차":80,
            "용적률점수":"--",
            "건폐율점수":"--",
            "세대당주차수":0,
            "난방방식":30,
            "공급면적":"--",
            "전용률":"--",
            "욕실수":50,
            "현관타입":100,
            "주거총점":34.0,
            "지역구공급총점":0.0,
            "역세권":80,
            "30분내 이동가능 거점":40,
            "1시간내 이동가능 거점":100,
            "교통총점":72.0,
            "백화점":100,
            "아울렛몰":80,
            "대형마트":80,
            "은행":100,
            "병원":0,
            "종합병원":100,
            "공원":100,
            "혐오시설":0,
            "인프라총점":83.0,
            "초등학군":89.96,
            "중학군":40.86,
            "학군총점":50.68,
            "인구수":50.31,
            "인구증감":5.02,
            "인구총점":36.723,
            "일자리":20.37,
            "소득수준":68.8,
            "일자리총점":34.899,
            "가치 총점":64.502,
            "매매실거래년":20211129.0,
            "매매실거래가":18300.0,
            "전세실거래년":20220106.0,
            "전세실거래가":16800.0,
            "전세가율":91.8,
            "장기전세가율평균":60.27,
            "전세가율거품지수":-31.53,
            "검색코드":123434,
            "세대수":105.0,
            "준공년월":"2018-11-27",
            "준공년차":5.0,
            "가까운역이름":"길동",
            "가까운역거리":380.4,
            "역세권여부":"역세권",
            "30분이내주요거점역":2,
            "30분거점역이름":"['잠실', '왕십리']",
            "1시간이내주요거점역":14,
            "1시간거점역이름":"['강남', '역삼', '잠실', '판교', '여의도', '을지로입구', '을지로3가', '양재', '정자', '왕십리', '홍대입구', '구로디지털단지', '명동', '서현']",
            "3km이내백화점수":1,
            "5km이내아울렛몰수":1,
            "1km이내대형먀트수":1,
            "500m이내은행수":9,
            "500m이내병원수":0,
            "5km이내대형병원수":6,
            "500m이내공원수":3,
            "3km이내혐오시설수":0,
            "초등학교학업성취도":89.96,
            "중학교학업성취도":68.1,
            "용적률":585,
            "건폐율":56,
            "Y":37.535313,
            "X":127.137043,
            "rank":33.0,
            "area_info":"6평(20.88), 6평(22.74), 8평(27.29), 9평(29.86), 9평(30.62), 9평(30.05)",
            "last_sales":"2021-11-29,18300.0,6평(20.88)",
            "rank_history":[
                [
                    "202202",
                    33
                ],
                [
                    "202201",
                    57
                ]
            ],
            "rank_gap":24
        },
        {
            "index":765,
            "아파트명":"코오롱상가",
            "투자타입":"재건축",
            "전용면적(m2)":"68.68",
            "전용면적(평)":"20평",
            "법정동주소":"서울시 강동구 천호동 410-100",
            "도로명주소":"서울시 강동구 진황도로 12",
            "세대수":0,
            "입주년차":"--",
            "용적률점수":20,
            "건폐율점수":40,
            "세대당주차수":"--",
            "난방방식":"--",
            "공급면적":50,
            "전용률":80,
            "욕실수":"--",
            "현관타입":"--",
            "주거총점":22.5,
            "지역구공급총점":0.0,
            "역세권":80,
            "30분내 이동가능 거점":60,
            "1시간내 이동가능 거점":100,
            "교통총점":78.0,
            "백화점":100,
            "아울렛몰":80,
            "대형마트":100,
            "은행":70,
            "병원":0,
            "종합병원":100,
            "공원":100,
            "혐오시설":0,
            "인프라총점":83.0,
            "초등학군":90.01,
            "중학군":40.86,
            "학군총점":50.69,
            "인구수":50.31,
            "인구증감":5.02,
            "인구총점":36.723,
            "일자리":20.37,
            "소득수준":68.8,
            "일자리총점":34.899,
            "가치 총점":64.3035,
            "매매실거래년":20211021.0,
            "매매실거래가":87000.0,
            "전세실거래년":20190930.0,
            "전세실거래가":25000.0,
            "전세가율":29.94,
            "장기전세가율평균":60.27,
            "전세가율거품지수":30.33,
            "검색코드":1334,
            "세대수":198.0,
            "준공년월":"1988-11-19",
            "준공년차":35.0,
            "가까운역이름":"천호",
            "가까운역거리":421.74,
            "역세권여부":"역세권",
            "30분이내주요거점역":3,
            "30분거점역이름":"['역삼', '잠실', '왕십리']",
            "1시간이내주요거점역":14,
            "1시간거점역이름":"['강남', '역삼', '잠실', '판교', '여의도', '을지로입구', '을지로3가', '양재', '정자', '왕십리', '홍대입구', '구로디지털단지', '명동', '서현']",
            "3km이내백화점수":1,
            "5km이내아울렛몰수":1,
            "1km이내대형먀트수":3,
            "500m이내은행수":4,
            "500m이내병원수":0,
            "5km이내대형병원수":7,
            "500m이내공원수":3,
            "3km이내혐오시설수":0,
            "초등학교학업성취도":90.01,
            "중학교학업성취도":68.1,
            "용적률":271,
            "건폐율":39,
            "Y":37.53915,
            "X":127.12826,
            "rank":34.0,
            "area_info":"20평(68.68), 22평(73.03), 24평(82.42), 25평(84.38), 26평(87.45), 29평(96.45), 30평(100.47)",
            "last_sales":"2021-10-21,87000.0,30평(100.47)",
            "rank_history":[
                [
                    "202202",
                    34
                ],
                [
                    "202201",
                    34
                ]
            ],
            "rank_gap":0
        },
        {
            "index":318,
            "아파트명":"고덕주공9단지",
            "투자타입":"재건축",
            "전용면적(m2)":"103.56",
            "전용면적(평)":"31평",
            "법정동주소":"서울시 강동구 명일동 257",
            "도로명주소":"서울시 강동구 상암로 251",
            "세대수":90,
            "입주년차":"--",
            "용적률점수":80,
            "건폐율점수":100,
            "세대당주차수":"--",
            "난방방식":"--",
            "공급면적":90,
            "전용률":80,
            "욕실수":"--",
            "현관타입":"--",
            "주거총점":87.5,
            "지역구공급총점":0.0,
            "역세권":50,
            "30분내 이동가능 거점":20,
            "1시간내 이동가능 거점":80,
            "교통총점":47.0,
            "백화점":100,
            "아울렛몰":0,
            "대형마트":100,
            "은행":20,
            "병원":0,
            "종합병원":100,
            "공원":100,
            "혐오시설":0,
            "인프라총점":70.0,
            "초등학군":90.01,
            "중학군":54.16,
            "학군총점":61.33,
            "인구수":50.31,
            "인구증감":5.02,
            "인구총점":36.723,
            "일자리":20.37,
            "소득수준":68.8,
            "일자리총점":34.899,
            "가치 총점":64.1495,
            "매매실거래년":20210902.0,
            "매매실거래가":143000.0,
            "전세실거래년":20220128.0,
            "전세실거래가":54000.0,
            "전세가율":38.71,
            "장기전세가율평균":60.27,
            "전세가율거품지수":21.56,
            "검색코드":1314,
            "세대수":1320.0,
            "준공년월":"1985-11-25",
            "준공년차":38.0,
            "가까운역이름":"명일",
            "가까운역거리":767.61,
            "역세권여부":"준역세권",
            "30분이내주요거점역":1,
            "30분거점역이름":"['잠실']",
            "1시간이내주요거점역":8,
            "1시간거점역이름":"['강남', '역삼', '잠실', '여의도', '을지로입구', '을지로3가', '왕십리', '명동']",
            "3km이내백화점수":1,
            "5km이내아울렛몰수":0,
            "1km이내대형먀트수":2,
            "500m이내은행수":2,
            "500m이내병원수":0,
            "5km이내대형병원수":4,
            "500m이내공원수":3,
            "3km이내혐오시설수":0,
            "초등학교학업성취도":90.01,
            "중학교학업성취도":87.4,
            "용적률":181,
            "건폐율":13,
            "Y":37.547941,
            "X":127.151556,
            "rank":35.0,
            "area_info":"31평(103.56), 31평(104.3), 32평(106.4), 32평(106.0), 32평(108.82)",
            "last_sales":"2021-09-02,143000.0,32평(106.0)",
            "rank_history":[
                [
                    "202202",
                    35
                ],
                [
                    "202201",
                    51
                ]
            ],
            "rank_gap":16
        },
        {
            "index":667,
            "아파트명":"동아코아",
            "투자타입":"일반",
            "전용면적(m2)":"50.66",
            "전용면적(평)":"15평",
            "법정동주소":"서울시 강동구 천호동 563",
            "도로명주소":"서울시 강동구 구천면로 189",
            "세대수":0,
            "입주년차":0,
            "용적률점수":"--",
            "건폐율점수":"--",
            "세대당주차수":80,
            "난방방식":30,
            "공급면적":"--",
            "전용률":"--",
            "욕실수":50,
            "현관타입":10,
            "주거총점":21.0,
            "지역구공급총점":0.0,
            "역세권":80,
            "30분내 이동가능 거점":60,
            "1시간내 이동가능 거점":100,
            "교통총점":78.0,
            "백화점":100,
            "아울렛몰":80,
            "대형마트":100,
            "은행":70,
            "병원":0,
            "종합병원":100,
            "공원":100,
            "혐오시설":0,
            "인프라총점":83.0,
            "초등학군":89.98,
            "중학군":41.9,
            "학군총점":51.516,
            "인구수":50.31,
            "인구증감":5.02,
            "인구총점":36.723,
            "일자리":20.37,
            "소득수준":68.8,
            "일자리총점":34.899,
            "가치 총점":64.1274,
            "매매실거래년":20210618.0,
            "매매실거래가":100000.0,
            "전세실거래년":20150828.0,
            "전세실거래가":18000.0,
            "전세가율":47.24,
            "장기전세가율평균":60.27,
            "전세가율거품지수":13.03,
            "검색코드":998,
            "세대수":191.0,
            "준공년월":"1997-12-31",
            "준공년차":26.0,
            "가까운역이름":"천호",
            "가까운역거리":376.83,
            "역세권여부":"역세권",
            "30분이내주요거점역":3,
            "30분거점역이름":"['역삼', '잠실', '왕십리']",
            "1시간이내주요거점역":14,
            "1시간거점역이름":"['강남', '역삼', '잠실', '판교', '여의도', '을지로입구', '을지로3가', '양재', '정자', '왕십리', '홍대입구', '구로디지털단지', '명동', '서현']",
            "3km이내백화점수":1,
            "5km이내아울렛몰수":1,
            "1km이내대형먀트수":3,
            "500m이내은행수":4,
            "500m이내병원수":0,
            "5km이내대형병원수":7,
            "500m이내공원수":4,
            "3km이내혐오시설수":0,
            "초등학교학업성취도":89.98,
            "중학교학업성취도":69.1,
            "용적률":560,
            "건폐율":52,
            "Y":37.541239,
            "X":127.1259,
            "rank":36.0,
            "area_info":"15평(50.66), 16평(55.77), 21평(70.43), 22평(75.55), 25평(82.75), 26평(88.15), 30평(100.47), 31평(104.34), 33평(109.74), 33평(111.53), 36평(121.36), 39평(129.52), 41평(138.24), 44평(147.51), 49평(164.54), 51평(169.1), 52평(174.5)",
            "last_sales":"2021-06-18,100000.0,52평(174.5)",
            "rank_history":[
                [
                    "202202",
                    36
                ],
                [
                    "202201",
                    35
                ]
            ],
            "rank_gap":-1
        },
        {
            "index":248,
            "아파트명":"희훈리치파크",
            "투자타입":"일반",
            "전용면적(m2)":"93.73",
            "전용면적(평)":"28평",
            "법정동주소":"서울시 강동구 길동 472",
            "도로명주소":"서울시 강동구 천중로44길 40",
            "세대수":0,
            "입주년차":20,
            "용적률점수":"--",
            "건폐율점수":"--",
            "세대당주차수":30,
            "난방방식":30,
            "공급면적":"--",
            "전용률":"--",
            "욕실수":100,
            "현관타입":100,
            "주거총점":31.5,
            "지역구공급총점":0.0,
            "역세권":80,
            "30분내 이동가능 거점":40,
            "1시간내 이동가능 거점":100,
            "교통총점":72.0,
            "백화점":100,
            "아울렛몰":80,
            "대형마트":80,
            "은행":100,
            "병원":0,
            "종합병원":100,
            "공원":100,
            "혐오시설":0,
            "인프라총점":83.0,
            "초등학군":89.96,
            "중학군":40.86,
            "학군총점":50.68,
            "인구수":50.31,
            "인구증감":5.02,
            "인구총점":36.723,
            "일자리":20.37,
            "소득수준":68.8,
            "일자리총점":34.899,
            "가치 총점":64.002,
            "매매실거래년":20200713.0,
            "매매실거래가":60500.0,
            "전세실거래년":20210426.0,
            "전세실거래가":60000.0,
            "전세가율":204.08,
            "장기전세가율평균":60.27,
            "전세가율거품지수":-143.81,
            "검색코드":10069,
            "세대수":102.0,
            "준공년월":"2002-12-12",
            "준공년차":21.0,
            "가까운역이름":"길동",
            "가까운역거리":191.04,
            "역세권여부":"역세권",
            "30분이내주요거점역":2,
            "30분거점역이름":"['잠실', '왕십리']",
            "1시간이내주요거점역":12,
            "1시간거점역이름":"['강남', '역삼', '잠실', '여의도', '을지로입구', '을지로3가', '양재', '정자', '왕십리', '홍대입구', '명동', '서현']",
            "3km이내백화점수":1,
            "5km이내아울렛몰수":1,
            "1km이내대형먀트수":1,
            "500m이내은행수":6,
            "500m이내병원수":0,
            "5km이내대형병원수":6,
            "500m이내공원수":3,
            "3km이내혐오시설수":0,
            "초등학교학업성취도":89.96,
            "중학교학업성취도":68.1,
            "용적률":268,
            "건폐율":31,
            "Y":37.53947,
            "X":127.13949,
            "rank":37.0,
            "area_info":"28평(93.73), 29평(97.36), 29평(98.49), 31평(103.8), 32평(105.93), 32평(105.9)",
            "last_sales":"2020-07-13,60500.0,32평(105.9)",
            "rank_history":[
                [
                    "202202",
                    37
                ],
                [
                    "202201",
                    36
                ]
            ],
            "rank_gap":-1
        },
        {
            "index":209,
            "아파트명":"청광플러스원큐브2차",
            "투자타입":"일반",
            "전용면적(m2)":"25.86",
            "전용면적(평)":"7평",
            "법정동주소":"서울시 강동구 길동 457",
            "도로명주소":"서울시 강동구 천호대로175길 10",
            "세대수":0,
            "입주년차":60,
            "용적률점수":"--",
            "건폐율점수":"--",
            "세대당주차수":0,
            "난방방식":30,
            "공급면적":"--",
            "전용률":"--",
            "욕실수":50,
            "현관타입":100,
            "주거총점":30.0,
            "지역구공급총점":0.0,
            "역세권":80,
            "30분내 이동가능 거점":40,
            "1시간내 이동가능 거점":100,
            "교통총점":72.0,
            "백화점":100,
            "아울렛몰":80,
            "대형마트":80,
            "은행":100,
            "병원":0,
            "종합병원":100,
            "공원":100,
            "혐오시설":0,
            "인프라총점":83.0,
            "초등학군":89.96,
            "중학군":40.86,
            "학군총점":50.68,
            "인구수":50.31,
            "인구증감":5.02,
            "인구총점":36.723,
            "일자리":20.37,
            "소득수준":68.8,
            "일자리총점":34.899,
            "가치 총점":63.702,
            "매매실거래년":20211110.0,
            "매매실거래가":13500.0,
            "전세실거래년":20211015.0,
            "전세실거래가":11500.0,
            "전세가율":85.19,
            "장기전세가율평균":60.27,
            "전세가율거품지수":-24.92,
            "검색코드":109159,
            "세대수":111.0,
            "준공년월":"2013-07-30",
            "준공년차":10.0,
            "가까운역이름":"강동",
            "가까운역거리":395.55,
            "역세권여부":"역세권",
            "30분이내주요거점역":2,
            "30분거점역이름":"['잠실', '왕십리']",
            "1시간이내주요거점역":14,
            "1시간거점역이름":"['강남', '역삼', '잠실', '판교', '여의도', '을지로입구', '을지로3가', '양재', '정자', '왕십리', '홍대입구', '구로디지털단지', '명동', '서현']",
            "3km이내백화점수":1,
            "5km이내아울렛몰수":1,
            "1km이내대형먀트수":1,
            "500m이내은행수":8,
            "500m이내병원수":0,
            "5km이내대형병원수":6,
            "500m이내공원수":2,
            "3km이내혐오시설수":0,
            "초등학교학업성취도":89.96,
            "중학교학업성취도":68.1,
            "용적률":606,
            "건폐율":51,
            "Y":37.535148,
            "X":127.13689,
            "rank":38.0,
            "area_info":"7평(25.86)",
            "last_sales":"2021-11-10,13500.0,7평(25.86)",
            "rank_history":[
                [
                    "202202",
                    38
                ],
                [
                    "202201",
                    61
                ]
            ],
            "rank_gap":23
        },
        {
            "index":526,
            "아파트명":"영풍마드레빌",
            "투자타입":"일반",
            "전용면적(m2)":"74.05",
            "전용면적(평)":"22평",
            "법정동주소":"서울시 강동구 성내동 593",
            "도로명주소":"서울시 강동구 성내로6다길 15",
            "세대수":0,
            "입주년차":20,
            "용적률점수":"--",
            "건폐율점수":"--",
            "세대당주차수":30,
            "난방방식":30,
            "공급면적":"--",
            "전용률":"--",
            "욕실수":100,
            "현관타입":100,
            "주거총점":31.5,
            "지역구공급총점":0.0,
            "역세권":80,
            "30분내 이동가능 거점":60,
            "1시간내 이동가능 거점":100,
            "교통총점":78.0,
            "백화점":100,
            "아울렛몰":80,
            "대형마트":0,
            "은행":100,
            "병원":0,
            "종합병원":100,
            "공원":100,
            "혐오시설":0,
            "인프라총점":71.0,
            "초등학군":89.98,
            "중학군":50.2,
            "학군총점":58.156,
            "인구수":50.31,
            "인구증감":5.02,
            "인구총점":36.723,
            "일자리":20.37,
            "소득수준":68.8,
            "일자리총점":34.899,
            "가치 총점":63.6234,
            "매매실거래년":20211211.0,
            "매매실거래가":113000.0,
            "전세실거래년":20160319.0,
            "전세실거래가":34000.0,
            "전세가율":39.17,
            "장기전세가율평균":60.27,
            "전세가율거품지수":21.1,
            "검색코드":3320,
            "세대수":132.0,
            "준공년월":"2002-07-03",
            "준공년차":21.0,
            "가까운역이름":"강동구청",
            "가까운역거리":427.57,
            "역세권여부":"역세권",
            "30분이내주요거점역":3,
            "30분거점역이름":"['강남', '역삼', '잠실']",
            "1시간이내주요거점역":13,
            "1시간거점역이름":"['강남', '역삼', '잠실', '판교', '여의도', '을지로입구', '을지로3가', '양재', '정자', '왕십리', '구로디지털단지', '명동', '서현']",
            "3km이내백화점수":3,
            "5km이내아울렛몰수":1,
            "1km이내대형먀트수":0,
            "500m이내은행수":5,
            "500m이내병원수":0,
            "5km이내대형병원수":7,
            "500m이내공원수":3,
            "3km이내혐오시설수":0,
            "초등학교학업성취도":89.98,
            "중학교학업성취도":82.4,
            "용적률":299,
            "건폐율":25,
            "Y":37.527154,
            "X":127.123221,
            "rank":39.0,
            "area_info":"22평(74.05), 22평(74.17), 28평(94.03), 28평(94.04), 30평(99.18)",
            "last_sales":"2021-12-11,113000.0,30평(99.18)",
            "rank_history":[
                [
                    "202202",
                    39
                ],
                [
                    "202201",
                    26
                ]
            ],
            "rank_gap":-13
        },
        {
            "index":210,
            "아파트명":"청광플러스원큐브3차(도시형)",
            "투자타입":"일반",
            "전용면적(m2)":"22.35",
            "전용면적(평)":"6평",
            "법정동주소":"서울시 강동구 길동 415-16",
            "도로명주소":"서울시 강동구 진황도로 87",
            "세대수":0,
            "입주년차":80,
            "용적률점수":"--",
            "건폐율점수":"--",
            "세대당주차수":0,
            "난방방식":30,
            "공급면적":"--",
            "전용률":"--",
            "욕실수":50,
            "현관타입":10,
            "주거총점":25.0,
            "지역구공급총점":0.0,
            "역세권":80,
            "30분내 이동가능 거점":40,
            "1시간내 이동가능 거점":100,
            "교통총점":72.0,
            "백화점":100,
            "아울렛몰":80,
            "대형마트":100,
            "은행":100,
            "병원":0,
            "종합병원":100,
            "공원":100,
            "혐오시설":0,
            "인프라총점":86.0,
            "초등학군":89.96,
            "중학군":40.86,
            "학군총점":50.68,
            "인구수":50.31,
            "인구증감":5.02,
            "인구총점":36.723,
            "일자리":20.37,
            "소득수준":68.8,
            "일자리총점":34.899,
            "가치 총점":63.602,
            "매매실거래년":20211230.0,
            "매매실거래가":10800.0,
            "전세실거래년":20220127.0,
            "전세실거래가":600.0,
            "전세가율":5.56,
            "장기전세가율평균":60.27,
            "전세가율거품지수":54.71,
            "검색코드":107583,
            "세대수":207.0,
            "준공년월":"2014-10-06",
            "준공년차":9.0,
            "가까운역이름":"길동",
            "가까운역거리":347.86,
            "역세권여부":"역세권",
            "30분이내주요거점역":2,
            "30분거점역이름":"['잠실', '왕십리']",
            "1시간이내주요거점역":13,
            "1시간거점역이름":"['강남', '역삼', '잠실', '판교', '여의도', '을지로입구', '을지로3가', '양재', '정자', '왕십리', '홍대입구', '명동', '서현']",
            "3km이내백화점수":1,
            "5km이내아울렛몰수":1,
            "1km이내대형먀트수":2,
            "500m이내은행수":9,
            "500m이내병원수":0,
            "5km이내대형병원수":6,
            "500m이내공원수":2,
            "3km이내혐오시설수":0,
            "초등학교학업성취도":89.96,
            "중학교학업성취도":68.1,
            "용적률":769,
            "건폐율":57,
            "Y":37.536451,
            "X":127.136445,
            "rank":40.0,
            "area_info":"6평(22.35), 7평(25.68)",
            "last_sales":"2021-12-30,10800.0,6평(22.35)",
            "rank_history":[
                [
                    "202202",
                    40
                ],
                [
                    "202201",
                    41
                ]
            ],
            "rank_gap":1
        },
        {
            "index":354,
            "아파트명":"삼익그린11차",
            "투자타입":"재건축",
            "전용면적(m2)":"94.49",
            "전용면적(평)":"28평",
            "법정동주소":"서울시 강동구 명일동 38",
            "도로명주소":"서울시 강동구 명일로 376",
            "세대수":0,
            "입주년차":"--",
            "용적률점수":80,
            "건폐율점수":100,
            "세대당주차수":"--",
            "난방방식":"--",
            "공급면적":70,
            "전용률":60,
            "욕실수":"--",
            "현관타입":"--",
            "주거총점":58.5,
            "지역구공급총점":0.0,
            "역세권":80,
            "30분내 이동가능 거점":0,
            "1시간내 이동가능 거점":90,
            "교통총점":58.0,
            "백화점":100,
            "아울렛몰":0,
            "대형마트":100,
            "은행":100,
            "병원":0,
            "종합병원":100,
            "공원":100,
            "혐오시설":0,
            "인프라총점":78.0,
            "초등학군":90.02,
            "중학군":45.76,
            "학군총점":54.612,
            "인구수":50.31,
            "인구증감":5.02,
            "인구총점":36.723,
            "일자리":20.37,
            "소득수준":68.8,
            "일자리총점":34.899,
            "가치 총점":63.5918,
            "매매실거래년":20210728.0,
            "매매실거래가":116000.0,
            "전세실거래년":20211206.0,
            "전세실거래가":55000.0,
            "전세가율":47.41,
            "장기전세가율평균":60.27,
            "전세가율거품지수":12.86,
            "검색코드":8853,
            "세대수":152.0,
            "준공년월":"1986-06-30",
            "준공년차":37.0,
            "가까운역이름":"고덕",
            "가까운역거리":459.18,
            "역세권여부":"역세권",
            "30분이내주요거점역":0,
            "30분거점역이름":"[]",
            "1시간이내주요거점역":9,
            "1시간거점역이름":"['강남', '역삼', '잠실', '여의도', '을지로입구', '을지로3가', '양재', '왕십리', '명동']",
            "3km이내백화점수":1,
            "5km이내아울렛몰수":0,
            "1km이내대형먀트수":2,
            "500m이내은행수":6,
            "500m이내병원수":0,
            "5km이내대형병원수":4,
            "500m이내공원수":4,
            "3km이내혐오시설수":0,
            "초등학교학업성취도":90.02,
            "중학교학업성취도":75.8,
            "용적률":179,
            "건폐율":13,
            "Y":37.55189,
            "X":127.15073,
            "rank":41.0,
            "area_info":"28평(94.49), 30평(100.89), 45평(149.3)",
            "last_sales":"2021-07-28,116000.0,28평(94.49)",
            "rank_history":[
                [
                    "202202",
                    41
                ],
                [
                    "202201",
                    37
                ]
            ],
            "rank_gap":-4
        },
        {
            "index":654,
            "아파트명":"강변그대가리버뷰",
            "투자타입":"일반",
            "전용면적(m2)":"111.45",
            "전용면적(평)":"33평",
            "법정동주소":"서울시 강동구 천호동 568",
            "도로명주소":"서울시 강동구 올림픽로89길 58",
            "세대수":0,
            "입주년차":40,
            "용적률점수":"--",
            "건폐율점수":"--",
            "세대당주차수":30,
            "난방방식":30,
            "공급면적":"--",
            "전용률":"--",
            "욕실수":100,
            "현관타입":100,
            "주거총점":35.5,
            "지역구공급총점":0.0,
            "역세권":80,
            "30분내 이동가능 거점":40,
            "1시간내 이동가능 거점":100,
            "교통총점":72.0,
            "백화점":100,
            "아울렛몰":80,
            "대형마트":100,
            "은행":20,
            "병원":0,
            "종합병원":100,
            "공원":100,
            "혐오시설":0,
            "인프라총점":78.0,
            "초등학군":89.98,
            "중학군":41.9,
            "학군총점":51.516,
            "인구수":50.31,
            "인구증감":5.02,
            "인구총점":36.723,
            "일자리":20.37,
            "소득수준":68.8,
            "일자리총점":34.899,
            "가치 총점":63.4274,
            "매매실거래년":20220128.0,
            "매매실거래가":148500.0,
            "전세실거래년":20211018.0,
            "전세실거래가":50400.0,
            "전세가율":42.35,
            "장기전세가율평균":60.27,
            "전세가율거품지수":17.92,
            "검색코드":22537,
            "세대수":225.0,
            "준공년월":"2007-02-16",
            "준공년차":16.0,
            "가까운역이름":"암사",
            "가까운역거리":462.91,
            "역세권여부":"역세권",
            "30분이내주요거점역":2,
            "30분거점역이름":"['역삼', '잠실']",
            "1시간이내주요거점역":13,
            "1시간거점역이름":"['강남', '역삼', '잠실', '판교', '여의도', '을지로입구', '을지로3가', '양재', '정자', '왕십리', '구로디지털단지', '명동', '서현']",
            "3km이내백화점수":1,
            "5km이내아울렛몰수":1,
            "1km이내대형먀트수":2,
            "500m이내은행수":2,
            "500m이내병원수":0,
            "5km이내대형병원수":6,
            "500m이내공원수":3,
            "3km이내혐오시설수":0,
            "초등학교학업성취도":89.98,
            "중학교학업성취도":69.1,
            "용적률":229,
            "건폐율":22,
            "Y":37.547869,
            "X":127.12322,
            "rank":42.0,
            "area_info":"33평(111.45), 33평(112.0), 34평(114.16), 34평(114.21), 36평(122.26)",
            "last_sales":"2022-01-28,148500.0,34평(114.16)",
            "rank_history":[
                [
                    "202202",
                    42
                ],
                [
                    "202201",
                    52
                ]
            ],
            "rank_gap":10
        },
        {
            "index":343,
            "아파트명":"명일LG",
            "투자타입":"일반",
            "전용면적(m2)":"81.74",
            "전용면적(평)":"24평",
            "법정동주소":"서울시 강동구 명일동 332",
            "도로명주소":"서울시 강동구 상암로51길 61",
            "세대수":80,
            "입주년차":20,
            "용적률점수":"--",
            "건폐율점수":"--",
            "세대당주차수":30,
            "난방방식":30,
            "공급면적":"--",
            "전용률":"--",
            "욕실수":50,
            "현관타입":10,
            "주거총점":45.5,
            "지역구공급총점":0.0,
            "역세권":80,
            "30분내 이동가능 거점":40,
            "1시간내 이동가능 거점":90,
            "교통총점":70.0,
            "백화점":100,
            "아울렛몰":0,
            "대형마트":100,
            "은행":20,
            "병원":0,
            "종합병원":100,
            "공원":100,
            "혐오시설":0,
            "인프라총점":70.0,
            "초등학군":90.02,
            "중학군":50.94,
            "학군총점":58.756,
            "인구수":50.31,
            "인구증감":5.02,
            "인구총점":36.723,
            "일자리":20.37,
            "소득수준":68.8,
            "일자리총점":34.899,
            "가치 총점":63.4134,
            "매매실거래년":20211129.0,
            "매매실거래가":92000.0,
            "전세실거래년":20220117.0,
            "전세실거래가":49000.0,
            "전세가율":53.26,
            "장기전세가율평균":60.27,
            "전세가율거품지수":7.01,
            "검색코드":903,
            "세대수":772.0,
            "준공년월":"1999-12-27",
            "준공년차":24.0,
            "가까운역이름":"명일",
            "가까운역거리":314.12,
            "역세권여부":"역세권",
            "30분이내주요거점역":2,
            "30분거점역이름":"['잠실', '왕십리']",
            "1시간이내주요거점역":9,
            "1시간거점역이름":"['강남', '역삼', '잠실', '여의도', '을지로입구', '을지로3가', '양재', '왕십리', '명동']",
            "3km이내백화점수":1,
            "5km이내아울렛몰수":0,
            "1km이내대형먀트수":3,
            "500m이내은행수":2,
            "500m이내병원수":0,
            "5km이내대형병원수":4,
            "500m이내공원수":9,
            "3km이내혐오시설수":0,
            "초등학교학업성취도":90.02,
            "중학교학업성취도":82.9,
            "용적률":380,
            "건폐율":27,
            "Y":37.549082,
            "X":127.146089,
            "rank":43.0,
            "area_info":"24평(81.74), 24평(81.18), 32평(107.96), 33평(111.53), 35평(116.04)",
            "last_sales":"2021-11-29,92000.0,24평(81.74)",
            "rank_history":[
                [
                    "202202",
                    43
                ],
                [
                    "202201",
                    38
                ]
            ],
            "rank_gap":-5
        },
        {
            "index":615,
            "아파트명":"중앙하이츠",
            "투자타입":"일반",
            "전용면적(m2)":"70.71",
            "전용면적(평)":"21평",
            "법정동주소":"서울시 강동구 암사동 493-14",
            "도로명주소":"서울시 강동구 올림픽로98가길 47",
            "세대수":0,
            "입주년차":0,
            "용적률점수":"--",
            "건폐율점수":"--",
            "세대당주차수":30,
            "난방방식":30,
            "공급면적":"--",
            "전용률":"--",
            "욕실수":50,
            "현관타입":10,
            "주거총점":13.5,
            "지역구공급총점":0.0,
            "역세권":80,
            "30분내 이동가능 거점":60,
            "1시간내 이동가능 거점":100,
            "교통총점":78.0,
            "백화점":100,
            "아울렛몰":80,
            "대형마트":100,
            "은행":70,
            "병원":0,
            "종합병원":100,
            "공원":100,
            "혐오시설":0,
            "인프라총점":83.0,
            "초등학군":89.98,
            "중학군":48.28,
            "학군총점":56.62,
            "인구수":50.31,
            "인구증감":5.02,
            "인구총점":36.723,
            "일자리":20.37,
            "소득수준":68.8,
            "일자리총점":34.899,
            "가치 총점":63.393,
            "매매실거래년":20201024.0,
            "매매실거래가":65000.0,
            "전세실거래년":20191008.0,
            "전세실거래가":26000.0,
            "전세가율":70.27,
            "장기전세가율평균":60.27,
            "전세가율거품지수":-10.0,
            "검색코드":904,
            "세대수":126.0,
            "준공년월":"1998-07-29",
            "준공년차":25.0,
            "가까운역이름":"암사",
            "가까운역거리":396.84,
            "역세권여부":"역세권",
            "30분이내주요거점역":3,
            "30분거점역이름":"['역삼', '잠실', '왕십리']",
            "1시간이내주요거점역":13,
            "1시간거점역이름":"['강남', '역삼', '잠실', '판교', '여의도', '을지로입구', '을지로3가', '양재', '정자', '왕십리', '구로디지털단지', '명동', '서현']",
            "3km이내백화점수":1,
            "5km이내아울렛몰수":1,
            "1km이내대형먀트수":2,
            "500m이내은행수":3,
            "500m이내병원수":0,
            "5km이내대형병원수":5,
            "500m이내공원수":3,
            "3km이내혐오시설수":0,
            "초등학교학업성취도":89.98,
            "중학교학업성취도":79.2,
            "용적률":278,
            "건폐율":30,
            "Y":37.55124,
            "X":127.131872,
            "rank":44.0,
            "area_info":"21평(70.71), 24평(79.49), 42평(139.38)",
            "last_sales":"2020-10-24,65000.0,42평(139.38)",
            "rank_history":[
                [
                    "202202",
                    44
                ],
                [
                    "202201",
                    39
                ]
            ],
            "rank_gap":-5
        },
        {
            "index":531,
            "아파트명":"코오롱1차",
            "투자타입":"일반",
            "전용면적(m2)":"89.31",
            "전용면적(평)":"27평",
            "법정동주소":"서울시 강동구 성내동 196-8",
            "도로명주소":"서울시 강동구 천호대로168길 25",
            "세대수":0,
            "입주년차":20,
            "용적률점수":"--",
            "건폐율점수":"--",
            "세대당주차수":30,
            "난방방식":30,
            "공급면적":"--",
            "전용률":"--",
            "욕실수":50,
            "현관타입":100,
            "주거총점":26.5,
            "지역구공급총점":0.0,
            "역세권":80,
            "30분내 이동가능 거점":40,
            "1시간내 이동가능 거점":100,
            "교통총점":72.0,
            "백화점":100,
            "아울렛몰":80,
            "대형마트":100,
            "은행":70,
            "병원":0,
            "종합병원":100,
            "공원":100,
            "혐오시설":0,
            "인프라총점":83.0,
            "초등학군":89.96,
            "중학군":40.86,
            "학군총점":50.68,
            "인구수":50.31,
            "인구증감":5.02,
            "인구총점":36.723,
            "일자리":20.37,
            "소득수준":68.8,
            "일자리총점":34.899,
            "가치 총점":63.002,
            "매매실거래년":20200905.0,
            "매매실거래가":95000.0,
            "전세실거래년":20211014.0,
            "전세실거래가":45000.0,
            "전세가율":70.31,
            "장기전세가율평균":60.27,
            "전세가율거품지수":-10.04,
            "검색코드":3110,
            "세대수":257.0,
            "준공년월":"1999-05-18",
            "준공년차":24.0,
            "가까운역이름":"강동",
            "가까운역거리":152.81,
            "역세권여부":"역세권",
            "30분이내주요거점역":2,
            "30분거점역이름":"['잠실', '왕십리']",
            "1시간이내주요거점역":14,
            "1시간거점역이름":"['강남', '역삼', '잠실', '판교', '여의도', '을지로입구', '을지로3가', '양재', '정자', '왕십리', '홍대입구', '구로디지털단지', '명동', '서현']",
            "3km이내백화점수":1,
            "5km이내아울렛몰수":1,
            "1km이내대형먀트수":4,
            "500m이내은행수":3,
            "500m이내병원수":0,
            "5km이내대형병원수":6,
            "500m이내공원수":2,
            "3km이내혐오시설수":0,
            "초등학교학업성취도":89.96,
            "중학교학업성취도":68.1,
            "용적률":351,
            "건폐율":54,
            "Y":37.53443,
            "X":127.13245,
            "rank":45.0,
            "area_info":"27평(89.31), 27평(90.4), 32평(107.87), 36평(121.35), 42평(141.88), 43평(143.53)",
            "last_sales":"2020-09-05,95000.0,43평(143.53)",
            "rank_history":[
                [
                    "202202",
                    45
                ],
                [
                    "202201",
                    43
                ]
            ],
            "rank_gap":-2
        },
        {
            "index":541,
            "아파트명":"강동롯데캐슬퍼스트",
            "투자타입":"일반",
            "전용면적(m2)":"87.41",
            "전용면적(평)":"26평",
            "법정동주소":"서울시 강동구 암사동 414-2",
            "도로명주소":"서울시 강동구 고덕로 131",
            "세대수":100,
            "입주년차":40,
            "용적률점수":"--",
            "건폐율점수":"--",
            "세대당주차수":60,
            "난방방식":30,
            "공급면적":"--",
            "전용률":"--",
            "욕실수":100,
            "현관타입":100,
            "주거총점":75.0,
            "지역구공급총점":0.0,
            "역세권":50,
            "30분내 이동가능 거점":20,
            "1시간내 이동가능 거점":100,
            "교통총점":51.0,
            "백화점":100,
            "아울렛몰":0,
            "대형마트":100,
            "은행":20,
            "병원":0,
            "종합병원":100,
            "공원":100,
            "혐오시설":0,
            "인프라총점":70.0,
            "초등학군":90.0,
            "중학군":53.36,
            "학군총점":60.688,
            "인구수":50.31,
            "인구증감":5.02,
            "인구총점":36.723,
            "일자리":20.37,
            "소득수준":68.8,
            "일자리총점":34.899,
            "가치 총점":62.9532,
            "매매실거래년":20211229.0,
            "매매실거래가":125000.0,
            "전세실거래년":20220125.0,
            "전세실거래가":73000.0,
            "전세가율":58.4,
            "장기전세가율평균":60.27,
            "전세가율거품지수":1.87,
            "검색코드":22570,
            "세대수":3226.0,
            "준공년월":"2008-09-25",
            "준공년차":15.0,
            "가까운역이름":"명일",
            "가까운역거리":635.09,
            "역세권여부":"준역세권",
            "30분이내주요거점역":1,
            "30분거점역이름":"['잠실']",
            "1시간이내주요거점역":10,
            "1시간거점역이름":"['강남', '역삼', '잠실', '여의도', '을지로입구', '을지로3가', '양재', '왕십리', '명동', '서현']",
            "3km이내백화점수":1,
            "5km이내아울렛몰수":0,
            "1km이내대형먀트수":3,
            "500m이내은행수":2,
            "500m이내병원수":0,
            "5km이내대형병원수":4,
            "500m이내공원수":5,
            "3km이내혐오시설수":0,
            "초등학교학업성취도":90.0,
            "중학교학업성취도":86.4,
            "용적률":276,
            "건폐율":13,
            "Y":37.556495,
            "X":127.140819,
            "rank":46.0,
            "area_info":"26평(87.41), 26평(87.41), 34평(112.47), 34평(112.52), 34평(113.0), 34평(113.0), 34평(113.45), 40평(132.81), 40평(134.57), 44평(145.47), 44평(145.76), 51평(169.22), 60평(198.51)",
            "last_sales":"2021-12-29,125000.0,26평(87.41)",
            "rank_history":[
                [
                    "202202",
                    46
                ],
                [
                    "202201",
                    48
                ]
            ],
            "rank_gap":2
        },
        {
            "index":643,
            "아파트명":"강동역두산위브센티움",
            "투자타입":"일반",
            "전용면적(m2)":"35.59",
            "전용면적(평)":"10평",
            "법정동주소":"서울시 강동구 천호동 155-5",
            "도로명주소":"서울시 강동구 성안로 155",
            "세대수":0,
            "입주년차":40,
            "용적률점수":"--",
            "건폐율점수":"--",
            "세대당주차수":30,
            "난방방식":30,
            "공급면적":"--",
            "전용률":"--",
            "욕실수":50,
            "현관타입":10,
            "주거총점":21.5,
            "지역구공급총점":0.0,
            "역세권":80,
            "30분내 이동가능 거점":40,
            "1시간내 이동가능 거점":100,
            "교통총점":72.0,
            "백화점":100,
            "아울렛몰":80,
            "대형마트":100,
            "은행":100,
            "병원":0,
            "종합병원":100,
            "공원":100,
            "혐오시설":0,
            "인프라총점":86.0,
            "초등학군":89.96,
            "중학군":40.86,
            "학군총점":50.68,
            "인구수":50.31,
            "인구증감":5.02,
            "인구총점":36.723,
            "일자리":20.37,
            "소득수준":68.8,
            "일자리총점":34.899,
            "가치 총점":62.902,
            "매매실거래년":20210910.0,
            "매매실거래가":78200.0,
            "전세실거래년":20200713.0,
            "전세실거래가":17500.0,
            "전세가율":72.92,
            "장기전세가율평균":60.27,
            "전세가율거품지수":-12.65,
            "검색코드":14365,
            "세대수":140.0,
            "준공년월":"2004-05-03",
            "준공년차":19.0,
            "가까운역이름":"강동",
            "가까운역거리":264.37,
            "역세권여부":"역세권",
            "30분이내주요거점역":2,
            "30분거점역이름":"['잠실', '왕십리']",
            "1시간이내주요거점역":13,
            "1시간거점역이름":"['강남', '역삼', '잠실', '판교', '여의도', '을지로입구', '을지로3가', '양재', '정자', '왕십리', '홍대입구', '명동', '서현']",
            "3km이내백화점수":1,
            "5km이내아울렛몰수":1,
            "1km이내대형먀트수":3,
            "500m이내은행수":7,
            "500m이내병원수":0,
            "5km이내대형병원수":6,
            "500m이내공원수":3,
            "3km이내혐오시설수":0,
            "초등학교학업성취도":89.96,
            "중학교학업성취도":68.1,
            "용적률":599,
            "건폐율":49,
            "Y":37.537161,
            "X":127.134943,
            "rank":47.0,
            "area_info":"10평(35.59), 19평(65.38), 24평(82.21), 24평(82.21), 26평(88.83)",
            "last_sales":"2021-09-10,78200.0,26평(88.83)",
            "rank_history":[
                [
                    "202202",
                    47
                ],
                [
                    "202201",
                    40
                ]
            ],
            "rank_gap":-7
        },
        {
            "index":385,
            "아파트명":"형인허브빌",
            "투자타입":"일반",
            "전용면적(m2)":"101.92",
            "전용면적(평)":"30평",
            "법정동주소":"서울시 강동구 명일동 354",
            "도로명주소":"서울시 강동구 상암로49길 13",
            "세대수":0,
            "입주년차":20,
            "용적률점수":"--",
            "건폐율점수":"--",
            "세대당주차수":30,
            "난방방식":30,
            "공급면적":"--",
            "전용률":"--",
            "욕실수":100,
            "현관타입":100,
            "주거총점":31.5,
            "지역구공급총점":0.0,
            "역세권":80,
            "30분내 이동가능 거점":40,
            "1시간내 이동가능 거점":100,
            "교통총점":72.0,
            "백화점":100,
            "아울렛몰":0,
            "대형마트":100,
            "은행":70,
            "병원":0,
            "종합병원":100,
            "공원":100,
            "혐오시설":0,
            "인프라총점":75.0,
            "초등학군":90.02,
            "중학군":50.94,
            "학군총점":58.756,
            "인구수":50.31,
            "인구증감":5.02,
            "인구총점":36.723,
            "일자리":20.37,
            "소득수준":68.8,
            "일자리총점":34.899,
            "가치 총점":62.8134,
            "매매실거래년":20180317.0,
            "매매실거래가":50500.0,
            "전세실거래년":20210224.0,
            "전세실거래가":43000.0,
            "전세가율":120.79,
            "장기전세가율평균":60.27,
            "전세가율거품지수":-60.52,
            "검색코드":9707,
            "세대수":103.0,
            "준공년월":"2002-11-04",
            "준공년차":21.0,
            "가까운역이름":"굽은다리",
            "가까운역거리":228.94,
            "역세권여부":"역세권",
            "30분이내주요거점역":2,
            "30분거점역이름":"['잠실', '왕십리']",
            "1시간이내주요거점역":13,
            "1시간거점역이름":"['강남', '역삼', '잠실', '판교', '여의도', '을지로입구', '을지로3가', '양재', '왕십리', '홍대입구', '구로디지털단지', '명동', '서현']",
            "3km이내백화점수":1,
            "5km이내아울렛몰수":0,
            "1km이내대형먀트수":3,
            "500m이내은행수":3,
            "500m이내병원수":0,
            "5km이내대형병원수":4,
            "500m이내공원수":4,
            "3km이내혐오시설수":0,
            "초등학교학업성취도":90.02,
            "중학교학업성취도":82.9,
            "용적률":297,
            "건폐율":28,
            "Y":37.547088,
            "X":127.14447,
            "rank":48.0,
            "area_info":"30평(101.92), 31평(103.79), 31평(103.21), 32평(106.01)",
            "last_sales":"2018-03-17,50500.0,32평(106.01)",
            "rank_history":[
                [
                    "202202",
                    48
                ],
                [
                    "202201",
                    44
                ]
            ],
            "rank_gap":-4
        },
        {
            "index":137,
            "아파트명":"강동큐브2차(도시형)",
            "투자타입":"일반",
            "전용면적(m2)":"19.98",
            "전용면적(평)":"6평",
            "법정동주소":"서울시 강동구 길동 415-13",
            "도로명주소":"서울시 강동구 진황도로 85",
            "세대수":0,
            "입주년차":60,
            "용적률점수":"--",
            "건폐율점수":"--",
            "세대당주차수":0,
            "난방방식":30,
            "공급면적":"--",
            "전용률":"--",
            "욕실수":50,
            "현관타입":10,
            "주거총점":21.0,
            "지역구공급총점":0.0,
            "역세권":80,
            "30분내 이동가능 거점":40,
            "1시간내 이동가능 거점":100,
            "교통총점":72.0,
            "백화점":100,
            "아울렛몰":80,
            "대형마트":100,
            "은행":100,
            "병원":0,
            "종합병원":100,
            "공원":100,
            "혐오시설":0,
            "인프라총점":86.0,
            "초등학군":89.96,
            "중학군":40.86,
            "학군총점":50.68,
            "인구수":50.31,
            "인구증감":5.02,
            "인구총점":36.723,
            "일자리":20.37,
            "소득수준":68.8,
            "일자리총점":34.899,
            "가치 총점":62.802,
            "매매실거래년":20220122.0,
            "매매실거래가":10300.0,
            "전세실거래년":20211117.0,
            "전세실거래가":10900.0,
            "전세가율":80.74,
            "장기전세가율평균":60.27,
            "전세가율거품지수":-20.47,
            "검색코드":105870,
            "세대수":236.0,
            "준공년월":"2013-04-30",
            "준공년차":10.0,
            "가까운역이름":"강동",
            "가까운역거리":339.0,
            "역세권여부":"역세권",
            "30분이내주요거점역":2,
            "30분거점역이름":"['잠실', '왕십리']",
            "1시간이내주요거점역":13,
            "1시간거점역이름":"['강남', '역삼', '잠실', '판교', '여의도', '을지로입구', '을지로3가', '양재', '정자', '왕십리', '홍대입구', '명동', '서현']",
            "3km이내백화점수":1,
            "5km이내아울렛몰수":1,
            "1km이내대형먀트수":2,
            "500m이내은행수":9,
            "500m이내병원수":0,
            "5km이내대형병원수":6,
            "500m이내공원수":2,
            "3km이내혐오시설수":0,
            "초등학교학업성취도":89.96,
            "중학교학업성취도":68.1,
            "용적률":602,
            "건폐율":59,
            "Y":37.536692,
            "X":127.136159,
            "rank":49.0,
            "area_info":"6평(19.98), 6평(22.85), 7평(24.13), 7평(24.13)",
            "last_sales":"2022-01-22,10300.0,6평(22.85)",
            "rank_history":[
                [
                    "202202",
                    49
                ],
                [
                    "202201",
                    47
                ]
            ],
            "rank_gap":-2
        },
        {
            "index":135,
            "아파트명":"강동와이시티(도시형)",
            "투자타입":"일반",
            "전용면적(m2)":"23.33",
            "전용면적(평)":"7평",
            "법정동주소":"서울시 강동구 길동 414-4",
            "도로명주소":"서울시 강동구 천호대로175길 42",
            "세대수":0,
            "입주년차":80,
            "용적률점수":"--",
            "건폐율점수":"--",
            "세대당주차수":0,
            "난방방식":30,
            "공급면적":"--",
            "전용률":"--",
            "욕실수":50,
            "현관타입":10,
            "주거총점":25.0,
            "지역구공급총점":0.0,
            "역세권":80,
            "30분내 이동가능 거점":40,
            "1시간내 이동가능 거점":100,
            "교통총점":72.0,
            "백화점":100,
            "아울렛몰":80,
            "대형마트":80,
            "은행":100,
            "병원":0,
            "종합병원":100,
            "공원":100,
            "혐오시설":0,
            "인프라총점":83.0,
            "초등학군":89.96,
            "중학군":40.86,
            "학군총점":50.68,
            "인구수":50.31,
            "인구증감":5.02,
            "인구총점":36.723,
            "일자리":20.37,
            "소득수준":68.8,
            "일자리총점":34.899,
            "가치 총점":62.702,
            "매매실거래년":20220106.0,
            "매매실거래가":11400.0,
            "전세실거래년":20220127.0,
            "전세실거래가":12000.0,
            "전세가율":105.26,
            "장기전세가율평균":60.27,
            "전세가율거품지수":-44.99,
            "검색코드":105877,
            "세대수":216.0,
            "준공년월":"2014-01-28",
            "준공년차":9.0,
            "가까운역이름":"길동",
            "가까운역거리":262.59,
            "역세권여부":"역세권",
            "30분이내주요거점역":2,
            "30분거점역이름":"['잠실', '왕십리']",
            "1시간이내주요거점역":11,
            "1시간거점역이름":"['강남', '역삼', '잠실', '여의도', '을지로입구', '을지로3가', '정자', '왕십리', '홍대입구', '명동', '서현']",
            "3km이내백화점수":1,
            "5km이내아울렛몰수":1,
            "1km이내대형먀트수":1,
            "500m이내은행수":10,
            "500m이내병원수":0,
            "5km이내대형병원수":6,
            "500m이내공원수":3,
            "3km이내혐오시설수":0,
            "초등학교학업성취도":89.96,
            "중학교학업성취도":68.1,
            "용적률":596,
            "건폐율":53,
            "Y":37.536585,
            "X":127.137451,
            "rank":50.0,
            "area_info":"7평(23.33), 7평(23.36)",
            "last_sales":"2022-01-06,11400.0,7평(23.33)",
            "rank_history":[
                [
                    "202202",
                    50
                ],
                [
                    "202201",
                    67
                ]
            ],
            "rank_gap":17
        },
        {
            "index":569,
            "아파트명":"삼성광나루",
            "투자타입":"일반",
            "전용면적(m2)":"77.33",
            "전용면적(평)":"23평",
            "법정동주소":"서울시 강동구 암사동 508",
            "도로명주소":"서울시 강동구 상암로3길 77",
            "세대수":50,
            "입주년차":20,
            "용적률점수":"--",
            "건폐율점수":"--",
            "세대당주차수":30,
            "난방방식":30,
            "공급면적":"--",
            "전용률":"--",
            "욕실수":100,
            "현관타입":100,
            "주거총점":49.0,
            "지역구공급총점":0.0,
            "역세권":80,
            "30분내 이동가능 거점":40,
            "1시간내 이동가능 거점":100,
            "교통총점":72.0,
            "백화점":100,
            "아울렛몰":80,
            "대형마트":0,
            "은행":20,
            "병원":0,
            "종합병원":100,
            "공원":100,
            "혐오시설":0,
            "인프라총점":63.0,
            "초등학군":89.99,
            "중학군":48.28,
            "학군총점":56.622,
            "인구수":50.31,
            "인구증감":5.02,
            "인구총점":36.723,
            "일자리":20.37,
            "소득수준":68.8,
            "일자리총점":34.899,
            "가치 총점":62.3933,
            "매매실거래년":20211223.0,
            "매매실거래가":110500.0,
            "전세실거래년":20220118.0,
            "전세실거래가":42000.0,
            "전세가율":38.01,
            "장기전세가율평균":60.27,
            "전세가율거품지수":22.26,
            "검색코드":3116,
            "세대수":490.0,
            "준공년월":"2002-11-01",
            "준공년차":21.0,
            "가까운역이름":"암사",
            "가까운역거리":462.31,
            "역세권여부":"역세권",
            "30분이내주요거점역":2,
            "30분거점역이름":"['역삼', '잠실']",
            "1시간이내주요거점역":13,
            "1시간거점역이름":"['강남', '역삼', '잠실', '판교', '여의도', '을지로입구', '을지로3가', '양재', '정자', '왕십리', '구로디지털단지', '명동', '서현']",
            "3km이내백화점수":1,
            "5km이내아울렛몰수":1,
            "1km이내대형먀트수":0,
            "500m이내은행수":2,
            "500m이내병원수":0,
            "5km이내대형병원수":6,
            "500m이내공원수":3,
            "3km이내혐오시설수":0,
            "초등학교학업성취도":89.99,
            "중학교학업성취도":79.2,
            "용적률":395,
            "건폐율":65,
            "Y":37.554339,
            "X":127.126947,
            "rank":51.0,
            "area_info":"23평(77.33), 23평(77.65), 33평(109.85), 33평(109.96), 33평(109.98), 33평(110.02), 45평(148.82), 45평(148.82), 61평(203.7)",
            "last_sales":"2021-12-23,110500.0,23평(77.33)",
            "rank_history":[
                [
                    "202202",
                    51
                ],
                [
                    "202201",
                    49
                ]
            ],
            "rank_gap":-2
        },
        {
            "index":759,
            "아파트명":"천호태영",
            "투자타입":"일반",
            "전용면적(m2)":"82.88",
            "전용면적(평)":"25평",
            "법정동주소":"서울시 강동구 천호동 566",
            "도로명주소":"서울시 강동구 천호대로 1055",
            "세대수":50,
            "입주년차":20,
            "용적률점수":"--",
            "건폐율점수":"--",
            "세대당주차수":0,
            "난방방식":30,
            "공급면적":"--",
            "전용률":"--",
            "욕실수":50,
            "현관타입":10,
            "주거총점":30.5,
            "지역구공급총점":0.0,
            "역세권":80,
            "30분내 이동가능 거점":40,
            "1시간내 이동가능 거점":100,
            "교통총점":72.0,
            "백화점":100,
            "아울렛몰":80,
            "대형마트":100,
            "은행":20,
            "병원":0,
            "종합병원":100,
            "공원":100,
            "혐오시설":0,
            "인프라총점":78.0,
            "초등학군":90.01,
            "중학군":40.86,
            "학군총점":50.69,
            "인구수":50.31,
            "인구증감":5.02,
            "인구총점":36.723,
            "일자리":20.37,
            "소득수준":68.8,
            "일자리총점":34.899,
            "가치 총점":62.3035,
            "매매실거래년":20210708.0,
            "매매실거래가":125000.0,
            "전세실거래년":20210814.0,
            "전세실거래가":36750.0,
            "전세가율":39.52,
            "장기전세가율평균":60.27,
            "전세가율거품지수":20.75,
            "검색코드":1004,
            "세대수":649.0,
            "준공년월":"1999-11-20",
            "준공년차":24.0,
            "가까운역이름":"강동",
            "가까운역거리":372.67,
            "역세권여부":"역세권",
            "30분이내주요거점역":2,
            "30분거점역이름":"['잠실', '왕십리']",
            "1시간이내주요거점역":14,
            "1시간거점역이름":"['강남', '역삼', '잠실', '판교', '여의도', '을지로입구', '을지로3가', '양재', '정자', '왕십리', '홍대입구', '구로디지털단지', '명동', '서현']",
            "3km이내백화점수":1,
            "5km이내아울렛몰수":1,
            "1km이내대형먀트수":3,
            "500m이내은행수":2,
            "500m이내병원수":0,
            "5km이내대형병원수":6,
            "500m이내공원수":2,
            "3km이내혐오시설수":0,
            "초등학교학업성취도":90.01,
            "중학교학업성취도":68.1,
            "용적률":315,
            "건폐율":20,
            "Y":37.538494,
            "X":127.12996,
            "rank":52.0,
            "area_info":"25평(82.88), 32평(108.87), 33평(109.71), 42평(139.13), 42평(141.65), 43평(142.31)",
            "last_sales":"2021-07-08,125000.0,43평(142.31)",
            "rank_history":[
                [
                    "202202",
                    52
                ],
                [
                    "202201",
                    45
                ]
            ],
            "rank_gap":-7
        },
        {
            "index":160,
            "아파트명":"길동청광플러스원큐브1차(도시형)",
            "투자타입":"일반",
            "전용면적(m2)":"25.05",
            "전용면적(평)":"7평",
            "법정동주소":"서울시 강동구 길동 387-5",
            "도로명주소":"서울시 강동구 천중로42길 70",
            "세대수":0,
            "입주년차":60,
            "용적률점수":"--",
            "건폐율점수":"--",
            "세대당주차수":0,
            "난방방식":30,
            "공급면적":"--",
            "전용률":"--",
            "욕실수":50,
            "현관타입":10,
            "주거총점":21.0,
            "지역구공급총점":0.0,
            "역세권":80,
            "30분내 이동가능 거점":40,
            "1시간내 이동가능 거점":100,
            "교통총점":72.0,
            "백화점":100,
            "아울렛몰":80,
            "대형마트":80,
            "은행":100,
            "병원":0,
            "종합병원":100,
            "공원":100,
            "혐오시설":0,
            "인프라총점":83.0,
            "초등학군":89.96,
            "중학군":40.86,
            "학군총점":50.68,
            "인구수":50.31,
            "인구증감":5.02,
            "인구총점":36.723,
            "일자리":20.37,
            "소득수준":68.8,
            "일자리총점":34.899,
            "가치 총점":61.902,
            "매매실거래년":"18000101",
            "매매실거래가":null,
            "전세실거래년":null,
            "전세실거래가":null,
            "전세가율":null,
            "장기전세가율평균":60.27,
            "전세가율거품지수":null,
            "검색코드":105873,
            "세대수":112.0,
            "준공년월":"2012-11-21",
            "준공년차":11.0,
            "가까운역이름":"길동",
            "가까운역거리":147.79,
            "역세권여부":"역세권",
            "30분이내주요거점역":2,
            "30분거점역이름":"['잠실', '왕십리']",
            "1시간이내주요거점역":11,
            "1시간거점역이름":"['강남', '역삼', '잠실', '여의도', '을지로입구', '을지로3가', '양재', '왕십리', '홍대입구', '명동', '서현']",
            "3km이내백화점수":1,
            "5km이내아울렛몰수":1,
            "1km이내대형먀트수":1,
            "500m이내은행수":9,
            "500m이내병원수":0,
            "5km이내대형병원수":6,
            "500m이내공원수":4,
            "3km이내혐오시설수":0,
            "초등학교학업성취도":89.96,
            "중학교학업성취도":68.1,
            "용적률":499,
            "건폐율":47,
            "Y":37.537961,
            "X":127.13834,
            "rank":53.0,
            "area_info":"7평(25.05), 7평(25.63)",
            "last_sales":"1800-01-01,nan,7평(25.05)",
            "rank_history":[
                [
                    "202202",
                    53
                ],
                [
                    "202201",
                    47
                ]
            ],
            "rank_gap":-6
        },
        {
            "index":149,
            "아파트명":"경지아리움",
            "투자타입":"일반",
            "전용면적(m2)":"21.62",
            "전용면적(평)":"6평",
            "법정동주소":"서울시 강동구 길동 413-11",
            "도로명주소":"서울시 강동구 천호대로177길 40",
            "세대수":0,
            "입주년차":100,
            "용적률점수":"--",
            "건폐율점수":"--",
            "세대당주차수":0,
            "난방방식":30,
            "공급면적":"--",
            "전용률":"--",
            "욕실수":50,
            "현관타입":100,
            "주거총점":38.0,
            "지역구공급총점":0.0,
            "역세권":80,
            "30분내 이동가능 거점":40,
            "1시간내 이동가능 거점":100,
            "교통총점":72.0,
            "백화점":100,
            "아울렛몰":80,
            "대형마트":0,
            "은행":100,
            "병원":0,
            "종합병원":100,
            "공원":100,
            "혐오시설":0,
            "인프라총점":71.0,
            "초등학군":89.96,
            "중학군":40.86,
            "학군총점":50.68,
            "인구수":50.31,
            "인구증감":5.02,
            "인구총점":36.723,
            "일자리":20.37,
            "소득수준":68.8,
            "일자리총점":34.899,
            "가치 총점":61.702,
            "매매실거래년":"18000101",
            "매매실거래가":null,
            "전세실거래년":null,
            "전세실거래가":null,
            "전세가율":null,
            "장기전세가율평균":60.27,
            "전세가율거품지수":null,
            "검색코드":126639,
            "세대수":124.0,
            "준공년월":"2019-06-19",
            "준공년차":4.0,
            "가까운역이름":"길동",
            "가까운역거리":225.37,
            "역세권여부":"역세권",
            "30분이내주요거점역":2,
            "30분거점역이름":"['잠실', '왕십리']",
            "1시간이내주요거점역":10,
            "1시간거점역이름":"['강남', '역삼', '잠실', '여의도', '을지로입구', '을지로3가', '왕십리', '홍대입구', '명동', '서현']",
            "3km이내백화점수":1,
            "5km이내아울렛몰수":1,
            "1km이내대형먀트수":0,
            "500m이내은행수":11,
            "500m이내병원수":0,
            "5km이내대형병원수":6,
            "500m이내공원수":3,
            "3km이내혐오시설수":0,
            "초등학교학업성취도":89.96,
            "중학교학업성취도":68.1,
            "용적률":552,
            "건폐율":59,
            "Y":37.53644,
            "X":127.13811,
            "rank":54.0,
            "area_info":"6평(21.62), 6평(22.52), 6평(22.62), 7평(23.51), 9평(31.53), 10평(34.9), 12평(41.43)",
            "last_sales":"1800-01-01,nan,6평(21.62)",
            "rank_history":[
                [
                    "202202",
                    54
                ],
                [
                    "202201",
                    50
                ]
            ],
            "rank_gap":-4
        },
        {
            "index":351,
            "아파트명":"명일현대",
            "투자타입":"재건축",
            "전용면적(m2)":"80.13",
            "전용면적(평)":"24평",
            "법정동주소":"서울시 강동구 명일동 251-1",
            "도로명주소":"서울시 강동구 양재대로134길 87",
            "세대수":0,
            "입주년차":"--",
            "용적률점수":60,
            "건폐율점수":80,
            "세대당주차수":"--",
            "난방방식":"--",
            "공급면적":50,
            "전용률":60,
            "욕실수":"--",
            "현관타입":"--",
            "주거총점":45.5,
            "지역구공급총점":0.0,
            "역세권":80,
            "30분내 이동가능 거점":20,
            "1시간내 이동가능 거점":100,
            "교통총점":66.0,
            "백화점":100,
            "아울렛몰":0,
            "대형마트":100,
            "은행":0,
            "병원":0,
            "종합병원":100,
            "공원":100,
            "혐오시설":0,
            "인프라총점":68.0,
            "초등학군":90.02,
            "중학군":50.94,
            "학군총점":58.756,
            "인구수":50.31,
            "인구증감":5.02,
            "인구총점":36.723,
            "일자리":20.37,
            "소득수준":68.8,
            "일자리총점":34.899,
            "가치 총점":61.4134,
            "매매실거래년":20211113.0,
            "매매실거래가":85000.0,
            "전세실거래년":20220126.0,
            "전세실거래가":31500.0,
            "전세가율":37.06,
            "장기전세가율평균":60.27,
            "전세가율거품지수":23.21,
            "검색코드":987,
            "세대수":226.0,
            "준공년월":"1988-10-04",
            "준공년차":35.0,
            "가까운역이름":"명일",
            "가까운역거리":495.18,
            "역세권여부":"역세권",
            "30분이내주요거점역":1,
            "30분거점역이름":"['잠실']",
            "1시간이내주요거점역":10,
            "1시간거점역이름":"['강남', '역삼', '잠실', '판교', '여의도', '을지로입구', '을지로3가', '양재', '왕십리', '명동']",
            "3km이내백화점수":1,
            "5km이내아울렛몰수":0,
            "1km이내대형먀트수":2,
            "500m이내은행수":1,
            "500m이내병원수":0,
            "5km이내대형병원수":4,
            "500m이내공원수":5,
            "3km이내혐오시설수":0,
            "초등학교학업성취도":90.02,
            "중학교학업성취도":82.9,
            "용적률":249,
            "건폐율":20,
            "Y":37.548911,
            "X":127.148682,
            "rank":55.0,
            "area_info":"24평(80.13), 30평(100.61), 30평(101.47)",
            "last_sales":"2021-11-13,85000.0,24평(80.13)",
            "rank_history":[
                [
                    "202202",
                    55
                ],
                [
                    "202201",
                    54
                ]
            ],
            "rank_gap":-1
        },
        {
            "index":591,
            "아파트명":"암사한솔",
            "투자타입":"일반",
            "전용면적(m2)":"105.96",
            "전용면적(평)":"32평",
            "법정동주소":"서울시 강동구 암사동 419",
            "도로명주소":"서울시 강동구 암사19길 25",
            "세대수":0,
            "입주년차":20,
            "용적률점수":"--",
            "건폐율점수":"--",
            "세대당주차수":30,
            "난방방식":30,
            "공급면적":"--",
            "전용률":"--",
            "욕실수":100,
            "현관타입":100,
            "주거총점":31.5,
            "지역구공급총점":0.0,
            "역세권":80,
            "30분내 이동가능 거점":40,
            "1시간내 이동가능 거점":100,
            "교통총점":72.0,
            "백화점":100,
            "아울렛몰":0,
            "대형마트":100,
            "은행":20,
            "병원":0,
            "종합병원":100,
            "공원":100,
            "혐오시설":0,
            "인프라총점":70.0,
            "초등학군":90.0,
            "중학군":50.94,
            "학군총점":58.752,
            "인구수":50.31,
            "인구증감":5.02,
            "인구총점":36.723,
            "일자리":20.37,
            "소득수준":68.8,
            "일자리총점":34.899,
            "가치 총점":61.3128,
            "매매실거래년":20210711.0,
            "매매실거래가":103500.0,
            "전세실거래년":20211113.0,
            "전세실거래가":42000.0,
            "전세가율":40.58,
            "장기전세가율평균":60.27,
            "전세가율거품지수":19.69,
            "검색코드":3324,
            "세대수":203.0,
            "준공년월":"2002-01-29",
            "준공년차":21.0,
            "가까운역이름":"명일",
            "가까운역거리":301.38,
            "역세권여부":"역세권",
            "30분이내주요거점역":2,
            "30분거점역이름":"['잠실', '왕십리']",
            "1시간이내주요거점역":10,
            "1시간거점역이름":"['강남', '역삼', '잠실', '여의도', '을지로입구', '을지로3가', '양재', '왕십리', '홍대입구', '명동']",
            "3km이내백화점수":1,
            "5km이내아울렛몰수":0,
            "1km이내대형먀트수":3,
            "500m이내은행수":2,
            "500m이내병원수":0,
            "5km이내대형병원수":4,
            "500m이내공원수":10,
            "3km이내혐오시설수":0,
            "초등학교학업성취도":90.0,
            "중학교학업성취도":82.9,
            "용적률":258,
            "건폐율":23,
            "Y":37.552115,
            "X":127.140712,
            "rank":56.0,
            "area_info":"32평(105.96), 38평(125.92), 44평(147.58)",
            "last_sales":"2021-07-11,103500.0,32평(105.96)",
            "rank_history":[
                [
                    "202202",
                    56
                ],
                [
                    "202201",
                    53
                ]
            ],
            "rank_gap":-3
        },
        {
            "index":141,
            "아파트명":"강동한신휴플러스",
            "투자타입":"일반",
            "전용면적(m2)":"98.13",
            "전용면적(평)":"29평",
            "법정동주소":"서울시 강동구 길동 414-10",
            "도로명주소":"서울시 강동구 진황도로 99",
            "세대수":0,
            "입주년차":40,
            "용적률점수":"--",
            "건폐율점수":"--",
            "세대당주차수":60,
            "난방방식":30,
            "공급면적":"--",
            "전용률":"--",
            "욕실수":100,
            "현관타입":50,
            "주거총점":35.0,
            "지역구공급총점":0.0,
            "역세권":80,
            "30분내 이동가능 거점":40,
            "1시간내 이동가능 거점":100,
            "교통총점":72.0,
            "백화점":100,
            "아울렛몰":80,
            "대형마트":0,
            "은행":100,
            "병원":0,
            "종합병원":100,
            "공원":100,
            "혐오시설":0,
            "인프라총점":71.0,
            "초등학군":89.96,
            "중학군":40.86,
            "학군총점":50.68,
            "인구수":50.31,
            "인구증감":5.02,
            "인구총점":36.723,
            "일자리":20.37,
            "소득수준":68.8,
            "일자리총점":34.899,
            "가치 총점":61.102,
            "매매실거래년":20211125.0,
            "매매실거래가":68000.0,
            "전세실거래년":null,
            "전세실거래가":null,
            "전세가율":null,
            "장기전세가율평균":60.27,
            "전세가율거품지수":null,
            "검색코드":22116,
            "세대수":124.0,
            "준공년월":"2006-11-21",
            "준공년차":17.0,
            "가까운역이름":"길동",
            "가까운역거리":298.55,
            "역세권여부":"역세권",
            "30분이내주요거점역":2,
            "30분거점역이름":"['잠실', '왕십리']",
            "1시간이내주요거점역":12,
            "1시간거점역이름":"['강남', '역삼', '잠실', '여의도', '을지로입구', '을지로3가', '양재', '정자', '왕십리', '홍대입구', '명동', '서현']",
            "3km이내백화점수":1,
            "5km이내아울렛몰수":1,
            "1km이내대형먀트수":0,
            "500m이내은행수":11,
            "500m이내병원수":0,
            "5km이내대형병원수":6,
            "500m이내공원수":2,
            "3km이내혐오시설수":0,
            "초등학교학업성취도":89.96,
            "중학교학업성취도":68.1,
            "용적률":519,
            "건폐율":59,
            "Y":37.536053,
            "X":127.137434,
            "rank":57.0,
            "area_info":"29평(98.13), 30평(100.02), 31평(104.08), 32평(108.9), 32평(109.02), 32평(109.09), 33평(110.85), 33평(110.74)",
            "last_sales":"2021-11-25,68000.0,32평(108.9)",
            "rank_history":[
                [
                    "202202",
                    57
                ],
                [
                    "202201",
                    55
                ]
            ],
            "rank_gap":-2
        },
        {
            "index":316,
            "아파트명":"고덕삼환",
            "투자타입":"재건축",
            "전용면적(m2)":"101.41",
            "전용면적(평)":"30평",
            "법정동주소":"서울시 강동구 명일동 41",
            "도로명주소":"서울시 강동구 고덕로62길 126",
            "세대수":0,
            "입주년차":"--",
            "용적률점수":80,
            "건폐율점수":100,
            "세대당주차수":"--",
            "난방방식":"--",
            "공급면적":90,
            "전용률":80,
            "욕실수":"--",
            "현관타입":"--",
            "주거총점":60.5,
            "지역구공급총점":0.0,
            "역세권":50,
            "30분내 이동가능 거점":20,
            "1시간내 이동가능 거점":90,
            "교통총점":49.0,
            "백화점":100,
            "아울렛몰":0,
            "대형마트":100,
            "은행":70,
            "병원":0,
            "종합병원":100,
            "공원":100,
            "혐오시설":0,
            "인프라총점":75.0,
            "초등학군":90.02,
            "중학군":54.16,
            "학군총점":61.332,
            "인구수":50.31,
            "인구증감":5.02,
            "인구총점":36.723,
            "일자리":20.37,
            "소득수준":68.8,
            "일자리총점":34.899,
            "가치 총점":60.9498,
            "매매실거래년":20210313.0,
            "매매실거래가":159000.0,
            "전세실거래년":20210424.0,
            "전세실거래가":63000.0,
            "전세가율":58.33,
            "장기전세가율평균":60.27,
            "전세가율거품지수":1.94,
            "검색코드":1310,
            "세대수":120.0,
            "준공년월":"1987-06-27",
            "준공년차":36.0,
            "가까운역이름":"고덕",
            "가까운역거리":651.1,
            "역세권여부":"준역세권",
            "30분이내주요거점역":1,
            "30분거점역이름":"['잠실']",
            "1시간이내주요거점역":9,
            "1시간거점역이름":"['강남', '역삼', '잠실', '판교', '을지로입구', '을지로3가', '양재', '왕십리', '명동']",
            "3km이내백화점수":1,
            "5km이내아울렛몰수":0,
            "1km이내대형먀트수":2,
            "500m이내은행수":3,
            "500m이내병원수":0,
            "5km이내대형병원수":4,
            "500m이내공원수":3,
            "3km이내혐오시설수":0,
            "초등학교학업성취도":90.02,
            "중학교학업성취도":87.4,
            "용적률":186,
            "건폐율":17,
            "Y":37.549421,
            "X":127.151924,
            "rank":58.0,
            "area_info":"30평(101.41), 43평(142.56)",
            "last_sales":"2021-03-13,159000.0,43평(142.56)",
            "rank_history":[
                [
                    "202202",
                    58
                ],
                [
                    "202201",
                    63
                ]
            ],
            "rank_gap":5
        },
        {
            "index":212,
            "아파트명":"한미스카이캐슬(도시형)",
            "투자타입":"일반",
            "전용면적(m2)":"19.21",
            "전용면적(평)":"5평",
            "법정동주소":"서울시 강동구 길동 413-8",
            "도로명주소":"서울시 강동구 천호대로177길 50",
            "세대수":0,
            "입주년차":80,
            "용적률점수":"--",
            "건폐율점수":"--",
            "세대당주차수":0,
            "난방방식":30,
            "공급면적":"--",
            "전용률":"--",
            "욕실수":50,
            "현관타입":100,
            "주거총점":34.0,
            "지역구공급총점":0.0,
            "역세권":80,
            "30분내 이동가능 거점":40,
            "1시간내 이동가능 거점":100,
            "교통총점":72.0,
            "백화점":100,
            "아울렛몰":80,
            "대형마트":0,
            "은행":100,
            "병원":0,
            "종합병원":100,
            "공원":100,
            "혐오시설":0,
            "인프라총점":71.0,
            "초등학군":89.96,
            "중학군":40.86,
            "학군총점":50.68,
            "인구수":50.31,
            "인구증감":5.02,
            "인구총점":36.723,
            "일자리":20.37,
            "소득수준":68.8,
            "일자리총점":34.899,
            "가치 총점":60.902,
            "매매실거래년":"18000101",
            "매매실거래가":null,
            "전세실거래년":null,
            "전세실거래가":null,
            "전세가율":null,
            "장기전세가율평균":60.27,
            "전세가율거품지수":null,
            "검색코드":113527,
            "세대수":104.0,
            "준공년월":"2016-08-30",
            "준공년차":7.0,
            "가까운역이름":"길동",
            "가까운역거리":191.25,
            "역세권여부":"역세권",
            "30분이내주요거점역":2,
            "30분거점역이름":"['잠실', '왕십리']",
            "1시간이내주요거점역":11,
            "1시간거점역이름":"['강남', '역삼', '잠실', '여의도', '을지로입구', '을지로3가', '양재', '왕십리', '홍대입구', '명동', '서현']",
            "3km이내백화점수":1,
            "5km이내아울렛몰수":1,
            "1km이내대형먀트수":0,
            "500m이내은행수":11,
            "500m이내병원수":0,
            "5km이내대형병원수":6,
            "500m이내공원수":3,
            "3km이내혐오시설수":0,
            "초등학교학업성취도":89.96,
            "중학교학업성취도":68.1,
            "용적률":499,
            "건폐율":55,
            "Y":37.536717,
            "X":127.13832,
            "rank":59.0,
            "area_info":"5평(19.21), 8평(26.55)",
            "last_sales":"1800-01-01,nan,5평(19.21)",
            "rank_history":[
                [
                    "202202",
                    59
                ],
                [
                    "202201",
                    57
                ]
            ],
            "rank_gap":-2
        },
        {
            "index":499,
            "아파트명":"둔촌역청구",
            "투자타입":"일반",
            "전용면적(m2)":"83.83",
            "전용면적(평)":"25평",
            "법정동주소":"서울시 강동구 성내동 419-1",
            "도로명주소":"서울시 강동구 풍성로 196",
            "세대수":0,
            "입주년차":20,
            "용적률점수":"--",
            "건폐율점수":"--",
            "세대당주차수":0,
            "난방방식":30,
            "공급면적":"--",
            "전용률":"--",
            "욕실수":50,
            "현관타입":100,
            "주거총점":22.0,
            "지역구공급총점":0.0,
            "역세권":80,
            "30분내 이동가능 거점":40,
            "1시간내 이동가능 거점":100,
            "교통총점":72.0,
            "백화점":100,
            "아울렛몰":80,
            "대형마트":80,
            "은행":20,
            "병원":0,
            "종합병원":100,
            "공원":100,
            "혐오시설":0,
            "인프라총점":75.0,
            "초등학군":89.96,
            "중학군":50.32,
            "학군총점":58.248,
            "인구수":50.31,
            "인구증감":5.02,
            "인구총점":36.723,
            "일자리":20.37,
            "소득수준":68.8,
            "일자리총점":34.899,
            "가치 총점":60.8372,
            "매매실거래년":20211011.0,
            "매매실거래가":96500.0,
            "전세실거래년":20211229.0,
            "전세실거래가":55000.0,
            "전세가율":56.99,
            "장기전세가율평균":60.27,
            "전세가율거품지수":3.28,
            "검색코드":990,
            "세대수":222.0,
            "준공년월":"1999-03-11",
            "준공년차":24.0,
            "가까운역이름":"둔촌동",
            "가까운역거리":330.29,
            "역세권여부":"역세권",
            "30분이내주요거점역":2,
            "30분거점역이름":"['잠실', '왕십리']",
            "1시간이내주요거점역":13,
            "1시간거점역이름":"['강남', '역삼', '잠실', '판교', '여의도', '을지로입구', '을지로3가', '양재', '왕십리', '홍대입구', '구로디지털단지', '명동', '서현']",
            "3km이내백화점수":1,
            "5km이내아울렛몰수":1,
            "1km이내대형먀트수":1,
            "500m이내은행수":2,
            "500m이내병원수":0,
            "5km이내대형병원수":6,
            "500m이내공원수":3,
            "3km이내혐오시설수":0,
            "초등학교학업성취도":89.96,
            "중학교학업성취도":82.2,
            "용적률":327,
            "건폐율":27,
            "Y":37.529462,
            "X":127.133154,
            "rank":60.0,
            "area_info":"25평(83.83), 25평(83.96), 32평(108.85), 32평(108.91)",
            "last_sales":"2021-10-11,96500.0,25평(83.83)",
            "rank_history":[
                [
                    "202202",
                    60
                ],
                [
                    "202201",
                    60
                ]
            ],
            "rank_gap":0
        },
        {
            "index":511,
            "아파트명":"성내e-편한세상2차",
            "투자타입":"일반",
            "전용면적(m2)":"105.89",
            "전용면적(평)":"32평",
            "법정동주소":"서울시 강동구 성내동 137",
            "도로명주소":"서울시 강동구 풍성로37길 55",
            "세대수":0,
            "입주년차":40,
            "용적률점수":"--",
            "건폐율점수":"--",
            "세대당주차수":30,
            "난방방식":30,
            "공급면적":"--",
            "전용률":"--",
            "욕실수":100,
            "현관타입":100,
            "주거총점":35.5,
            "지역구공급총점":0.0,
            "역세권":50,
            "30분내 이동가능 거점":60,
            "1시간내 이동가능 거점":100,
            "교통총점":63.0,
            "백화점":100,
            "아울렛몰":80,
            "대형마트":100,
            "은행":20,
            "병원":0,
            "종합병원":100,
            "공원":80,
            "혐오시설":0,
            "인프라총점":77.4,
            "초등학군":89.98,
            "중학군":48.0,
            "학군총점":56.396,
            "인구수":50.31,
            "인구증감":5.02,
            "인구총점":36.723,
            "일자리":20.37,
            "소득수준":68.8,
            "일자리총점":34.899,
            "가치 총점":60.8294,
            "매매실거래년":20210715.0,
            "매매실거래가":119500.0,
            "전세실거래년":20210906.0,
            "전세실거래가":49350.0,
            "전세가율":57.72,
            "장기전세가율평균":60.27,
            "전세가율거품지수":2.55,
            "검색코드":11381,
            "세대수":151.0,
            "준공년월":"2004-11-24",
            "준공년차":19.0,
            "가까운역이름":"천호",
            "가까운역거리":507.5,
            "역세권여부":"준역세권",
            "30분이내주요거점역":3,
            "30분거점역이름":"['역삼', '잠실', '왕십리']",
            "1시간이내주요거점역":14,
            "1시간거점역이름":"['강남', '역삼', '잠실', '판교', '여의도', '을지로입구', '을지로3가', '양재', '정자', '왕십리', '홍대입구', '구로디지털단지', '명동', '서현']",
            "3km이내백화점수":1,
            "5km이내아울렛몰수":1,
            "1km이내대형먀트수":3,
            "500m이내은행수":2,
            "500m이내병원수":0,
            "5km이내대형병원수":7,
            "500m이내공원수":1,
            "3km이내혐오시설수":0,
            "초등학교학업성취도":89.98,
            "중학교학업성취도":79.6,
            "용적률":243,
            "건폐율":28,
            "Y":37.534614,
            "X":127.126792,
            "rank":61.0,
            "area_info":"32평(105.89), 32평(106.07), 35평(117.01), 42평(140.23), 44평(147.82)",
            "last_sales":"2021-07-15,119500.0,32평(106.07)",
            "rank_history":[
                [
                    "202202",
                    61
                ],
                [
                    "202201",
                    56
                ]
            ],
            "rank_gap":-5
        },
        {
            "index":519,
            "아파트명":"성내올림픽파크한양수자인",
            "투자타입":"일반",
            "전용면적(m2)":"83.0",
            "전용면적(평)":"25평",
            "법정동주소":"서울시 강동구 성내동 606",
            "도로명주소":"서울시 강동구 성내로 80",
            "세대수":50,
            "입주년차":80,
            "용적률점수":"--",
            "건폐율점수":"--",
            "세대당주차수":30,
            "난방방식":30,
            "공급면적":"--",
            "전용률":"--",
            "욕실수":100,
            "현관타입":100,
            "주거총점":61.0,
            "지역구공급총점":0.0,
            "역세권":50,
            "30분내 이동가능 거점":20,
            "1시간내 이동가능 거점":100,
            "교통총점":51.0,
            "백화점":100,
            "아울렛몰":80,
            "대형마트":80,
            "은행":0,
            "병원":0,
            "종합병원":100,
            "공원":100,
            "혐오시설":0,
            "인프라총점":73.0,
            "초등학군":89.96,
            "중학군":50.32,
            "학군총점":58.248,
            "인구수":50.31,
            "인구증감":5.02,
            "인구총점":36.723,
            "일자리":20.37,
            "소득수준":68.8,
            "일자리총점":34.899,
            "가치 총점":60.6872,
            "매매실거래년":20211227.0,
            "매매실거래가":150000.0,
            "전세실거래년":20220109.0,
            "전세실거래가":70000.0,
            "전세가율":51.47,
            "장기전세가율평균":60.27,
            "전세가율거품지수":8.8,
            "검색코드":109217,
            "세대수":482.0,
            "준공년월":"2016-08-18",
            "준공년차":7.0,
            "가까운역이름":"둔촌동",
            "가까운역거리":703.04,
            "역세권여부":"준역세권",
            "30분이내주요거점역":1,
            "30분거점역이름":"['잠실']",
            "1시간이내주요거점역":12,
            "1시간거점역이름":"['강남', '역삼', '잠실', '판교', '여의도', '을지로입구', '을지로3가', '양재', '왕십리', '구로디지털단지', '명동', '서현']",
            "3km이내백화점수":2,
            "5km이내아울렛몰수":1,
            "1km이내대형먀트수":1,
            "500m이내은행수":1,
            "500m이내병원수":0,
            "5km이내대형병원수":6,
            "500m이내공원수":5,
            "3km이내혐오시설수":0,
            "초등학교학업성취도":89.96,
            "중학교학업성취도":82.2,
            "용적률":291,
            "건폐율":26,
            "Y":37.526798,
            "X":127.128374,
            "rank":62.0,
            "area_info":"25평(83.0), 32평(108.19), 32평(108.81), 42평(141.0)",
            "last_sales":"2021-12-27,150000.0,32평(108.81)",
            "rank_history":[
                [
                    "202202",
                    62
                ],
                [
                    "202201",
                    66
                ]
            ],
            "rank_gap":4
        },
        {
            "index":738,
            "아파트명":"중앙하이츠",
            "투자타입":"일반",
            "전용면적(m2)":"86.95",
            "전용면적(평)":"26평",
            "법정동주소":"서울시 강동구 천호동 305",
            "도로명주소":"서울시 강동구 구천면로41길 79",
            "세대수":0,
            "입주년차":0,
            "용적률점수":"--",
            "건폐율점수":"--",
            "세대당주차수":30,
            "난방방식":30,
            "공급면적":"--",
            "전용률":"--",
            "욕실수":50,
            "현관타입":10,
            "주거총점":13.5,
            "지역구공급총점":0.0,
            "역세권":80,
            "30분내 이동가능 거점":40,
            "1시간내 이동가능 거점":100,
            "교통총점":72.0,
            "백화점":100,
            "아울렛몰":80,
            "대형마트":100,
            "은행":70,
            "병원":0,
            "종합병원":100,
            "공원":100,
            "혐오시설":0,
            "인프라총점":83.0,
            "초등학군":89.98,
            "중학군":41.9,
            "학군총점":51.516,
            "인구수":50.31,
            "인구증감":5.02,
            "인구총점":36.723,
            "일자리":20.37,
            "소득수준":68.8,
            "일자리총점":34.899,
            "가치 총점":60.5274,
            "매매실거래년":20211022.0,
            "매매실거래가":82800.0,
            "전세실거래년":20211230.0,
            "전세실거래가":30450.0,
            "전세가율":36.78,
            "장기전세가율평균":60.27,
            "전세가율거품지수":23.49,
            "검색코드":1261,
            "세대수":226.0,
            "준공년월":"1998-12-04",
            "준공년차":25.0,
            "가까운역이름":"암사",
            "가까운역거리":387.91,
            "역세권여부":"역세권",
            "30분이내주요거점역":2,
            "30분거점역이름":"['역삼', '잠실']",
            "1시간이내주요거점역":13,
            "1시간거점역이름":"['강남', '역삼', '잠실', '판교', '여의도', '을지로입구', '을지로3가', '양재', '정자', '왕십리', '구로디지털단지', '명동', '서현']",
            "3km이내백화점수":1,
            "5km이내아울렛몰수":1,
            "1km이내대형먀트수":4,
            "500m이내은행수":3,
            "500m이내병원수":0,
            "5km이내대형병원수":5,
            "500m이내공원수":4,
            "3km이내혐오시설수":0,
            "초등학교학업성취도":89.98,
            "중학교학업성취도":69.1,
            "용적률":369,
            "건폐율":36,
            "Y":37.547297,
            "X":127.129983,
            "rank":63.0,
            "area_info":"26평(86.95), 26평(86.68), 33평(111.15), 43평(143.41)",
            "last_sales":"2021-10-22,82800.0,26평(86.95)",
            "rank_history":[
                [
                    "202202",
                    63
                ],
                [
                    "202201",
                    62
                ]
            ],
            "rank_gap":-1
        },
        {
            "index":168,
            "아파트명":"라인",
            "투자타입":"일반",
            "전용면적(m2)":"85.79",
            "전용면적(평)":"25평",
            "법정동주소":"서울시 강동구 길동 365-1",
            "도로명주소":"서울시 강동구 천중로50길 48-12",
            "세대수":0,
            "입주년차":0,
            "용적률점수":"--",
            "건폐율점수":"--",
            "세대당주차수":30,
            "난방방식":30,
            "공급면적":"--",
            "전용률":"--",
            "욕실수":50,
            "현관타입":10,
            "주거총점":13.5,
            "지역구공급총점":0.0,
            "역세권":80,
            "30분내 이동가능 거점":40,
            "1시간내 이동가능 거점":100,
            "교통총점":72.0,
            "백화점":100,
            "아울렛몰":80,
            "대형마트":80,
            "은행":100,
            "병원":0,
            "종합병원":100,
            "공원":100,
            "혐오시설":0,
            "인프라총점":83.0,
            "초등학군":90.01,
            "중학군":40.86,
            "학군총점":50.69,
            "인구수":50.31,
            "인구증감":5.02,
            "인구총점":36.723,
            "일자리":20.37,
            "소득수준":68.8,
            "일자리총점":34.899,
            "가치 총점":60.4035,
            "매매실거래년":20210802.0,
            "매매실거래가":70000.0,
            "전세실거래년":20211127.0,
            "전세실거래가":50000.0,
            "전세가율":71.43,
            "장기전세가율평균":60.27,
            "전세가율거품지수":-11.16,
            "검색코드":984,
            "세대수":128.0,
            "준공년월":"1998-09-15",
            "준공년차":25.0,
            "가까운역이름":"길동",
            "가까운역거리":216.88,
            "역세권여부":"역세권",
            "30분이내주요거점역":2,
            "30분거점역이름":"['잠실', '왕십리']",
            "1시간이내주요거점역":11,
            "1시간거점역이름":"['강남', '역삼', '잠실', '여의도', '을지로입구', '을지로3가', '양재', '왕십리', '홍대입구', '명동', '서현']",
            "3km이내백화점수":1,
            "5km이내아울렛몰수":1,
            "1km이내대형먀트수":1,
            "500m이내은행수":8,
            "500m이내병원수":0,
            "5km이내대형병원수":4,
            "500m이내공원수":4,
            "3km이내혐오시설수":0,
            "초등학교학업성취도":90.01,
            "중학교학업성취도":68.1,
            "용적률":369,
            "건폐율":34,
            "Y":37.53909,
            "X":127.14185,
            "rank":64.0,
            "area_info":"25평(85.79), 33평(110.73), 40평(133.58)",
            "last_sales":"2021-08-02,70000.0,25평(85.79)",
            "rank_history":[
                [
                    "202202",
                    64
                ],
                [
                    "202201",
                    58
                ]
            ],
            "rank_gap":-6
        },
        {
            "index":712,
            "아파트명":"성원",
            "투자타입":"일반",
            "전용면적(m2)":"73.52",
            "전용면적(평)":"22평",
            "법정동주소":"서울시 강동구 천호동 564",
            "도로명주소":"서울시 강동구 진황도로31길 26",
            "세대수":0,
            "입주년차":0,
            "용적률점수":"--",
            "건폐율점수":"--",
            "세대당주차수":30,
            "난방방식":30,
            "공급면적":"--",
            "전용률":"--",
            "욕실수":50,
            "현관타입":10,
            "주거총점":13.5,
            "지역구공급총점":0.0,
            "역세권":80,
            "30분내 이동가능 거점":40,
            "1시간내 이동가능 거점":100,
            "교통총점":72.0,
            "백화점":100,
            "아울렛몰":80,
            "대형마트":100,
            "은행":70,
            "병원":0,
            "종합병원":100,
            "공원":100,
            "혐오시설":0,
            "인프라총점":83.0,
            "초등학군":89.96,
            "중학군":40.86,
            "학군총점":50.68,
            "인구수":50.31,
            "인구증감":5.02,
            "인구총점":36.723,
            "일자리":20.37,
            "소득수준":68.8,
            "일자리총점":34.899,
            "가치 총점":60.402,
            "매매실거래년":20211113.0,
            "매매실거래가":65000.0,
            "전세실거래년":20200303.0,
            "전세실거래가":27000.0,
            "전세가율":42.19,
            "장기전세가율평균":60.27,
            "전세가율거품지수":18.08,
            "검색코드":3122,
            "세대수":122.0,
            "준공년월":"1998-09-15",
            "준공년차":25.0,
            "가까운역이름":"강동",
            "가까운역거리":353.52,
            "역세권여부":"역세권",
            "30분이내주요거점역":2,
            "30분거점역이름":"['잠실', '왕십리']",
            "1시간이내주요거점역":10,
            "1시간거점역이름":"['강남', '역삼', '잠실', '여의도', '을지로입구', '을지로3가', '양재', '왕십리', '홍대입구', '명동']",
            "3km이내백화점수":1,
            "5km이내아울렛몰수":1,
            "1km이내대형먀트수":3,
            "500m이내은행수":4,
            "500m이내병원수":0,
            "5km이내대형병원수":6,
            "500m이내공원수":3,
            "3km이내혐오시설수":0,
            "초등학교학업성취도":89.96,
            "중학교학업성취도":68.1,
            "용적률":359,
            "건폐율":53,
            "Y":37.53868,
            "X":127.13419,
            "rank":65.0,
            "area_info":"22평(73.52), 22평(73.71), 25평(83.24), 25평(83.83), 34평(115.36), 35평(117.84), 45평(151.84), 48평(158.92)",
            "last_sales":"2021-11-13,65000.0,25평(83.24)",
            "rank_history":[
                [
                    "202202",
                    65
                ],
                [
                    "202201",
                    59
                ]
            ],
            "rank_gap":-6
        },
        {
            "index":364,
            "아파트명":"삼익맨션(삼익가든)",
            "투자타입":"재건축",
            "전용면적(m2)":"80.27",
            "전용면적(평)":"24평",
            "법정동주소":"서울시 강동구 명일동 270",
            "도로명주소":"서울시 강동구 상암로 225",
            "세대수":80,
            "입주년차":"--",
            "용적률점수":80,
            "건폐율점수":100,
            "세대당주차수":"--",
            "난방방식":"--",
            "공급면적":50,
            "전용률":60,
            "욕실수":"--",
            "현관타입":"--",
            "주거총점":81.5,
            "지역구공급총점":0.0,
            "역세권":50,
            "30분내 이동가능 거점":0,
            "1시간내 이동가능 거점":90,
            "교통총점":43.0,
            "백화점":100,
            "아울렛몰":0,
            "대형마트":80,
            "은행":20,
            "병원":0,
            "종합병원":100,
            "공원":100,
            "혐오시설":0,
            "인프라총점":67.0,
            "초등학군":90.01,
            "중학군":50.94,
            "학군총점":58.754,
            "인구수":50.31,
            "인구증감":5.02,
            "인구총점":36.723,
            "일자리":20.37,
            "소득수준":68.8,
            "일자리총점":34.899,
            "가치 총점":60.2631,
            "매매실거래년":20210826.0,
            "매매실거래가":162000.0,
            "전세실거래년":20220120.0,
            "전세실거래가":26700.0,
            "전세가율":24.38,
            "장기전세가율평균":60.27,
            "전세가율거품지수":35.89,
            "검색코드":1304,
            "세대수":768.0,
            "준공년월":"1984-11-30",
            "준공년차":39.0,
            "가까운역이름":"굽은다리",
            "가까운역거리":515.96,
            "역세권여부":"준역세권",
            "30분이내주요거점역":0,
            "30분거점역이름":"[]",
            "1시간이내주요거점역":9,
            "1시간거점역이름":"['강남', '역삼', '잠실', '여의도', '을지로입구', '을지로3가', '양재', '왕십리', '명동']",
            "3km이내백화점수":1,
            "5km이내아울렛몰수":0,
            "1km이내대형먀트수":1,
            "500m이내은행수":2,
            "500m이내병원수":0,
            "5km이내대형병원수":4,
            "500m이내공원수":4,
            "3km이내혐오시설수":0,
            "초등학교학업성취도":90.01,
            "중학교학업성취도":82.9,
            "용적률":174,
            "건폐율":16,
            "Y":37.547421,
            "X":127.148167,
            "rank":66.0,
            "area_info":"24평(80.27), 28평(92.9), 28평(94.38), 30평(100.69), 34평(112.4), 38평(127.76), 42평(142.13), 53평(176.38)",
            "last_sales":"2021-08-26,162000.0,53평(176.38)",
            "rank_history":[
                [
                    "202202",
                    66
                ],
                [
                    "202201",
                    64
                ]
            ],
            "rank_gap":-2
        },
        {
            "index":660,
            "아파트명":"대명사이버",
            "투자타입":"일반",
            "전용면적(m2)":"88.32",
            "전용면적(평)":"26평",
            "법정동주소":"서울시 강동구 천호동 49-8",
            "도로명주소":"서울시 강동구 양재대로123길 31",
            "세대수":0,
            "입주년차":20,
            "용적률점수":"--",
            "건폐율점수":"--",
            "세대당주차수":0,
            "난방방식":30,
            "공급면적":"--",
            "전용률":"--",
            "욕실수":50,
            "현관타입":10,
            "주거총점":13.0,
            "지역구공급총점":0.0,
            "역세권":80,
            "30분내 이동가능 거점":40,
            "1시간내 이동가능 거점":100,
            "교통총점":72.0,
            "백화점":100,
            "아울렛몰":80,
            "대형마트":100,
            "은행":70,
            "병원":0,
            "종합병원":100,
            "공원":100,
            "혐오시설":0,
            "인프라총점":83.0,
            "초등학군":89.96,
            "중학군":39.9,
            "학군총점":49.912,
            "인구수":50.31,
            "인구증감":5.02,
            "인구총점":36.723,
            "일자리":20.37,
            "소득수준":68.8,
            "일자리총점":34.899,
            "가치 총점":60.1868,
            "매매실거래년":20211023.0,
            "매매실거래가":67000.0,
            "전세실거래년":20211009.0,
            "전세실거래가":50000.0,
            "전세가율":74.63,
            "장기전세가율평균":60.27,
            "전세가율거품지수":-14.36,
            "검색코드":3121,
            "세대수":100.0,
            "준공년월":"2001-01-13",
            "준공년차":22.0,
            "가까운역이름":"굽은다리",
            "가까운역거리":325.74,
            "역세권여부":"역세권",
            "30분이내주요거점역":2,
            "30분거점역이름":"['잠실', '왕십리']",
            "1시간이내주요거점역":11,
            "1시간거점역이름":"['강남', '역삼', '잠실', '여의도', '을지로입구', '을지로3가', '양재', '왕십리', '홍대입구', '명동', '서현']",
            "3km이내백화점수":1,
            "5km이내아울렛몰수":1,
            "1km이내대형먀트수":3,
            "500m이내은행수":3,
            "500m이내병원수":0,
            "5km이내대형병원수":4,
            "500m이내공원수":5,
            "3km이내혐오시설수":0,
            "초등학교학업성취도":89.96,
            "중학교학업성취도":65.7,
            "용적률":299,
            "건폐율":31,
            "Y":37.54343,
            "X":127.14021,
            "rank":67.0,
            "area_info":"26평(88.32), 37평(122.93)",
            "last_sales":"2021-10-23,67000.0,26평(88.32)",
            "rank_history":[
                [
                    "202202",
                    67
                ],
                [
                    "202201",
                    68
                ]
            ],
            "rank_gap":1
        },
        {
            "index":756,
            "아파트명":"천호우성",
            "투자타입":"재건축",
            "전용면적(m2)":"71.96",
            "전용면적(평)":"21평",
            "법정동주소":"서울시 강동구 천호동 19-1",
            "도로명주소":"서울시 강동구 구천면로 366",
            "세대수":50,
            "입주년차":"--",
            "용적률점수":80,
            "건폐율점수":0,
            "세대당주차수":"--",
            "난방방식":"--",
            "공급면적":50,
            "전용률":60,
            "욕실수":"--",
            "현관타입":"--",
            "주거총점":52.5,
            "지역구공급총점":0.0,
            "역세권":50,
            "30분내 이동가능 거점":20,
            "1시간내 이동가능 거점":100,
            "교통총점":51.0,
            "백화점":100,
            "아울렛몰":80,
            "대형마트":100,
            "은행":0,
            "병원":0,
            "종합병원":100,
            "공원":100,
            "혐오시설":0,
            "인프라총점":76.0,
            "초등학군":89.98,
            "중학군":50.94,
            "학군총점":58.748,
            "인구수":50.31,
            "인구증감":5.02,
            "인구총점":36.723,
            "일자리":20.37,
            "소득수준":68.8,
            "일자리총점":34.899,
            "가치 총점":59.9622,
            "매매실거래년":20210928.0,
            "매매실거래가":91000.0,
            "전세실거래년":20211116.0,
            "전세실거래가":33000.0,
            "전세가율":36.26,
            "장기전세가율평균":60.27,
            "전세가율거품지수":24.01,
            "검색코드":899,
            "세대수":479.0,
            "준공년월":"1985-02-02",
            "준공년차":38.0,
            "가까운역이름":"명일",
            "가까운역거리":554.61,
            "역세권여부":"준역세권",
            "30분이내주요거점역":1,
            "30분거점역이름":"['잠실']",
            "1시간이내주요거점역":10,
            "1시간거점역이름":"['강남', '역삼', '잠실', '판교', '여의도', '을지로입구', '을지로3가', '양재', '왕십리', '명동']",
            "3km이내백화점수":1,
            "5km이내아울렛몰수":1,
            "1km이내대형먀트수":3,
            "500m이내은행수":0,
            "500m이내병원수":0,
            "5km이내대형병원수":4,
            "500m이내공원수":5,
            "3km이내혐오시설수":0,
            "초등학교학업성취도":89.98,
            "중학교학업성취도":82.9,
            "용적률":158,
            "건폐율":0,
            "Y":37.549421,
            "X":127.138208,
            "rank":68.0,
            "area_info":"21평(71.96), 26평(88.51), 31평(102.97)",
            "last_sales":"2021-09-28,91000.0,21평(71.96)",
            "rank_history":[
                [
                    "202202",
                    68
                ],
                [
                    "202201",
                    72
                ]
            ],
            "rank_gap":4
        },
        {
            "index":488,
            "아파트명":"SM엘루이",
            "투자타입":"일반",
            "전용면적(m2)":"24.38",
            "전용면적(평)":"7평",
            "법정동주소":"서울시 강동구 성내동 379-17",
            "도로명주소":"서울시 강동구 양재대로 1419",
            "세대수":0,
            "입주년차":100,
            "용적률점수":"--",
            "건폐율점수":"--",
            "세대당주차수":0,
            "난방방식":30,
            "공급면적":"--",
            "전용률":"--",
            "욕실수":50,
            "현관타입":100,
            "주거총점":38.0,
            "지역구공급총점":0.0,
            "역세권":50,
            "30분내 이동가능 거점":40,
            "1시간내 이동가능 거점":100,
            "교통총점":57.0,
            "백화점":100,
            "아울렛몰":80,
            "대형마트":80,
            "은행":100,
            "병원":0,
            "종합병원":100,
            "공원":80,
            "혐오시설":0,
            "인프라총점":82.4,
            "초등학군":90.0,
            "중학군":40.86,
            "학군총점":50.688,
            "인구수":50.31,
            "인구증감":5.02,
            "인구총점":36.723,
            "일자리":20.37,
            "소득수준":68.8,
            "일자리총점":34.899,
            "가치 총점":59.8732,
            "매매실거래년":"18000101",
            "매매실거래가":null,
            "전세실거래년":20211228.0,
            "전세실거래가":20000.0,
            "전세가율":null,
            "장기전세가율평균":60.27,
            "전세가율거품지수":null,
            "검색코드":126460,
            "세대수":104.0,
            "준공년월":"2019-08-20",
            "준공년차":4.0,
            "가까운역이름":"강동",
            "가까운역거리":555.01,
            "역세권여부":"준역세권",
            "30분이내주요거점역":2,
            "30분거점역이름":"['잠실', '왕십리']",
            "1시간이내주요거점역":13,
            "1시간거점역이름":"['강남', '역삼', '잠실', '판교', '여의도', '을지로입구', '을지로3가', '양재', '정자', '왕십리', '홍대입구', '명동', '서현']",
            "3km이내백화점수":1,
            "5km이내아울렛몰수":1,
            "1km이내대형먀트수":1,
            "500m이내은행수":7,
            "500m이내병원수":0,
            "5km이내대형병원수":6,
            "500m이내공원수":1,
            "3km이내혐오시설수":0,
            "초등학교학업성취도":90.0,
            "중학교학업성취도":68.1,
            "용적률":472,
            "건폐율":58,
            "Y":37.532973,
            "X":127.137665,
            "rank":69.0,
            "area_info":"7평(24.38), 11평(37.61), 11평(38.37), 12평(42.97), 13평(46.08)",
            "last_sales":"1800-01-01,nan,7평(24.38)",
            "rank_history":[
                [
                    "202202",
                    69
                ],
                [
                    "202201",
                    75
                ]
            ],
            "rank_gap":6
        },
        {
            "index":791,
            "아파트명":"현대프라자",
            "투자타입":"재건축",
            "전용면적(m2)":"41.27",
            "전용면적(평)":"12평",
            "법정동주소":"서울시 강동구 천호동 410-105",
            "도로명주소":"서울시 강동구 진황도로 18",
            "세대수":0,
            "입주년차":"--",
            "용적률점수":0,
            "건폐율점수":20,
            "세대당주차수":"--",
            "난방방식":"--",
            "공급면적":50,
            "전용률":60,
            "욕실수":"--",
            "현관타입":"--",
            "주거총점":9.5,
            "지역구공급총점":0.0,
            "역세권":80,
            "30분내 이동가능 거점":40,
            "1시간내 이동가능 거점":100,
            "교통총점":72.0,
            "백화점":100,
            "아울렛몰":80,
            "대형마트":100,
            "은행":70,
            "병원":0,
            "종합병원":100,
            "공원":100,
            "혐오시설":0,
            "인프라총점":83.0,
            "초등학군":90.01,
            "중학군":40.86,
            "학군총점":50.69,
            "인구수":50.31,
            "인구증감":5.02,
            "인구총점":36.723,
            "일자리":20.37,
            "소득수준":68.8,
            "일자리총점":34.899,
            "가치 총점":59.6035,
            "매매실거래년":20210705.0,
            "매매실거래가":110000.0,
            "전세실거래년":20140707.0,
            "전세실거래가":12000.0,
            "전세가율":null,
            "장기전세가율평균":60.27,
            "전세가율거품지수":null,
            "검색코드":3125,
            "세대수":112.0,
            "준공년월":"1990-06-11",
            "준공년차":33.0,
            "가까운역이름":"강동",
            "가까운역거리":490.45,
            "역세권여부":"역세권",
            "30분이내주요거점역":2,
            "30분거점역이름":"['잠실', '왕십리']",
            "1시간이내주요거점역":14,
            "1시간거점역이름":"['강남', '역삼', '잠실', '판교', '여의도', '을지로입구', '을지로3가', '양재', '정자', '왕십리', '홍대입구', '구로디지털단지', '명동', '서현']",
            "3km이내백화점수":1,
            "5km이내아울렛몰수":1,
            "1km이내대형먀트수":3,
            "500m이내은행수":4,
            "500m이내병원수":0,
            "5km이내대형병원수":6,
            "500m이내공원수":2,
            "3km이내혐오시설수":0,
            "초등학교학업성취도":90.01,
            "중학교학업성취도":68.1,
            "용적률":475,
            "건폐율":49,
            "Y":37.53928,
            "X":127.129057,
            "rank":70.0,
            "area_info":"12평(41.27), 13평(44.69), 15평(52.28), 17평(57.27), 18평(59.57), 18평(62.06), 19평(64.14), 21평(71.64), 22평(73.27), 24평(79.42), 26평(88.56), 26평(88.36), 26평(88.59), 27평(92.0), 27평(92.09), 28평(93.0), 29평(98.11), 30평(99.85), 30평(100.02), 32평(106.26), 38평(127.96)",
            "last_sales":"2021-07-05,110000.0,38평(127.96)",
            "rank_history":[
                [
                    "202202",
                    70
                ],
                [
                    "202201",
                    65
                ]
            ],
            "rank_gap":-5
        },
        {
            "index":493,
            "아파트명":"동아1차",
            "투자타입":"일반",
            "전용면적(m2)":"76.31",
            "전용면적(평)":"23평",
            "법정동주소":"서울시 강동구 성내동 419-13",
            "도로명주소":"서울시 강동구 풍성로54길 12-11",
            "세대수":0,
            "입주년차":0,
            "용적률점수":"--",
            "건폐율점수":"--",
            "세대당주차수":30,
            "난방방식":30,
            "공급면적":"--",
            "전용률":"--",
            "욕실수":50,
            "현관타입":10,
            "주거총점":13.5,
            "지역구공급총점":0.0,
            "역세권":80,
            "30분내 이동가능 거점":40,
            "1시간내 이동가능 거점":100,
            "교통총점":72.0,
            "백화점":100,
            "아울렛몰":80,
            "대형마트":80,
            "은행":20,
            "병원":0,
            "종합병원":100,
            "공원":100,
            "혐오시설":0,
            "인프라총점":75.0,
            "초등학군":89.96,
            "중학군":50.32,
            "학군총점":58.248,
            "인구수":50.31,
            "인구증감":5.02,
            "인구총점":36.723,
            "일자리":20.37,
            "소득수준":68.8,
            "일자리총점":34.899,
            "가치 총점":59.1372,
            "매매실거래년":20200430.0,
            "매매실거래가":75000.0,
            "전세실거래년":null,
            "전세실거래가":null,
            "전세가율":null,
            "장기전세가율평균":60.27,
            "전세가율거품지수":null,
            "검색코드":992,
            "세대수":135.0,
            "준공년월":"1997-02-28",
            "준공년차":26.0,
            "가까운역이름":"둔촌동",
            "가까운역거리":322.51,
            "역세권여부":"역세권",
            "30분이내주요거점역":2,
            "30분거점역이름":"['잠실', '왕십리']",
            "1시간이내주요거점역":13,
            "1시간거점역이름":"['강남', '역삼', '잠실', '판교', '여의도', '을지로입구', '을지로3가', '양재', '왕십리', '홍대입구', '구로디지털단지', '명동', '서현']",
            "3km이내백화점수":1,
            "5km이내아울렛몰수":1,
            "1km이내대형먀트수":1,
            "500m이내은행수":2,
            "500m이내병원수":0,
            "5km이내대형병원수":6,
            "500m이내공원수":4,
            "3km이내혐오시설수":0,
            "초등학교학업성취도":89.96,
            "중학교학업성취도":82.2,
            "용적률":318,
            "건폐율":36,
            "Y":37.528892,
            "X":127.132866,
            "rank":71.0,
            "area_info":"23평(76.31), 26평(86.78), 29평(98.26), 32평(108.89), 33평(111.86), 36평(121.42)",
            "last_sales":"2020-04-30,75000.0,36평(121.42)",
            "rank_history":[
                [
                    "202202",
                    71
                ],
                [
                    "202201",
                    69
                ]
            ],
            "rank_gap":-2
        },
        {
            "index":749,
            "아파트명":"천호롯데",
            "투자타입":"일반",
            "전용면적(m2)":"80.92",
            "전용면적(평)":"24평",
            "법정동주소":"서울시 강동구 천호동 55-4",
            "도로명주소":"서울시 강동구 천중로 161",
            "세대수":0,
            "입주년차":20,
            "용적률점수":"--",
            "건폐율점수":"--",
            "세대당주차수":0,
            "난방방식":30,
            "공급면적":"--",
            "전용률":"--",
            "욕실수":50,
            "현관타입":10,
            "주거총점":13.0,
            "지역구공급총점":0.0,
            "역세권":80,
            "30분내 이동가능 거점":20,
            "1시간내 이동가능 거점":100,
            "교통총점":66.0,
            "백화점":100,
            "아울렛몰":80,
            "대형마트":100,
            "은행":100,
            "병원":0,
            "종합병원":100,
            "공원":100,
            "혐오시설":0,
            "인프라총점":86.0,
            "초등학군":89.96,
            "중학군":39.9,
            "학군총점":49.912,
            "인구수":50.31,
            "인구증감":5.02,
            "인구총점":36.723,
            "일자리":20.37,
            "소득수준":68.8,
            "일자리총점":34.899,
            "가치 총점":58.9868,
            "매매실거래년":20211030.0,
            "매매실거래가":84000.0,
            "전세실거래년":20210826.0,
            "전세실거래가":50000.0,
            "전세가율":70.92,
            "장기전세가율평균":60.27,
            "전세가율거품지수":-10.65,
            "검색코드":1001,
            "세대수":114.0,
            "준공년월":"1999-11-22",
            "준공년차":24.0,
            "가까운역이름":"길동",
            "가까운역거리":437.89,
            "역세권여부":"역세권",
            "30분이내주요거점역":1,
            "30분거점역이름":"['왕십리']",
            "1시간이내주요거점역":10,
            "1시간거점역이름":"['강남', '역삼', '잠실', '여의도', '을지로입구', '을지로3가', '양재', '왕십리', '홍대입구', '명동']",
            "3km이내백화점수":1,
            "5km이내아울렛몰수":1,
            "1km이내대형먀트수":4,
            "500m이내은행수":5,
            "500m이내병원수":0,
            "5km이내대형병원수":5,
            "500m이내공원수":7,
            "3km이내혐오시설수":0,
            "초등학교학업성취도":89.96,
            "중학교학업성취도":65.7,
            "용적률":394,
            "건폐율":31,
            "Y":37.541418,
            "X":127.13804,
            "rank":72.0,
            "area_info":"24평(80.92), 32평(108.24), 34평(113.99), 44평(146.07)",
            "last_sales":"2021-10-30,84000.0,34평(113.99)",
            "rank_history":[
                [
                    "202202",
                    72
                ],
                [
                    "202201",
                    70
                ]
            ],
            "rank_gap":-2
        },
        {
            "index":586,
            "아파트명":"암사e-편한세상",
            "투자타입":"일반",
            "전용면적(m2)":"106.12",
            "전용면적(평)":"32평",
            "법정동주소":"서울시 강동구 암사동 422-26",
            "도로명주소":"서울시 강동구 구천면로 365-13",
            "세대수":0,
            "입주년차":40,
            "용적률점수":"--",
            "건폐율점수":"--",
            "세대당주차수":30,
            "난방방식":30,
            "공급면적":"--",
            "전용률":"--",
            "욕실수":100,
            "현관타입":100,
            "주거총점":35.5,
            "지역구공급총점":0.0,
            "역세권":80,
            "30분내 이동가능 거점":20,
            "1시간내 이동가능 거점":90,
            "교통총점":64.0,
            "백화점":100,
            "아울렛몰":0,
            "대형마트":100,
            "은행":0,
            "병원":0,
            "종합병원":100,
            "공원":100,
            "혐오시설":0,
            "인프라총점":68.0,
            "초등학군":90.0,
            "중학군":50.94,
            "학군총점":58.752,
            "인구수":50.31,
            "인구증감":5.02,
            "인구총점":36.723,
            "일자리":20.37,
            "소득수준":68.8,
            "일자리총점":34.899,
            "가치 총점":58.7128,
            "매매실거래년":20211216.0,
            "매매실거래가":104700.0,
            "전세실거래년":20211030.0,
            "전세실거래가":40400.0,
            "전세가율":44.4,
            "장기전세가율평균":60.27,
            "전세가율거품지수":15.87,
            "검색코드":17531,
            "세대수":131.0,
            "준공년월":"2005-10-28",
            "준공년차":18.0,
            "가까운역이름":"명일",
            "가까운역거리":456.57,
            "역세권여부":"역세권",
            "30분이내주요거점역":1,
            "30분거점역이름":"['잠실']",
            "1시간이내주요거점역":9,
            "1시간거점역이름":"['강남', '역삼', '잠실', '여의도', '을지로입구', '을지로3가', '왕십리', '홍대입구', '명동']",
            "3km이내백화점수":1,
            "5km이내아울렛몰수":0,
            "1km이내대형먀트수":3,
            "500m이내은행수":1,
            "500m이내병원수":0,
            "5km이내대형병원수":4,
            "500m이내공원수":9,
            "3km이내혐오시설수":0,
            "초등학교학업성취도":90.0,
            "중학교학업성취도":82.9,
            "용적률":248,
            "건폐율":27,
            "Y":37.551345,
            "X":127.13882,
            "rank":73.0,
            "area_info":"32평(106.12), 32평(106.1), 32평(106.1), 32평(106.07), 32평(106.33)",
            "last_sales":"2021-12-16,104700.0,32평(106.1)",
            "rank_history":[
                [
                    "202202",
                    73
                ],
                [
                    "202201",
                    71
                ]
            ],
            "rank_gap":-2
        },
        {
            "index":742,
            "아파트명":"천호e-편한세상",
            "투자타입":"일반",
            "전용면적(m2)":"98.43",
            "전용면적(평)":"29평",
            "법정동주소":"서울시 강동구 천호동 333-55",
            "도로명주소":"서울시 강동구 올림픽로81길 15",
            "세대수":0,
            "입주년차":40,
            "용적률점수":"--",
            "건폐율점수":"--",
            "세대당주차수":60,
            "난방방식":30,
            "공급면적":"--",
            "전용률":"--",
            "욕실수":100,
            "현관타입":100,
            "주거총점":40.0,
            "지역구공급총점":0.0,
            "역세권":50,
            "30분내 이동가능 거점":40,
            "1시간내 이동가능 거점":100,
            "교통총점":57.0,
            "백화점":100,
            "아울렛몰":80,
            "대형마트":100,
            "은행":0,
            "병원":0,
            "종합병원":100,
            "공원":100,
            "혐오시설":0,
            "인프라총점":76.0,
            "초등학군":89.98,
            "중학군":41.9,
            "학군총점":51.516,
            "인구수":50.31,
            "인구증감":5.02,
            "인구총점":36.723,
            "일자리":20.37,
            "소득수준":68.8,
            "일자리총점":34.899,
            "가치 총점":58.4774,
            "매매실거래년":20211112.0,
            "매매실거래가":134000.0,
            "전세실거래년":20110917.0,
            "전세실거래가":28000.0,
            "전세가율":71.16,
            "장기전세가율평균":60.27,
            "전세가율거품지수":-10.89,
            "검색코드":22266,
            "세대수":150.0,
            "준공년월":"2005-10-28",
            "준공년차":18.0,
            "가까운역이름":"천호",
            "가까운역거리":678.26,
            "역세권여부":"준역세권",
            "30분이내주요거점역":2,
            "30분거점역이름":"['잠실', '왕십리']",
            "1시간이내주요거점역":12,
            "1시간거점역이름":"['강남', '역삼', '잠실', '판교', '여의도', '을지로입구', '을지로3가', '양재', '왕십리', '홍대입구', '명동', '서현']",
            "3km이내백화점수":1,
            "5km이내아울렛몰수":1,
            "1km이내대형먀트수":3,
            "500m이내은행수":1,
            "500m이내병원수":0,
            "5km이내대형병원수":6,
            "500m이내공원수":3,
            "3km이내혐오시설수":0,
            "초등학교학업성취도":89.98,
            "중학교학업성취도":69.1,
            "용적률":245,
            "건폐율":24,
            "Y":37.544471,
            "X":127.124278,
            "rank":74.0,
            "area_info":"29평(98.43), 32평(106.29), 32평(106.26), 34평(113.46), 34평(114.33), 38평(126.15), 41평(137.52)",
            "last_sales":"2021-11-12,134000.0,41평(137.52)",
            "rank_history":[
                [
                    "202202",
                    74
                ],
                [
                    "202201",
                    73
                ]
            ],
            "rank_gap":-1
        },
        {
            "index":129,
            "아파트명":"e편한세상강동에코포레",
            "투자타입":"일반",
            "전용면적(m2)":"74.85",
            "전용면적(평)":"22평",
            "법정동주소":"서울시 강동구 길동 477",
            "도로명주소":"서울시 강동구 천중로 253",
            "세대수":30,
            "입주년차":100,
            "용적률점수":"--",
            "건폐율점수":"--",
            "세대당주차수":60,
            "난방방식":30,
            "공급면적":"--",
            "전용률":"--",
            "욕실수":50,
            "현관타입":100,
            "주거총점":57.5,
            "지역구공급총점":0.0,
            "역세권":50,
            "30분내 이동가능 거점":20,
            "1시간내 이동가능 거점":70,
            "교통총점":45.0,
            "백화점":100,
            "아울렛몰":80,
            "대형마트":80,
            "은행":20,
            "병원":0,
            "종합병원":100,
            "공원":80,
            "혐오시설":0,
            "인프라총점":74.4,
            "초등학군":89.99,
            "중학군":48.76,
            "학군총점":57.006,
            "인구수":50.31,
            "인구증감":5.02,
            "인구총점":36.723,
            "일자리":20.37,
            "소득수준":68.8,
            "일자리총점":34.899,
            "가치 총점":58.1209,
            "매매실거래년":20210115.0,
            "매매실거래가":130000.0,
            "전세실거래년":20200229.0,
            "전세실거래가":37000.0,
            "전세가율":null,
            "장기전세가율평균":60.27,
            "전세가율거품지수":null,
            "검색코드":119933,
            "세대수":366.0,
            "준공년월":"2020-04-01",
            "준공년차":3.0,
            "가까운역이름":"굽은다리",
            "가까운역거리":669.61,
            "역세권여부":"준역세권",
            "30분이내주요거점역":1,
            "30분거점역이름":"['잠실']",
            "1시간이내주요거점역":7,
            "1시간거점역이름":"['역삼', '잠실', '여의도', '을지로입구', '을지로3가', '왕십리', '명동']",
            "3km이내백화점수":1,
            "5km이내아울렛몰수":1,
            "1km이내대형먀트수":1,
            "500m이내은행수":2,
            "500m이내병원수":0,
            "5km이내대형병원수":4,
            "500m이내공원수":1,
            "3km이내혐오시설수":0,
            "초등학교학업성취도":89.99,
            "중학교학업성취도":80.0,
            "용적률":290,
            "건폐율":23,
            "Y":37.541198,
            "X":127.148197,
            "rank":75.0,
            "area_info":"22평(74.85), 25평(82.71), 25평(83.43), 25평(83.85), 32평(108.69), 33평(110.52)",
            "last_sales":"2021-01-15,130000.0,33평(110.52)",
            "rank_history":[
                [
                    "202202",
                    75
                ],
                [
                    "202201",
                    77
                ]
            ],
            "rank_gap":2
        },
        {
            "index":58,
            "아파트명":"고덕그라시움",
            "투자타입":"일반",
            "전용면적(m2)":"82.55",
            "전용면적(평)":"24평",
            "법정동주소":"서울시 강동구 고덕동 693",
            "도로명주소":"서울시 강동구 고덕로 333",
            "세대수":100,
            "입주년차":100,
            "용적률점수":"--",
            "건폐율점수":"--",
            "세대당주차수":60,
            "난방방식":100,
            "공급면적":"--",
            "전용률":"--",
            "욕실수":100,
            "현관타입":100,
            "주거총점":94.0,
            "지역구공급총점":0.0,
            "역세권":80,
            "30분내 이동가능 거점":0,
            "1시간내 이동가능 거점":80,
            "교통총점":56.0,
            "백화점":0,
            "아울렛몰":0,
            "대형마트":100,
            "은행":0,
            "병원":0,
            "종합병원":100,
            "공원":100,
            "혐오시설":0,
            "인프라총점":38.0,
            "초등학군":90.0,
            "중학군":42.04,
            "학군총점":51.632,
            "인구수":50.31,
            "인구증감":5.02,
            "인구총점":36.723,
            "일자리":20.37,
            "소득수준":68.8,
            "일자리총점":34.899,
            "가치 총점":57.5448,
            "매매실거래년":20211113.0,
            "매매실거래가":185000.0,
            "전세실거래년":20220118.0,
            "전세실거래가":43000.0,
            "전세가율":28.67,
            "장기전세가율평균":60.27,
            "전세가율거품지수":31.6,
            "검색코드":113907,
            "세대수":4932.0,
            "준공년월":"2019-09-27",
            "준공년차":4.0,
            "가까운역이름":"상일동",
            "가까운역거리":381.3,
            "역세권여부":"역세권",
            "30분이내주요거점역":0,
            "30분거점역이름":"[]",
            "1시간이내주요거점역":8,
            "1시간거점역이름":"['역삼', '잠실', '여의도', '을지로입구', '을지로3가', '양재', '왕십리', '명동']",
            "3km이내백화점수":0,
            "5km이내아울렛몰수":0,
            "1km이내대형먀트수":2,
            "500m이내은행수":0,
            "500m이내병원수":0,
            "5km이내대형병원수":3,
            "500m이내공원수":4,
            "3km이내혐오시설수":0,
            "초등학교학업성취도":90.0,
            "중학교학업성취도":69.0,
            "용적률":249,
            "건폐율":20,
            "Y":37.557472,
            "X":127.162199,
            "rank":76.0,
            "area_info":"24평(82.55), 24평(82.4), 24평(82.36), 24평(82.59), 30평(100.95), 30평(101.76), 34평(114.66), 34평(115.63), 34평(115.67), 34평(115.16), 40평(132.69), 40평(133.41), 46평(153.91), 46평(154.34), 46평(155.27), 52평(172.99), 55평(184.64), 55평(184.92), 60평(200.96), 73평(242.99), 73평(243.62), 73평(243.52)",
            "last_sales":"2021-11-13,185000.0,34평(115.67)",
            "rank_history":[
                [
                    "202202",
                    76
                ],
                [
                    "202201",
                    74
                ]
            ],
            "rank_gap":-2
        },
        {
            "index":554,
            "아파트명":"강동현대홈타운",
            "투자타입":"일반",
            "전용면적(m2)":"84.09",
            "전용면적(평)":"25평",
            "법정동주소":"서울시 강동구 암사동 400",
            "도로명주소":"서울시 강동구 고덕로27길 36",
            "세대수":50,
            "입주년차":40,
            "용적률점수":"--",
            "건폐율점수":"--",
            "세대당주차수":30,
            "난방방식":30,
            "공급면적":"--",
            "전용률":"--",
            "욕실수":100,
            "현관타입":100,
            "주거총점":53.0,
            "지역구공급총점":0.0,
            "역세권":50,
            "30분내 이동가능 거점":20,
            "1시간내 이동가능 거점":90,
            "교통총점":49.0,
            "백화점":100,
            "아울렛몰":0,
            "대형마트":100,
            "은행":0,
            "병원":0,
            "종합병원":100,
            "공원":100,
            "혐오시설":0,
            "인프라총점":68.0,
            "초등학군":90.0,
            "중학군":53.36,
            "학군총점":60.688,
            "인구수":50.31,
            "인구증감":5.02,
            "인구총점":36.723,
            "일자리":20.37,
            "소득수준":68.8,
            "일자리총점":34.899,
            "가치 총점":57.2532,
            "매매실거래년":20201201.0,
            "매매실거래가":149500.0,
            "전세실거래년":20211218.0,
            "전세실거래가":45150.0,
            "전세가율":50.17,
            "장기전세가율평균":60.27,
            "전세가율거품지수":10.1,
            "검색코드":9682,
            "세대수":568.0,
            "준공년월":"2004-08-27",
            "준공년차":19.0,
            "가까운역이름":"명일",
            "가까운역거리":769.23,
            "역세권여부":"준역세권",
            "30분이내주요거점역":1,
            "30분거점역이름":"['잠실']",
            "1시간이내주요거점역":9,
            "1시간거점역이름":"['강남', '역삼', '잠실', '을지로입구', '을지로3가', '양재', '왕십리', '명동', '서현']",
            "3km이내백화점수":1,
            "5km이내아울렛몰수":0,
            "1km이내대형먀트수":2,
            "500m이내은행수":1,
            "500m이내병원수":0,
            "5km이내대형병원수":5,
            "500m이내공원수":4,
            "3km이내혐오시설수":0,
            "초등학교학업성취도":90.0,
            "중학교학업성취도":86.4,
            "용적률":277,
            "건폐율":14,
            "Y":37.556621,
            "X":127.138318,
            "rank":77.0,
            "area_info":"25평(84.09), 33평(111.87), 42평(141.8)",
            "last_sales":"2020-12-01,149500.0,42평(141.8)",
            "rank_history":[
                [
                    "202202",
                    77
                ],
                [
                    "202201",
                    76
                ]
            ],
            "rank_gap":-1
        },
        {
            "index":772,
            "아파트명":"한신",
            "투자타입":"재건축",
            "전용면적(m2)":"49.06",
            "전용면적(평)":"14평",
            "법정동주소":"서울시 강동구 천호동 237",
            "도로명주소":"서울시 강동구 구천면로42길 16",
            "세대수":0,
            "입주년차":"--",
            "용적률점수":60,
            "건폐율점수":80,
            "세대당주차수":"--",
            "난방방식":"--",
            "공급면적":50,
            "전용률":60,
            "욕실수":"--",
            "현관타입":"--",
            "주거총점":45.5,
            "지역구공급총점":0.0,
            "역세권":50,
            "30분내 이동가능 거점":20,
            "1시간내 이동가능 거점":100,
            "교통총점":51.0,
            "백화점":100,
            "아울렛몰":80,
            "대형마트":100,
            "은행":0,
            "병원":0,
            "종합병원":100,
            "공원":100,
            "혐오시설":0,
            "인프라총점":76.0,
            "초등학군":90.01,
            "중학군":39.9,
            "학군총점":49.922,
            "인구수":50.31,
            "인구증감":5.02,
            "인구총점":36.723,
            "일자리":20.37,
            "소득수준":68.8,
            "일자리총점":34.899,
            "가치 총점":57.2383,
            "매매실거래년":20210724.0,
            "매매실거래가":65500.0,
            "전세실거래년":20210703.0,
            "전세실거래가":25000.0,
            "전세가율":56.43,
            "장기전세가율평균":60.27,
            "전세가율거품지수":3.84,
            "검색코드":1335,
            "세대수":224.0,
            "준공년월":"1991-03-30",
            "준공년차":32.0,
            "가까운역이름":"굽은다리",
            "가까운역거리":709.29,
            "역세권여부":"준역세권",
            "30분이내주요거점역":1,
            "30분거점역이름":"['잠실']",
            "1시간이내주요거점역":11,
            "1시간거점역이름":"['강남', '역삼', '잠실', '판교', '여의도', '을지로입구', '을지로3가', '양재', '왕십리', '명동', '서현']",
            "3km이내백화점수":1,
            "5km이내아울렛몰수":1,
            "1km이내대형먀트수":5,
            "500m이내은행수":0,
            "500m이내병원수":0,
            "5km이내대형병원수":5,
            "500m이내공원수":7,
            "3km이내혐오시설수":0,
            "초등학교학업성취도":90.01,
            "중학교학업성취도":65.7,
            "용적률":240,
            "건폐율":21,
            "Y":37.545828,
            "X":127.13482,
            "rank":78.0,
            "area_info":"14평(49.06), 18평(62.01), 23평(76.47), 23평(76.79), 32평(106.31), 32평(107.89), 32평(108.17)",
            "last_sales":"2021-07-24,65500.0,23평(76.79)",
            "rank_history":[
                [
                    "202202",
                    78
                ],
                [
                    "202201",
                    78
                ]
            ],
            "rank_gap":0
        },
        {
            "index":651,
            "아파트명":"강변그대가갤럭시",
            "투자타입":"일반",
            "전용면적(m2)":"110.72",
            "전용면적(평)":"33평",
            "법정동주소":"서울시 강동구 천호동 570",
            "도로명주소":"서울시 강동구 올림픽로89길 55",
            "세대수":0,
            "입주년차":60,
            "용적률점수":"--",
            "건폐율점수":"--",
            "세대당주차수":60,
            "난방방식":30,
            "공급면적":"--",
            "전용률":"--",
            "욕실수":100,
            "현관타입":100,
            "주거총점":44.0,
            "지역구공급총점":0.0,
            "역세권":50,
            "30분내 이동가능 거점":20,
            "1시간내 이동가능 거점":100,
            "교통총점":51.0,
            "백화점":100,
            "아울렛몰":80,
            "대형마트":100,
            "은행":0,
            "병원":0,
            "종합병원":100,
            "공원":100,
            "혐오시설":0,
            "인프라총점":76.0,
            "초등학군":89.98,
            "중학군":41.9,
            "학군총점":51.516,
            "인구수":50.31,
            "인구증감":5.02,
            "인구총점":36.723,
            "일자리":20.37,
            "소득수준":68.8,
            "일자리총점":34.899,
            "가치 총점":57.1774,
            "매매실거래년":20210522.0,
            "매매실거래가":98000.0,
            "전세실거래년":20211115.0,
            "전세실거래가":74000.0,
            "전세가율":68.52,
            "장기전세가율평균":60.27,
            "전세가율거품지수":-8.25,
            "검색코드":26140,
            "세대수":134.0,
            "준공년월":"2009-04-20",
            "준공년차":14.0,
            "가까운역이름":"암사",
            "가까운역거리":550.68,
            "역세권여부":"준역세권",
            "30분이내주요거점역":1,
            "30분거점역이름":"['잠실']",
            "1시간이내주요거점역":13,
            "1시간거점역이름":"['강남', '역삼', '잠실', '판교', '여의도', '을지로입구', '을지로3가', '양재', '정자', '왕십리', '구로디지털단지', '명동', '서현']",
            "3km이내백화점수":1,
            "5km이내아울렛몰수":1,
            "1km이내대형먀트수":3,
            "500m이내은행수":1,
            "500m이내병원수":0,
            "5km이내대형병원수":6,
            "500m이내공원수":4,
            "3km이내혐오시설수":0,
            "초등학교학업성취도":89.98,
            "중학교학업성취도":69.1,
            "용적률":221,
            "건폐율":20,
            "Y":37.546822,
            "X":127.123006,
            "rank":79.0,
            "area_info":"33평(110.72), 34평(112.42), 46평(155.03)",
            "last_sales":"2021-05-22,98000.0,46평(155.03)",
            "rank_history":[
                [
                    "202202",
                    79
                ],
                [
                    "202201",
                    84
                ]
            ],
            "rank_gap":5
        },
        {
            "index":240,
            "아파트명":"현대웰하임2단지(도시형)",
            "투자타입":"일반",
            "전용면적(m2)":"19.12",
            "전용면적(평)":"5평",
            "법정동주소":"서울시 강동구 길동 343-2",
            "도로명주소":"서울시 강동구 천중로49가길 56",
            "세대수":0,
            "입주년차":60,
            "용적률점수":"--",
            "건폐율점수":"--",
            "세대당주차수":0,
            "난방방식":30,
            "공급면적":"--",
            "전용률":"--",
            "욕실수":50,
            "현관타입":100,
            "주거총점":30.0,
            "지역구공급총점":0.0,
            "역세권":50,
            "30분내 이동가능 거점":20,
            "1시간내 이동가능 거점":100,
            "교통총점":51.0,
            "백화점":100,
            "아울렛몰":80,
            "대형마트":80,
            "은행":70,
            "병원":0,
            "종합병원":100,
            "공원":100,
            "혐오시설":0,
            "인프라총점":80.0,
            "초등학군":90.01,
            "중학군":48.76,
            "학군총점":57.01,
            "인구수":50.31,
            "인구증감":5.02,
            "인구총점":36.723,
            "일자리":20.37,
            "소득수준":68.8,
            "일자리총점":34.899,
            "가치 총점":56.4015,
            "매매실거래년":20211218.0,
            "매매실거래가":14000.0,
            "전세실거래년":20210528.0,
            "전세실거래가":10000.0,
            "전세가율":114.94,
            "장기전세가율평균":60.27,
            "전세가율거품지수":-54.67,
            "검색코드":105068,
            "세대수":139.0,
            "준공년월":"2012-04-27",
            "준공년차":11.0,
            "가까운역이름":"굽은다리",
            "가까운역거리":539.96,
            "역세권여부":"준역세권",
            "30분이내주요거점역":1,
            "30분거점역이름":"['잠실']",
            "1시간이내주요거점역":10,
            "1시간거점역이름":"['강남', '역삼', '잠실', '판교', '여의도', '을지로입구', '을지로3가', '양재', '왕십리', '명동']",
            "3km이내백화점수":1,
            "5km이내아울렛몰수":1,
            "1km이내대형먀트수":1,
            "500m이내은행수":4,
            "500m이내병원수":0,
            "5km이내대형병원수":4,
            "500m이내공원수":2,
            "3km이내혐오시설수":0,
            "초등학교학업성취도":90.01,
            "중학교학업성취도":80.0,
            "용적률":240,
            "건폐율":49,
            "Y":37.541232,
            "X":127.145827,
            "rank":80.0,
            "area_info":"5평(19.12), 6평(20.09), 6평(21.11), 7평(23.85), 7평(24.87), 7평(24.94), 7평(25.54), 8평(27.03)",
            "last_sales":"2021-12-18,14000.0,8평(27.03)",
            "rank_history":[
                [
                    "202202",
                    80
                ],
                [
                    "202201",
                    79
                ]
            ],
            "rank_gap":-1
        },
        {
            "index":684,
            "아파트명":"동아하이빌",
            "투자타입":"일반",
            "전용면적(m2)":"78.29",
            "전용면적(평)":"23평",
            "법정동주소":"서울시 강동구 천호동 217-132",
            "도로명주소":"서울시 강동구 구천면로 278",
            "세대수":50,
            "입주년차":20,
            "용적률점수":"--",
            "건폐율점수":"--",
            "세대당주차수":30,
            "난방방식":30,
            "공급면적":"--",
            "전용률":"--",
            "욕실수":50,
            "현관타입":100,
            "주거총점":44.0,
            "지역구공급총점":0.0,
            "역세권":50,
            "30분내 이동가능 거점":20,
            "1시간내 이동가능 거점":90,
            "교통총점":49.0,
            "백화점":100,
            "아울렛몰":80,
            "대형마트":100,
            "은행":0,
            "병원":0,
            "종합병원":100,
            "공원":100,
            "혐오시설":0,
            "인프라총점":76.0,
            "초등학군":90.01,
            "중학군":39.9,
            "학군총점":49.922,
            "인구수":50.31,
            "인구증감":5.02,
            "인구총점":36.723,
            "일자리":20.37,
            "소득수준":68.8,
            "일자리총점":34.899,
            "가치 총점":56.2383,
            "매매실거래년":20200207.0,
            "매매실거래가":76700.0,
            "전세실거래년":null,
            "전세실거래가":null,
            "전세가율":null,
            "장기전세가율평균":60.27,
            "전세가율거품지수":null,
            "검색코드":7956,
            "세대수":526.0,
            "준공년월":"2000-06-15",
            "준공년차":23.0,
            "가까운역이름":"굽은다리",
            "가까운역거리":761.89,
            "역세권여부":"준역세권",
            "30분이내주요거점역":1,
            "30분거점역이름":"['잠실']",
            "1시간이내주요거점역":9,
            "1시간거점역이름":"['강남', '역삼', '잠실', '여의도', '을지로입구', '을지로3가', '왕십리', '명동', '서현']",
            "3km이내백화점수":1,
            "5km이내아울렛몰수":1,
            "1km이내대형먀트수":5,
            "500m이내은행수":0,
            "500m이내병원수":0,
            "5km이내대형병원수":5,
            "500m이내공원수":7,
            "3km이내혐오시설수":0,
            "초등학교학업성취도":90.01,
            "중학교학업성취도":65.7,
            "용적률":313,
            "건폐율":21,
            "Y":37.544788,
            "X":127.134255,
            "rank":81.0,
            "area_info":"23평(78.29), 26평(86.97), 32평(107.8), 33평(110.92), 45평(150.07)",
            "last_sales":"2020-02-07,76700.0,45평(150.07)",
            "rank_history":[
                [
                    "202202",
                    81
                ],
                [
                    "202201",
                    81
                ]
            ],
            "rank_gap":0
        },
        {
            "index":125,
            "아파트명":"GS강동자이",
            "투자타입":"일반",
            "전용면적(m2)":"104.46",
            "전용면적(평)":"31평",
            "법정동주소":"서울시 강동구 길동 474",
            "도로명주소":"서울시 강동구 천호대로 1239",
            "세대수":50,
            "입주년차":20,
            "용적률점수":"--",
            "건폐율점수":"--",
            "세대당주차수":60,
            "난방방식":30,
            "공급면적":"--",
            "전용률":"--",
            "욕실수":100,
            "현관타입":100,
            "주거총점":53.5,
            "지역구공급총점":0.0,
            "역세권":50,
            "30분내 이동가능 거점":20,
            "1시간내 이동가능 거점":90,
            "교통총점":49.0,
            "백화점":100,
            "아울렛몰":80,
            "대형마트":0,
            "은행":70,
            "병원":0,
            "종합병원":100,
            "공원":0,
            "혐오시설":0,
            "인프라총점":65.0,
            "초등학군":90.01,
            "중학군":48.76,
            "학군총점":57.01,
            "인구수":50.31,
            "인구증감":5.02,
            "인구총점":36.723,
            "일자리":20.37,
            "소득수준":68.8,
            "일자리총점":34.899,
            "가치 총점":55.9015,
            "매매실거래년":20210522.0,
            "매매실거래가":159000.0,
            "전세실거래년":20110117.0,
            "전세실거래가":25000.0,
            "전세가율":29.59,
            "장기전세가율평균":60.27,
            "전세가율거품지수":30.68,
            "검색코드":8755,
            "세대수":596.0,
            "준공년월":"2003-11-12",
            "준공년차":20.0,
            "가까운역이름":"길동",
            "가까운역거리":760.46,
            "역세권여부":"준역세권",
            "30분이내주요거점역":1,
            "30분거점역이름":"['잠실']",
            "1시간이내주요거점역":9,
            "1시간거점역이름":"['강남', '역삼', '잠실', '여의도', '을지로입구', '을지로3가', '왕십리', '명동', '서현']",
            "3km이내백화점수":1,
            "5km이내아울렛몰수":1,
            "1km이내대형먀트수":0,
            "500m이내은행수":3,
            "500m이내병원수":0,
            "5km이내대형병원수":4,
            "500m이내공원수":0,
            "3km이내혐오시설수":0,
            "초등학교학업성취도":90.01,
            "중학교학업성취도":80.0,
            "용적률":299,
            "건폐율":20,
            "Y":37.537495,
            "X":127.14862,
            "rank":82.0,
            "area_info":"31평(104.46), 33평(110.62), 45평(150.6), 52평(172.42)",
            "last_sales":"2021-05-22,159000.0,52평(172.42)",
            "rank_history":[
                [
                    "202202",
                    82
                ],
                [
                    "202201",
                    83
                ]
            ],
            "rank_gap":1
        },
        {
            "index":627,
            "아파트명":"한강현대",
            "투자타입":"일반",
            "전용면적(m2)":"78.7",
            "전용면적(평)":"23평",
            "법정동주소":"서울시 강동구 암사동 442-1",
            "도로명주소":"서울시 강동구 올림픽로104길 41",
            "세대수":50,
            "입주년차":20,
            "용적률점수":"--",
            "건폐율점수":"--",
            "세대당주차수":30,
            "난방방식":30,
            "공급면적":"--",
            "전용률":"--",
            "욕실수":50,
            "현관타입":100,
            "주거총점":44.0,
            "지역구공급총점":0.0,
            "역세권":50,
            "30분내 이동가능 거점":20,
            "1시간내 이동가능 거점":100,
            "교통총점":51.0,
            "백화점":100,
            "아울렛몰":0,
            "대형마트":100,
            "은행":0,
            "병원":0,
            "종합병원":100,
            "공원":100,
            "혐오시설":0,
            "인프라총점":68.0,
            "초등학군":89.99,
            "중학군":48.28,
            "학군총점":56.622,
            "인구수":50.31,
            "인구증감":5.02,
            "인구총점":36.723,
            "일자리":20.37,
            "소득수준":68.8,
            "일자리총점":34.899,
            "가치 총점":55.5433,
            "매매실거래년":20211025.0,
            "매매실거래가":140000.0,
            "전세실거래년":20211016.0,
            "전세실거래가":35700.0,
            "전세가율":36.8,
            "장기전세가율평균":60.27,
            "전세가율거품지수":23.47,
            "검색코드":996,
            "세대수":417.0,
            "준공년월":"1999-05-31",
            "준공년차":24.0,
            "가까운역이름":"암사",
            "가까운역거리":697.45,
            "역세권여부":"준역세권",
            "30분이내주요거점역":1,
            "30분거점역이름":"['잠실']",
            "1시간이내주요거점역":12,
            "1시간거점역이름":"['강남', '역삼', '잠실', '판교', '여의도', '을지로입구', '을지로3가', '양재', '왕십리', '구로디지털단지', '명동', '서현']",
            "3km이내백화점수":1,
            "5km이내아울렛몰수":0,
            "1km이내대형먀트수":2,
            "500m이내은행수":0,
            "500m이내병원수":0,
            "5km이내대형병원수":5,
            "500m이내공원수":3,
            "3km이내혐오시설수":0,
            "초등학교학업성취도":89.99,
            "중학교학업성취도":79.2,
            "용적률":326,
            "건폐율":20,
            "Y":37.555617,
            "X":127.131572,
            "rank":83.0,
            "area_info":"23평(78.7), 28평(94.42), 33평(111.51), 45평(151.01)",
            "last_sales":"2021-10-25,140000.0,45평(151.01)",
            "rank_history":[
                [
                    "202202",
                    83
                ],
                [
                    "202201",
                    88
                ]
            ],
            "rank_gap":5
        },
        {
            "index":239,
            "아파트명":"현대웰하임1단지(도시형)",
            "투자타입":"일반",
            "전용면적(m2)":"25.72",
            "전용면적(평)":"7평",
            "법정동주소":"서울시 강동구 길동 343-1",
            "도로명주소":"서울시 강동구 천중로53길 6",
            "세대수":0,
            "입주년차":60,
            "용적률점수":"--",
            "건폐율점수":"--",
            "세대당주차수":0,
            "난방방식":30,
            "공급면적":"--",
            "전용률":"--",
            "욕실수":50,
            "현관타입":10,
            "주거총점":21.0,
            "지역구공급총점":0.0,
            "역세권":50,
            "30분내 이동가능 거점":20,
            "1시간내 이동가능 거점":100,
            "교통총점":51.0,
            "백화점":100,
            "아울렛몰":80,
            "대형마트":80,
            "은행":100,
            "병원":0,
            "종합병원":100,
            "공원":100,
            "혐오시설":0,
            "인프라총점":83.0,
            "초등학군":90.01,
            "중학군":48.76,
            "학군총점":57.01,
            "인구수":50.31,
            "인구증감":5.02,
            "인구총점":36.723,
            "일자리":20.37,
            "소득수준":68.8,
            "일자리총점":34.899,
            "가치 총점":55.5015,
            "매매실거래년":20211112.0,
            "매매실거래가":14000.0,
            "전세실거래년":20211229.0,
            "전세실거래가":13500.0,
            "전세가율":96.43,
            "장기전세가율평균":60.27,
            "전세가율거품지수":-36.16,
            "검색코드":105069,
            "세대수":128.0,
            "준공년월":"2012-04-27",
            "준공년차":11.0,
            "가까운역이름":"굽은다리",
            "가까운역거리":535.95,
            "역세권여부":"준역세권",
            "30분이내주요거점역":1,
            "30분거점역이름":"['잠실']",
            "1시간이내주요거점역":10,
            "1시간거점역이름":"['강남', '역삼', '잠실', '판교', '여의도', '을지로입구', '을지로3가', '양재', '왕십리', '명동']",
            "3km이내백화점수":1,
            "5km이내아울렛몰수":1,
            "1km이내대형먀트수":1,
            "500m이내은행수":5,
            "500m이내병원수":0,
            "5km이내대형병원수":4,
            "500m이내공원수":2,
            "3km이내혐오시설수":0,
            "초등학교학업성취도":90.01,
            "중학교학업성취도":80.0,
            "용적률":249,
            "건폐율":30,
            "Y":37.541121,
            "X":127.145455,
            "rank":84.0,
            "area_info":"7평(25.72)",
            "last_sales":"2021-11-12,14000.0,7평(25.72)",
            "rank_history":[
                [
                    "202202",
                    84
                ],
                [
                    "202201",
                    85
                ]
            ],
            "rank_gap":1
        },
        {
            "index":348,
            "아파트명":"명일삼환",
            "투자타입":"재건축",
            "전용면적(m2)":"106.32",
            "전용면적(평)":"32평",
            "법정동주소":"서울시 강동구 명일동 47",
            "도로명주소":"서울시 강동구 고덕로62길 29",
            "세대수":30,
            "입주년차":"--",
            "용적률점수":20,
            "건폐율점수":80,
            "세대당주차수":"--",
            "난방방식":"--",
            "공급면적":90,
            "전용률":80,
            "욕실수":"--",
            "현관타입":"--",
            "주거총점":41.5,
            "지역구공급총점":0.0,
            "역세권":80,
            "30분내 이동가능 거점":40,
            "1시간내 이동가능 거점":90,
            "교통총점":70.0,
            "백화점":0,
            "아울렛몰":0,
            "대형마트":100,
            "은행":100,
            "병원":0,
            "종합병원":100,
            "공원":100,
            "혐오시설":0,
            "인프라총점":48.0,
            "초등학군":90.02,
            "중학군":45.76,
            "학군총점":54.612,
            "인구수":50.31,
            "인구증감":5.02,
            "인구총점":36.723,
            "일자리":20.37,
            "소득수준":68.8,
            "일자리총점":34.899,
            "가치 총점":55.3918,
            "매매실거래년":20211013.0,
            "매매실거래가":145000.0,
            "전세실거래년":20220126.0,
            "전세실거래가":42000.0,
            "전세가율":28.97,
            "장기전세가율평균":60.27,
            "전세가율거품지수":31.3,
            "검색코드":1311,
            "세대수":306.0,
            "준공년월":"1992-06-30",
            "준공년차":31.0,
            "가까운역이름":"고덕",
            "가까운역거리":140.47,
            "역세권여부":"역세권",
            "30분이내주요거점역":2,
            "30분거점역이름":"['잠실', '왕십리']",
            "1시간이내주요거점역":9,
            "1시간거점역이름":"['강남', '역삼', '잠실', '여의도', '을지로입구', '을지로3가', '양재', '왕십리', '명동']",
            "3km이내백화점수":0,
            "5km이내아울렛몰수":0,
            "1km이내대형먀트수":2,
            "500m이내은행수":6,
            "500m이내병원수":0,
            "5km이내대형병원수":3,
            "500m이내공원수":3,
            "3km이내혐오시설수":0,
            "초등학교학업성취도":90.02,
            "중학교학업성취도":75.8,
            "용적률":286,
            "건폐율":21,
            "Y":37.55377,
            "X":127.15381,
            "rank":85.0,
            "area_info":"32평(106.32), 32평(106.32), 32평(106.28)",
            "last_sales":"2021-10-13,145000.0,32평(106.32)",
            "rank_history":[
                [
                    "202202",
                    85
                ],
                [
                    "202201",
                    80
                ]
            ],
            "rank_gap":-5
        },
        {
            "index":110,
            "아파트명":"고덕아이파크",
            "투자타입":"일반",
            "전용면적(m2)":"85.07",
            "전용면적(평)":"25평",
            "법정동주소":"서울시 강동구 고덕동 499",
            "도로명주소":"서울시 강동구 동남로79길 26",
            "세대수":90,
            "입주년차":60,
            "용적률점수":"--",
            "건폐율점수":"--",
            "세대당주차수":60,
            "난방방식":100,
            "공급면적":"--",
            "전용률":"--",
            "욕실수":100,
            "현관타입":100,
            "주거총점":82.5,
            "지역구공급총점":0.0,
            "역세권":80,
            "30분내 이동가능 거점":0,
            "1시간내 이동가능 거점":80,
            "교통총점":56.0,
            "백화점":0,
            "아울렛몰":0,
            "대형마트":100,
            "은행":0,
            "병원":0,
            "종합병원":100,
            "공원":100,
            "혐오시설":0,
            "인프라총점":38.0,
            "초등학군":90.0,
            "중학군":42.04,
            "학군총점":51.632,
            "인구수":50.31,
            "인구증감":5.02,
            "인구총점":36.723,
            "일자리":20.37,
            "소득수준":68.8,
            "일자리총점":34.899,
            "가치 총점":55.2448,
            "매매실거래년":20211103.0,
            "매매실거래가":196000.0,
            "전세실거래년":20220126.0,
            "전세실거래가":50400.0,
            "전세가율":36.0,
            "장기전세가율평균":60.27,
            "전세가율거품지수":24.27,
            "검색코드":25874,
            "세대수":1142.0,
            "준공년월":"2011-12-28",
            "준공년차":12.0,
            "가까운역이름":"고덕",
            "가까운역거리":454.55,
            "역세권여부":"역세권",
            "30분이내주요거점역":0,
            "30분거점역이름":"[]",
            "1시간이내주요거점역":8,
            "1시간거점역이름":"['역삼', '잠실', '여의도', '을지로입구', '을지로3가', '양재', '왕십리', '명동']",
            "3km이내백화점수":0,
            "5km이내아울렛몰수":0,
            "1km이내대형먀트수":2,
            "500m이내은행수":1,
            "500m이내병원수":0,
            "5km이내대형병원수":3,
            "500m이내공원수":7,
            "3km이내혐오시설수":0,
            "초등학교학업성취도":90.0,
            "중학교학업성취도":69.0,
            "용적률":240,
            "건폐율":21,
            "Y":37.558909,
            "X":127.155676,
            "rank":86.0,
            "area_info":"25평(85.07), 34평(113.15), 34평(114.14), 34평(114.16), 44평(147.9), 44평(147.52), 54평(179.54), 54평(181.7), 65평(215.88)",
            "last_sales":"2021-11-03,196000.0,44평(147.9)",
            "rank_history":[
                [
                    "202202",
                    86
                ],
                [
                    "202201",
                    86
                ]
            ],
            "rank_gap":0
        },
        {
            "index":403,
            "아파트명":"고덕센트럴아이파크",
            "투자타입":"일반",
            "전용면적(m2)":"82.26",
            "전용면적(평)":"24평",
            "법정동주소":"서울시 강동구 상일동 513",
            "도로명주소":"서울시 강동구 고덕로80길 99",
            "세대수":100,
            "입주년차":100,
            "용적률점수":"--",
            "건폐율점수":"--",
            "세대당주차수":60,
            "난방방식":100,
            "공급면적":"--",
            "전용률":"--",
            "욕실수":100,
            "현관타입":100,
            "주거총점":94.0,
            "지역구공급총점":0.0,
            "역세권":80,
            "30분내 이동가능 거점":0,
            "1시간내 이동가능 거점":50,
            "교통총점":50.0,
            "백화점":0,
            "아울렛몰":0,
            "대형마트":80,
            "은행":0,
            "병원":0,
            "종합병원":100,
            "공원":100,
            "혐오시설":0,
            "인프라총점":35.0,
            "초등학군":90.02,
            "중학군":47.1,
            "학군총점":55.684,
            "인구수":50.31,
            "인구증감":5.02,
            "인구총점":36.723,
            "일자리":20.37,
            "소득수준":68.8,
            "일자리총점":34.899,
            "가치 총점":55.1526,
            "매매실거래년":20211228.0,
            "매매실거래가":133000.0,
            "전세실거래년":20220127.0,
            "전세실거래가":45000.0,
            "전세가율":33.83,
            "장기전세가율평균":60.27,
            "전세가율거품지수":26.44,
            "검색코드":118210,
            "세대수":1745.0,
            "준공년월":"2019-12-30",
            "준공년차":4.0,
            "가까운역이름":"상일동",
            "가까운역거리":492.93,
            "역세권여부":"역세권",
            "30분이내주요거점역":0,
            "30분거점역이름":"[]",
            "1시간이내주요거점역":5,
            "1시간거점역이름":"['잠실', '을지로입구', '을지로3가', '왕십리', '명동']",
            "3km이내백화점수":0,
            "5km이내아울렛몰수":0,
            "1km이내대형먀트수":1,
            "500m이내은행수":1,
            "500m이내병원수":0,
            "5km이내대형병원수":3,
            "500m이내공원수":3,
            "3km이내혐오시설수":0,
            "초등학교학업성취도":90.02,
            "중학교학업성취도":77.9,
            "용적률":249,
            "건폐율":19,
            "Y":37.552284,
            "X":127.166684,
            "rank":87.0,
            "area_info":"24평(82.26), 25평(82.7), 24평(82.42), 30평(102.27), 31평(102.64), 34평(115.36), 35평(115.81), 42평(139.37), 50평(165.58), 54평(179.92)",
            "last_sales":"2021-12-28,133000.0,24평(82.26)",
            "rank_history":[
                [
                    "202202",
                    87
                ],
                [
                    "202201",
                    87
                ]
            ],
            "rank_gap":0
        },
        {
            "index":382,
            "아파트명":"한양",
            "투자타입":"재건축",
            "전용면적(m2)":"102.13",
            "전용면적(평)":"30평",
            "법정동주소":"서울시 강동구 명일동 54",
            "도로명주소":"서울시 강동구 동남로71길 19",
            "세대수":50,
            "입주년차":"--",
            "용적률점수":80,
            "건폐율점수":100,
            "세대당주차수":"--",
            "난방방식":"--",
            "공급면적":90,
            "전용률":80,
            "욕실수":"--",
            "현관타입":"--",
            "주거총점":75.5,
            "지역구공급총점":0.0,
            "역세권":50,
            "30분내 이동가능 거점":20,
            "1시간내 이동가능 거점":80,
            "교통총점":47.0,
            "백화점":0,
            "아울렛몰":0,
            "대형마트":100,
            "은행":100,
            "병원":0,
            "종합병원":100,
            "공원":100,
            "혐오시설":0,
            "인프라총점":48.0,
            "초등학군":90.02,
            "중학군":54.16,
            "학군총점":61.332,
            "인구수":50.31,
            "인구증감":5.02,
            "인구총점":36.723,
            "일자리":20.37,
            "소득수준":68.8,
            "일자리총점":34.899,
            "가치 총점":55.1498,
            "매매실거래년":20211008.0,
            "매매실거래가":160000.0,
            "전세실거래년":20211228.0,
            "전세실거래가":47250.0,
            "전세가율":29.53,
            "장기전세가율평균":60.27,
            "전세가율거품지수":30.74,
            "검색코드":1315,
            "세대수":540.0,
            "준공년월":"1986-05-10",
            "준공년차":37.0,
            "가까운역이름":"고덕",
            "가까운역거리":502.1,
            "역세권여부":"준역세권",
            "30분이내주요거점역":1,
            "30분거점역이름":"['잠실']",
            "1시간이내주요거점역":8,
            "1시간거점역이름":"['강남', '역삼', '잠실', '여의도', '을지로입구', '을지로3가', '왕십리', '명동']",
            "3km이내백화점수":0,
            "5km이내아울렛몰수":0,
            "1km이내대형먀트수":2,
            "500m이내은행수":7,
            "500m이내병원수":0,
            "5km이내대형병원수":4,
            "500m이내공원수":2,
            "3km이내혐오시설수":0,
            "초등학교학업성취도":90.02,
            "중학교학업성취도":87.4,
            "용적률":175,
            "건폐율":15,
            "Y":37.55059,
            "X":127.155352,
            "rank":88.0,
            "area_info":"30평(102.13), 37평(125.3), 41평(138.25)",
            "last_sales":"2021-10-08,160000.0,30평(102.13)",
            "rank_history":[
                [
                    "202202",
                    88
                ],
                [
                    "202201",
                    82
                ]
            ],
            "rank_gap":-6
        },
        {
            "index":310,
            "아파트명":"현대2차",
            "투자타입":"재건축",
            "전용면적(m2)":"79.77",
            "전용면적(평)":"24평",
            "법정동주소":"서울시 강동구 둔촌동 70-5",
            "도로명주소":"서울시 강동구 풍성로65길 34",
            "세대수":0,
            "입주년차":"--",
            "용적률점수":60,
            "건폐율점수":80,
            "세대당주차수":"--",
            "난방방식":"--",
            "공급면적":50,
            "전용률":60,
            "욕실수":"--",
            "현관타입":"--",
            "주거총점":45.5,
            "지역구공급총점":0.0,
            "역세권":80,
            "30분내 이동가능 거점":0,
            "1시간내 이동가능 거점":0,
            "교통총점":40.0,
            "백화점":100,
            "아울렛몰":80,
            "대형마트":80,
            "은행":70,
            "병원":0,
            "종합병원":100,
            "공원":80,
            "혐오시설":0,
            "인프라총점":79.4,
            "초등학군":90.0,
            "중학군":45.0,
            "학군총점":54.0,
            "인구수":50.31,
            "인구증감":5.02,
            "인구총점":36.723,
            "일자리":20.37,
            "소득수준":68.8,
            "일자리총점":34.899,
            "가치 총점":55.02,
            "매매실거래년":20210713.0,
            "매매실거래가":113000.0,
            "전세실거래년":20211220.0,
            "전세실거래가":30000.0,
            "전세가율":36.86,
            "장기전세가율평균":60.27,
            "전세가율거품지수":23.41,
            "검색코드":830,
            "세대수":196.0,
            "준공년월":"1988-01-29",
            "준공년차":35.0,
            "가까운역이름":"둔촌동",
            "가까운역거리":420.38,
            "역세권여부":"역세권",
            "30분이내주요거점역":0,
            "30분거점역이름":"[]",
            "1시간이내주요거점역":0,
            "1시간거점역이름":"[]",
            "3km이내백화점수":1,
            "5km이내아울렛몰수":1,
            "1km이내대형먀트수":1,
            "500m이내은행수":3,
            "500m이내병원수":0,
            "5km이내대형병원수":5,
            "500m이내공원수":1,
            "3km이내혐오시설수":0,
            "초등학교학업성취도":90.0,
            "중학교학업성취도":74.2,
            "용적률":226,
            "건폐율":21,
            "Y":37.52939,
            "X":127.140566,
            "rank":89.0,
            "area_info":"24평(79.77), 28평(92.65), 32평(107.14)",
            "last_sales":"2021-07-13,113000.0,32평(107.14)",
            "rank_history":[
                [
                    "202202",
                    0
                ],
                [
                    "202201",
                    9999
                ]
            ],
            "rank_gap":9999
        },
        {
            "index":594,
            "아파트명":"제이빌더스(도시형)",
            "투자타입":"일반",
            "전용면적(m2)":"29.44",
            "전용면적(평)":"8평",
            "법정동주소":"서울시 강동구 암사동 479-13",
            "도로명주소":"서울시 강동구 암사길 50",
            "세대수":0,
            "입주년차":80,
            "용적률점수":"--",
            "건폐율점수":"--",
            "세대당주차수":0,
            "난방방식":30,
            "공급면적":"--",
            "전용률":"--",
            "욕실수":50,
            "현관타입":100,
            "주거총점":34.0,
            "지역구공급총점":0.0,
            "역세권":50,
            "30분내 이동가능 거점":20,
            "1시간내 이동가능 거점":100,
            "교통총점":51.0,
            "백화점":100,
            "아울렛몰":0,
            "대형마트":100,
            "은행":0,
            "병원":0,
            "종합병원":100,
            "공원":100,
            "혐오시설":0,
            "인프라총점":68.0,
            "초등학군":89.98,
            "중학군":48.28,
            "학군총점":56.62,
            "인구수":50.31,
            "인구증감":5.02,
            "인구총점":36.723,
            "일자리":20.37,
            "소득수준":68.8,
            "일자리총점":34.899,
            "가치 총점":53.543,
            "매매실거래년":"18000101",
            "매매실거래가":null,
            "전세실거래년":null,
            "전세실거래가":null,
            "전세가율":null,
            "장기전세가율평균":60.27,
            "전세가율거품지수":null,
            "검색코드":132053,
            "세대수":106.0,
            "준공년월":"2016-10-04",
            "준공년차":7.0,
            "가까운역이름":"암사",
            "가까운역거리":671.67,
            "역세권여부":"준역세권",
            "30분이내주요거점역":1,
            "30분거점역이름":"['잠실']",
            "1시간이내주요거점역":12,
            "1시간거점역이름":"['강남', '역삼', '잠실', '판교', '여의도', '을지로입구', '을지로3가', '양재', '왕십리', '구로디지털단지', '명동', '서현']",
            "3km이내백화점수":1,
            "5km이내아울렛몰수":0,
            "1km이내대형먀트수":3,
            "500m이내은행수":0,
            "500m이내병원수":0,
            "5km이내대형병원수":5,
            "500m이내공원수":4,
            "3km이내혐오시설수":0,
            "초등학교학업성취도":89.98,
            "중학교학업성취도":79.2,
            "용적률":191,
            "건폐율":57,
            "Y":37.55168,
            "X":127.134952,
            "rank":90.0,
            "area_info":"8평(29.44), 9평(30.45), 9평(30.35), 9평(31.95), 10평(33.79), 10평(34.69), 10평(34.85), 10평(35.37), 10평(35.48), 11평(36.72), 11평(38.96), 13평(44.72), 14평(47.16), 15평(49.82), 14평(49.18), 15평(50.58), 15평(50.85), 16평(55.9), 17평(57.11), 17평(58.66), 19평(64.84)",
            "last_sales":"1800-01-01,nan,8평(29.44)",
            "rank_history":[
                [
                    "202202",
                    90
                ],
                [
                    "202201",
                    90
                ]
            ],
            "rank_gap":0
        },
        {
            "index":559,
            "아파트명":"동원베네스트",
            "투자타입":"일반",
            "전용면적(m2)":"90.69",
            "전용면적(평)":"27평",
            "법정동주소":"서울시 강동구 암사동 670",
            "도로명주소":"서울시 강동구 고덕로 52-11",
            "세대수":0,
            "입주년차":20,
            "용적률점수":"--",
            "건폐율점수":"--",
            "세대당주차수":30,
            "난방방식":30,
            "공급면적":"--",
            "전용률":"--",
            "욕실수":100,
            "현관타입":100,
            "주거총점":31.5,
            "지역구공급총점":0.0,
            "역세권":50,
            "30분내 이동가능 거점":20,
            "1시간내 이동가능 거점":100,
            "교통총점":51.0,
            "백화점":100,
            "아울렛몰":0,
            "대형마트":100,
            "은행":0,
            "병원":0,
            "종합병원":100,
            "공원":100,
            "혐오시설":0,
            "인프라총점":68.0,
            "초등학군":89.99,
            "중학군":48.28,
            "학군총점":56.622,
            "인구수":50.31,
            "인구증감":5.02,
            "인구총점":36.723,
            "일자리":20.37,
            "소득수준":68.8,
            "일자리총점":34.899,
            "가치 총점":53.0433,
            "매매실거래년":20200509.0,
            "매매실거래가":63000.0,
            "전세실거래년":20210219.0,
            "전세실거래가":36750.0,
            "전세가율":73.65,
            "장기전세가율평균":60.27,
            "전세가율거품지수":-13.38,
            "검색코드":8602,
            "세대수":106.0,
            "준공년월":"2002-12-30",
            "준공년차":21.0,
            "가까운역이름":"암사",
            "가까운역거리":537.52,
            "역세권여부":"준역세권",
            "30분이내주요거점역":1,
            "30분거점역이름":"['잠실']",
            "1시간이내주요거점역":13,
            "1시간거점역이름":"['강남', '역삼', '잠실', '판교', '여의도', '을지로입구', '을지로3가', '양재', '정자', '왕십리', '구로디지털단지', '명동', '서현']",
            "3km이내백화점수":1,
            "5km이내아울렛몰수":0,
            "1km이내대형먀트수":2,
            "500m이내은행수":1,
            "500m이내병원수":0,
            "5km이내대형병원수":5,
            "500m이내공원수":3,
            "3km이내혐오시설수":0,
            "초등학교학업성취도":89.99,
            "중학교학업성취도":79.2,
            "용적률":286,
            "건폐율":27,
            "Y":37.55413,
            "X":127.13113,
            "rank":91.0,
            "area_info":"27평(90.69), 27평(91.13), 28평(95.27), 28평(95.15), 32평(105.85), 32평(105.98), 32평(106.21), 32평(106.22)",
            "last_sales":"2020-05-09,63000.0,32평(106.22)",
            "rank_history":[
                [
                    "202202",
                    91
                ],
                [
                    "202201",
                    89
                ]
            ],
            "rank_gap":-2
        },
        {
            "index":80,
            "아파트명":"고덕래미안힐스테이트",
            "투자타입":"일반",
            "전용면적(m2)":"82.55",
            "전용면적(평)":"24평",
            "법정동주소":"서울시 강동구 고덕동 688",
            "도로명주소":"서울시 강동구 아리수로50길 50",
            "세대수":100,
            "입주년차":80,
            "용적률점수":"--",
            "건폐율점수":"--",
            "세대당주차수":60,
            "난방방식":100,
            "공급면적":"--",
            "전용률":"--",
            "욕실수":100,
            "현관타입":100,
            "주거총점":90.0,
            "지역구공급총점":0.0,
            "역세권":50,
            "30분내 이동가능 거점":0,
            "1시간내 이동가능 거점":80,
            "교통총점":41.0,
            "백화점":0,
            "아울렛몰":0,
            "대형마트":100,
            "은행":0,
            "병원":0,
            "종합병원":100,
            "공원":100,
            "혐오시설":0,
            "인프라총점":38.0,
            "초등학군":89.99,
            "중학군":54.86,
            "학군총점":61.886,
            "인구수":50.31,
            "인구증감":5.02,
            "인구총점":36.723,
            "일자리":20.37,
            "소득수준":68.8,
            "일자리총점":34.899,
            "가치 총점":53.0329,
            "매매실거래년":20211226.0,
            "매매실거래가":138000.0,
            "전세실거래년":20220119.0,
            "전세실거래가":70000.0,
            "전세가율":50.72,
            "장기전세가율평균":60.27,
            "전세가율거품지수":9.55,
            "검색코드":108187,
            "세대수":3658.0,
            "준공년월":"2016-12-29",
            "준공년차":7.0,
            "가까운역이름":"고덕",
            "가까운역거리":650.08,
            "역세권여부":"준역세권",
            "30분이내주요거점역":0,
            "30분거점역이름":"[]",
            "1시간이내주요거점역":8,
            "1시간거점역이름":"['강남', '역삼', '잠실', '을지로입구', '을지로3가', '양재', '왕십리', '명동']",
            "3km이내백화점수":0,
            "5km이내아울렛몰수":0,
            "1km이내대형먀트수":2,
            "500m이내은행수":0,
            "500m이내병원수":0,
            "5km이내대형병원수":4,
            "500m이내공원수":4,
            "3km이내혐오시설수":0,
            "초등학교학업성취도":89.99,
            "중학교학업성취도":89.9,
            "용적률":249,
            "건폐율":19,
            "Y":37.559113,
            "X":127.148905,
            "rank":92.0,
            "area_info":"24평(82.55), 24평(82.55), 24평(82.57), 28평(94.2), 29평(99.01), 34평(115.47), 34평(115.54), 34평(115.36), 34평(115.64), 34평(115.05), 34평(115.57), 39평(132.08), 39평(132.08), 39평(132.18), 41평(138.54), 42평(140.47), 44평(148.63), 48평(161.96), 58평(194.06), 67평(221.73), 67평(223.15), 79평(263.29)",
            "last_sales":"2021-12-26,138000.0,24평(82.55)",
            "rank_history":[
                [
                    "202202",
                    92
                ],
                [
                    "202201",
                    92
                ]
            ],
            "rank_gap":0
        },
        {
            "index":121,
            "아파트명":"아남",
            "투자타입":"일반",
            "전용면적(m2)":"60.95",
            "전용면적(평)":"18평",
            "법정동주소":"서울시 강동구 고덕동 486",
            "도로명주소":"서울시 강동구 양재대로 1706",
            "세대수":80,
            "입주년차":0,
            "용적률점수":"--",
            "건폐율점수":"--",
            "세대당주차수":0,
            "난방방식":30,
            "공급면적":"--",
            "전용률":"--",
            "욕실수":50,
            "현관타입":10,
            "주거총점":37.0,
            "지역구공급총점":0.0,
            "역세권":50,
            "30분내 이동가능 거점":20,
            "1시간내 이동가능 거점":70,
            "교통총점":45.0,
            "백화점":100,
            "아울렛몰":0,
            "대형마트":100,
            "은행":0,
            "병원":0,
            "종합병원":100,
            "공원":100,
            "혐오시설":0,
            "인프라총점":68.0,
            "초등학군":89.99,
            "중학군":54.86,
            "학군총점":61.886,
            "인구수":50.31,
            "인구증감":5.02,
            "인구총점":36.723,
            "일자리":20.37,
            "소득수준":68.8,
            "일자리총점":34.899,
            "가치 총점":52.8329,
            "매매실거래년":20211225.0,
            "매매실거래가":108500.0,
            "전세실거래년":20220127.0,
            "전세실거래가":28800.0,
            "전세가율":30.38,
            "장기전세가율평균":60.27,
            "전세가율거품지수":29.89,
            "검색코드":1156,
            "세대수":807.0,
            "준공년월":"1996-03-29",
            "준공년차":27.0,
            "가까운역이름":"고덕",
            "가까운역거리":727.4,
            "역세권여부":"준역세권",
            "30분이내주요거점역":1,
            "30분거점역이름":"['잠실']",
            "1시간이내주요거점역":7,
            "1시간거점역이름":"['강남', '역삼', '잠실', '을지로입구', '을지로3가', '왕십리', '명동']",
            "3km이내백화점수":1,
            "5km이내아울렛몰수":0,
            "1km이내대형먀트수":2,
            "500m이내은행수":0,
            "500m이내병원수":0,
            "5km이내대형병원수":5,
            "500m이내공원수":2,
            "3km이내혐오시설수":0,
            "초등학교학업성취도":89.99,
            "중학교학업성취도":89.9,
            "용적률":296,
            "건폐율":20,
            "Y":37.557962,
            "X":127.146791,
            "rank":93.0,
            "area_info":"18평(60.95), 26평(86.45), 28평(95.08), 31평(103.1)",
            "last_sales":"2021-12-25,108500.0,26평(86.45)",
            "rank_history":[
                [
                    "202202",
                    93
                ],
                [
                    "202201",
                    93
                ]
            ],
            "rank_gap":0
        },
        {
            "index":309,
            "아파트명":"현대1차",
            "투자타입":"재건축",
            "전용면적(m2)":"103.35",
            "전용면적(평)":"31평",
            "법정동주소":"서울시 강동구 둔촌동 30-4",
            "도로명주소":"서울시 강동구 동남로49길 57",
            "세대수":50,
            "입주년차":"--",
            "용적률점수":80,
            "건폐율점수":100,
            "세대당주차수":"--",
            "난방방식":"--",
            "공급면적":90,
            "전용률":80,
            "욕실수":"--",
            "현관타입":"--",
            "주거총점":75.5,
            "지역구공급총점":0.0,
            "역세권":50,
            "30분내 이동가능 거점":0,
            "1시간내 이동가능 거점":0,
            "교통총점":25.0,
            "백화점":100,
            "아울렛몰":80,
            "대형마트":0,
            "은행":70,
            "병원":0,
            "종합병원":100,
            "공원":100,
            "혐오시설":0,
            "인프라총점":68.0,
            "초등학군":89.96,
            "중학군":45.0,
            "학군총점":53.992,
            "인구수":50.31,
            "인구증감":5.02,
            "인구총점":36.723,
            "일자리":20.37,
            "소득수준":68.8,
            "일자리총점":34.899,
            "가치 총점":52.3488,
            "매매실거래년":20211112.0,
            "매매실거래가":140400.0,
            "전세실거래년":20201231.0,
            "전세실거래가":67600.0,
            "전세가율":48.15,
            "장기전세가율평균":60.27,
            "전세가율거품지수":12.12,
            "검색코드":829,
            "세대수":498.0,
            "준공년월":"1984-11-30",
            "준공년차":39.0,
            "가까운역이름":"길동",
            "가까운역거리":839.6,
            "역세권여부":"준역세권",
            "30분이내주요거점역":0,
            "30분거점역이름":"[]",
            "1시간이내주요거점역":0,
            "1시간거점역이름":"[]",
            "3km이내백화점수":1,
            "5km이내아울렛몰수":1,
            "1km이내대형먀트수":0,
            "500m이내은행수":4,
            "500m이내병원수":0,
            "5km이내대형병원수":5,
            "500m이내공원수":2,
            "3km이내혐오시설수":0,
            "초등학교학업성취도":89.96,
            "중학교학업성취도":74.2,
            "용적률":179,
            "건폐율":15,
            "Y":37.532171,
            "X":127.146349,
            "rank":94.0,
            "area_info":"31평(103.35)",
            "last_sales":"2021-11-12,140400.0,31평(103.35)",
            "rank_history":[
                [
                    "202202",
                    0
                ],
                [
                    "202201",
                    9999
                ]
            ],
            "rank_gap":9999
        },
        {
            "index":419,
            "아파트명":"고덕아르테온",
            "투자타입":"일반",
            "전용면적(m2)":"80.86",
            "전용면적(평)":"24평",
            "법정동주소":"서울시 강동구 상일동 519",
            "도로명주소":"서울시 강동구 고덕로 360",
            "세대수":100,
            "입주년차":100,
            "용적률점수":"--",
            "건폐율점수":"--",
            "세대당주차수":60,
            "난방방식":100,
            "공급면적":"--",
            "전용률":"--",
            "욕실수":100,
            "현관타입":100,
            "주거총점":94.0,
            "지역구공급총점":0.0,
            "역세권":80,
            "30분내 이동가능 거점":0,
            "1시간내 이동가능 거점":50,
            "교통총점":50.0,
            "백화점":0,
            "아울렛몰":0,
            "대형마트":0,
            "은행":20,
            "병원":0,
            "종합병원":100,
            "공원":100,
            "혐오시설":0,
            "인프라총점":25.0,
            "초등학군":90.02,
            "중학군":47.1,
            "학군총점":55.684,
            "인구수":50.31,
            "인구증감":5.02,
            "인구총점":36.723,
            "일자리":20.37,
            "소득수준":68.8,
            "일자리총점":34.899,
            "가치 총점":52.1526,
            "매매실거래년":20210903.0,
            "매매실거래가":218000.0,
            "전세실거래년":20200523.0,
            "전세실거래가":55000.0,
            "전세가율":null,
            "장기전세가율평균":60.27,
            "전세가율거품지수":null,
            "검색코드":119341,
            "세대수":4066.0,
            "준공년월":"2020-02-01",
            "준공년차":3.0,
            "가까운역이름":"상일동",
            "가까운역거리":338.38,
            "역세권여부":"역세권",
            "30분이내주요거점역":0,
            "30분거점역이름":"[]",
            "1시간이내주요거점역":5,
            "1시간거점역이름":"['잠실', '을지로입구', '을지로3가', '왕십리', '명동']",
            "3km이내백화점수":0,
            "5km이내아울렛몰수":0,
            "1km이내대형먀트수":0,
            "500m이내은행수":2,
            "500m이내병원수":0,
            "5km이내대형병원수":3,
            "500m이내공원수":2,
            "3km이내혐오시설수":0,
            "초등학교학업성취도":90.02,
            "중학교학업성취도":77.9,
            "용적률":249,
            "건폐율":19,
            "Y":37.55423,
            "X":127.168638,
            "rank":95.0,
            "area_info":"24평(80.86), 24평(81.05), 24평(81.4), 24평(81.56), 34평(113.98), 34평(114.35), 34평(114.58), 34평(114.14), 46평(152.72)",
            "last_sales":"2021-09-03,218000.0,46평(152.72)",
            "rank_history":[
                [
                    "202202",
                    95
                ],
                [
                    "202201",
                    91
                ]
            ],
            "rank_gap":-4
        },
        {
            "index":287,
            "아파트명":"둔촌푸르지오",
            "투자타입":"일반",
            "전용면적(m2)":"83.42",
            "전용면적(평)":"25평",
            "법정동주소":"서울시 강동구 둔촌동 630",
            "도로명주소":"서울시 강동구 명일로 172",
            "세대수":80,
            "입주년차":60,
            "용적률점수":"--",
            "건폐율점수":"--",
            "세대당주차수":60,
            "난방방식":30,
            "공급면적":"--",
            "전용률":"--",
            "욕실수":100,
            "현관타입":100,
            "주거총점":72.0,
            "지역구공급총점":0.0,
            "역세권":50,
            "30분내 이동가능 거점":0,
            "1시간내 이동가능 거점":0,
            "교통총점":25.0,
            "백화점":100,
            "아울렛몰":80,
            "대형마트":0,
            "은행":70,
            "병원":0,
            "종합병원":100,
            "공원":100,
            "혐오시설":0,
            "인프라총점":68.0,
            "초등학군":90.01,
            "중학군":45.0,
            "학군총점":54.002,
            "인구수":50.31,
            "인구증감":5.02,
            "인구총점":36.723,
            "일자리":20.37,
            "소득수준":68.8,
            "일자리총점":34.899,
            "가치 총점":51.6503,
            "매매실거래년":20211109.0,
            "매매실거래가":120000.0,
            "전세실거래년":20220120.0,
            "전세실거래가":66000.0,
            "전세가율":55.0,
            "장기전세가율평균":60.27,
            "전세가율거품지수":5.27,
            "검색코드":27212,
            "세대수":800.0,
            "준공년월":"2010-03-12",
            "준공년차":13.0,
            "가까운역이름":"길동",
            "가까운역거리":671.24,
            "역세권여부":"준역세권",
            "30분이내주요거점역":0,
            "30분거점역이름":"[]",
            "1시간이내주요거점역":0,
            "1시간거점역이름":"[]",
            "3km이내백화점수":1,
            "5km이내아울렛몰수":1,
            "1km이내대형먀트수":0,
            "500m이내은행수":3,
            "500m이내병원수":0,
            "5km이내대형병원수":5,
            "500m이내공원수":3,
            "3km이내혐오시설수":0,
            "초등학교학업성취도":90.01,
            "중학교학업성취도":74.2,
            "용적률":249,
            "건폐율":17,
            "Y":37.534197,
            "X":127.146111,
            "rank":96.0,
            "area_info":"25평(83.42), 33평(111.75), 33평(112.06), 34평(113.47), 42평(138.93)",
            "last_sales":"2021-11-09,120000.0,25평(83.42)",
            "rank_history":[
                [
                    "202202",
                    0
                ],
                [
                    "202201",
                    9999
                ]
            ],
            "rank_gap":9999
        },
        {
            "index":623,
            "아파트명":"한강포스파크",
            "투자타입":"일반",
            "전용면적(m2)":"80.58",
            "전용면적(평)":"24평",
            "법정동주소":"서울시 강동구 암사동 445",
            "도로명주소":"서울시 강동구 고덕로19길 30",
            "세대수":0,
            "입주년차":20,
            "용적률점수":"--",
            "건폐율점수":"--",
            "세대당주차수":30,
            "난방방식":30,
            "공급면적":"--",
            "전용률":"--",
            "욕실수":50,
            "현관타입":100,
            "주거총점":26.5,
            "지역구공급총점":0.0,
            "역세권":50,
            "30분내 이동가능 거점":20,
            "1시간내 이동가능 거점":90,
            "교통총점":49.0,
            "백화점":100,
            "아울렛몰":0,
            "대형마트":100,
            "은행":0,
            "병원":0,
            "종합병원":100,
            "공원":100,
            "혐오시설":0,
            "인프라총점":68.0,
            "초등학군":89.99,
            "중학군":48.28,
            "학군총점":56.622,
            "인구수":50.31,
            "인구증감":5.02,
            "인구총점":36.723,
            "일자리":20.37,
            "소득수준":68.8,
            "일자리총점":34.899,
            "가치 총점":51.3433,
            "매매실거래년":20200909.0,
            "매매실거래가":100000.0,
            "전세실거래년":20190918.0,
            "전세실거래가":32000.0,
            "전세가율":64.13,
            "장기전세가율평균":60.27,
            "전세가율거품지수":-3.86,
            "검색코드":3323,
            "세대수":134.0,
            "준공년월":"2002-09-06",
            "준공년차":21.0,
            "가까운역이름":"암사",
            "가까운역거리":897.83,
            "역세권여부":"준역세권",
            "30분이내주요거점역":1,
            "30분거점역이름":"['잠실']",
            "1시간이내주요거점역":9,
            "1시간거점역이름":"['강남', '역삼', '잠실', '여의도', '을지로입구', '을지로3가', '양재', '왕십리', '명동']",
            "3km이내백화점수":1,
            "5km이내아울렛몰수":0,
            "1km이내대형먀트수":2,
            "500m이내은행수":0,
            "500m이내병원수":0,
            "5km이내대형병원수":4,
            "500m이내공원수":3,
            "3km이내혐오시설수":0,
            "초등학교학업성취도":89.99,
            "중학교학업성취도":79.2,
            "용적률":341,
            "건폐율":26,
            "Y":37.556294,
            "X":127.134258,
            "rank":97.0,
            "area_info":"24평(80.58), 31평(102.64), 33평(110.81), 42평(139.59)",
            "last_sales":"2020-09-09,100000.0,42평(139.59)",
            "rank_history":[
                [
                    "202202",
                    97
                ],
                [
                    "202201",
                    96
                ]
            ],
            "rank_gap":-1
        },
        {
            "index":231,
            "아파트명":"현대",
            "투자타입":"일반",
            "전용면적(m2)":"81.93",
            "전용면적(평)":"24평",
            "법정동주소":"서울시 강동구 길동 470",
            "도로명주소":"서울시 강동구 천호대로 1231",
            "세대수":0,
            "입주년차":0,
            "용적률점수":"--",
            "건폐율점수":"--",
            "세대당주차수":30,
            "난방방식":30,
            "공급면적":"--",
            "전용률":"--",
            "욕실수":50,
            "현관타입":100,
            "주거총점":22.5,
            "지역구공급총점":0.0,
            "역세권":50,
            "30분내 이동가능 거점":20,
            "1시간내 이동가능 거점":100,
            "교통총점":51.0,
            "백화점":100,
            "아울렛몰":80,
            "대형마트":0,
            "은행":70,
            "병원":0,
            "종합병원":100,
            "공원":80,
            "혐오시설":0,
            "인프라총점":67.4,
            "초등학군":90.01,
            "중학군":48.76,
            "학군총점":57.01,
            "인구수":50.31,
            "인구증감":5.02,
            "인구총점":36.723,
            "일자리":20.37,
            "소득수준":68.8,
            "일자리총점":34.899,
            "가치 총점":51.1215,
            "매매실거래년":20210315.0,
            "매매실거래가":100000.0,
            "전세실거래년":20210515.0,
            "전세실거래가":50000.0,
            "전세가율":71.94,
            "장기전세가율평균":60.27,
            "전세가율거품지수":-11.67,
            "검색코드":3070,
            "세대수":264.0,
            "준공년월":"1996-08-09",
            "준공년차":27.0,
            "가까운역이름":"길동",
            "가까운역거리":662.95,
            "역세권여부":"준역세권",
            "30분이내주요거점역":1,
            "30분거점역이름":"['잠실']",
            "1시간이내주요거점역":10,
            "1시간거점역이름":"['강남', '역삼', '잠실', '판교', '여의도', '을지로입구', '을지로3가', '양재', '왕십리', '명동']",
            "3km이내백화점수":1,
            "5km이내아울렛몰수":1,
            "1km이내대형먀트수":0,
            "500m이내은행수":4,
            "500m이내병원수":0,
            "5km이내대형병원수":5,
            "500m이내공원수":1,
            "3km이내혐오시설수":0,
            "초등학교학업성취도":90.01,
            "중학교학업성취도":80.0,
            "용적률":376,
            "건폐율":32,
            "Y":37.536621,
            "X":127.147374,
            "rank":98.0,
            "area_info":"24평(81.93), 24평(81.8), 24평(81.89), 24평(82.01), 24평(82.06), 32평(107.37), 32평(107.07), 32평(107.48)",
            "last_sales":"2021-03-15,100000.0,32평(107.48)",
            "rank_history":[
                [
                    "202202",
                    98
                ],
                [
                    "202201",
                    94
                ]
            ],
            "rank_gap":-4
        },
        {
            "index":307,
            "아파트명":"프라자",
            "투자타입":"재건축",
            "전용면적(m2)":"101.28",
            "전용면적(평)":"30평",
            "법정동주소":"서울시 강동구 둔촌동 603",
            "도로명주소":"서울시 강동구 천호대로 1240",
            "세대수":30,
            "입주년차":"--",
            "용적률점수":80,
            "건폐율점수":100,
            "세대당주차수":"--",
            "난방방식":"--",
            "공급면적":90,
            "전용률":80,
            "욕실수":"--",
            "현관타입":"--",
            "주거총점":69.5,
            "지역구공급총점":0.0,
            "역세권":50,
            "30분내 이동가능 거점":0,
            "1시간내 이동가능 거점":0,
            "교통총점":25.0,
            "백화점":100,
            "아울렛몰":80,
            "대형마트":0,
            "은행":70,
            "병원":0,
            "종합병원":100,
            "공원":80,
            "혐오시설":0,
            "인프라총점":67.4,
            "초등학군":90.01,
            "중학군":45.0,
            "학군총점":54.002,
            "인구수":50.31,
            "인구증감":5.02,
            "인구총점":36.723,
            "일자리":20.37,
            "소득수준":68.8,
            "일자리총점":34.899,
            "가치 총점":50.9703,
            "매매실거래년":20211012.0,
            "매매실거래가":115000.0,
            "전세실거래년":20220122.0,
            "전세실거래가":38500.0,
            "전세가율":33.48,
            "장기전세가율평균":60.27,
            "전세가율거품지수":26.79,
            "검색코드":1292,
            "세대수":354.0,
            "준공년월":"1984-12-10",
            "준공년차":39.0,
            "가까운역이름":"길동",
            "가까운역거리":766.15,
            "역세권여부":"준역세권",
            "30분이내주요거점역":0,
            "30분거점역이름":"[]",
            "1시간이내주요거점역":0,
            "1시간거점역이름":"[]",
            "3km이내백화점수":1,
            "5km이내아울렛몰수":1,
            "1km이내대형먀트수":0,
            "500m이내은행수":3,
            "500m이내병원수":0,
            "5km이내대형병원수":5,
            "500m이내공원수":1,
            "3km이내혐오시설수":0,
            "초등학교학업성취도":90.01,
            "중학교학업성취도":74.2,
            "용적률":179,
            "건폐율":14,
            "Y":37.535591,
            "X":127.148234,
            "rank":99.0,
            "area_info":"30평(101.28), 39평(129.31)",
            "last_sales":"2021-10-12,115000.0,30평(101.28)",
            "rank_history":[
                [
                    "202202",
                    0
                ],
                [
                    "202201",
                    9999
                ]
            ],
            "rank_gap":9999
        },
        {
            "index":119,
            "아파트명":"배재현대",
            "투자타입":"일반",
            "전용면적(m2)":"95.87",
            "전용면적(평)":"29평",
            "법정동주소":"서울시 강동구 고덕동 312",
            "도로명주소":"서울시 강동구 고덕로61길 37",
            "세대수":50,
            "입주년차":0,
            "용적률점수":"--",
            "건폐율점수":"--",
            "세대당주차수":30,
            "난방방식":30,
            "공급면적":"--",
            "전용률":"--",
            "욕실수":50,
            "현관타입":10,
            "주거총점":31.0,
            "지역구공급총점":0.0,
            "역세권":80,
            "30분내 이동가능 거점":20,
            "1시간내 이동가능 거점":90,
            "교통총점":64.0,
            "백화점":0,
            "아울렛몰":0,
            "대형마트":100,
            "은행":70,
            "병원":0,
            "종합병원":100,
            "공원":100,
            "혐오시설":0,
            "인프라총점":45.0,
            "초등학군":90.0,
            "중학군":45.76,
            "학군총점":54.608,
            "인구수":50.31,
            "인구증감":5.02,
            "인구총점":36.723,
            "일자리":20.37,
            "소득수준":68.8,
            "일자리총점":34.899,
            "가치 총점":50.2912,
            "매매실거래년":20211109.0,
            "매매실거래가":113000.0,
            "전세실거래년":20220112.0,
            "전세실거래가":55000.0,
            "전세가율":48.67,
            "장기전세가율평균":60.27,
            "전세가율거품지수":11.6,
            "검색코드":875,
            "세대수":448.0,
            "준공년월":"1995-11-30",
            "준공년차":28.0,
            "가까운역이름":"고덕",
            "가까운역거리":248.67,
            "역세권여부":"역세권",
            "30분이내주요거점역":1,
            "30분거점역이름":"['왕십리']",
            "1시간이내주요거점역":9,
            "1시간거점역이름":"['강남', '역삼', '잠실', '여의도', '을지로입구', '을지로3가', '양재', '왕십리', '명동']",
            "3km이내백화점수":0,
            "5km이내아울렛몰수":0,
            "1km이내대형먀트수":2,
            "500m이내은행수":4,
            "500m이내병원수":0,
            "5km이내대형병원수":3,
            "500m이내공원수":6,
            "3km이내혐오시설수":0,
            "초등학교학업성취도":90.0,
            "중학교학업성취도":75.8,
            "용적률":399,
            "건폐율":24,
            "Y":37.556623,
            "X":127.152205,
            "rank":100.0,
            "area_info":"29평(95.87), 36평(119.01)",
            "last_sales":"2021-11-09,113000.0,29평(95.87)",
            "rank_history":[
                [
                    "202202",
                    100
                ],
                [
                    "202201",
                    95
                ]
            ],
            "rank_gap":-5
        },
        {
            "index":567,
            "아파트명":"라인",
            "투자타입":"일반",
            "전용면적(m2)":"88.47",
            "전용면적(평)":"26평",
            "법정동주소":"서울시 강동구 암사동 442",
            "도로명주소":"서울시 강동구 올림픽로104길 32",
            "세대수":0,
            "입주년차":0,
            "용적률점수":"--",
            "건폐율점수":"--",
            "세대당주차수":30,
            "난방방식":30,
            "공급면적":"--",
            "전용률":"--",
            "욕실수":50,
            "현관타입":10,
            "주거총점":13.5,
            "지역구공급총점":0.0,
            "역세권":50,
            "30분내 이동가능 거점":20,
            "1시간내 이동가능 거점":100,
            "교통총점":51.0,
            "백화점":100,
            "아울렛몰":0,
            "대형마트":100,
            "은행":0,
            "병원":0,
            "종합병원":100,
            "공원":100,
            "혐오시설":0,
            "인프라총점":68.0,
            "초등학군":89.99,
            "중학군":48.28,
            "학군총점":56.622,
            "인구수":50.31,
            "인구증감":5.02,
            "인구총점":36.723,
            "일자리":20.37,
            "소득수준":68.8,
            "일자리총점":34.899,
            "가치 총점":49.4433,
            "매매실거래년":20210913.0,
            "매매실거래가":80250.0,
            "전세실거래년":20211014.0,
            "전세실거래가":48000.0,
            "전세가율":59.81,
            "장기전세가율평균":60.27,
            "전세가율거품지수":0.46,
            "검색코드":1331,
            "세대수":107.0,
            "준공년월":"1996-01-12",
            "준공년차":27.0,
            "가까운역이름":"암사",
            "가까운역거리":639.23,
            "역세권여부":"준역세권",
            "30분이내주요거점역":1,
            "30분거점역이름":"['잠실']",
            "1시간이내주요거점역":13,
            "1시간거점역이름":"['강남', '역삼', '잠실', '판교', '여의도', '을지로입구', '을지로3가', '양재', '왕십리', '홍대입구', '구로디지털단지', '명동', '서현']",
            "3km이내백화점수":1,
            "5km이내아울렛몰수":0,
            "1km이내대형먀트수":2,
            "500m이내은행수":0,
            "500m이내병원수":0,
            "5km이내대형병원수":5,
            "500m이내공원수":3,
            "3km이내혐오시설수":0,
            "초등학교학업성취도":89.99,
            "중학교학업성취도":79.2,
            "용적률":367,
            "건폐율":32,
            "Y":37.555181,
            "X":127.131204,
            "rank":101.0,
            "area_info":"26평(88.47), 33평(109.94)",
            "last_sales":"2021-09-13,80250.0,26평(88.47)",
            "rank_history":[
                [
                    "202202",
                    101
                ],
                [
                    "202201",
                    98
                ]
            ],
            "rank_gap":-3
        },
        {
            "index":557,
            "아파트명":"대원",
            "투자타입":"일반",
            "전용면적(m2)":"108.34",
            "전용면적(평)":"32평",
            "법정동주소":"서울시 강동구 암사동 461",
            "도로명주소":"서울시 강동구 고덕로 52",
            "세대수":0,
            "입주년차":0,
            "용적률점수":"--",
            "건폐율점수":"--",
            "세대당주차수":30,
            "난방방식":30,
            "공급면적":"--",
            "전용률":"--",
            "욕실수":50,
            "현관타입":10,
            "주거총점":13.5,
            "지역구공급총점":0.0,
            "역세권":50,
            "30분내 이동가능 거점":20,
            "1시간내 이동가능 거점":100,
            "교통총점":51.0,
            "백화점":100,
            "아울렛몰":0,
            "대형마트":100,
            "은행":0,
            "병원":0,
            "종합병원":100,
            "공원":100,
            "혐오시설":0,
            "인프라총점":68.0,
            "초등학군":89.99,
            "중학군":48.28,
            "학군총점":56.622,
            "인구수":50.31,
            "인구증감":5.02,
            "인구총점":36.723,
            "일자리":20.37,
            "소득수준":68.8,
            "일자리총점":34.899,
            "가치 총점":49.4433,
            "매매실거래년":20210727.0,
            "매매실거래가":65900.0,
            "전세실거래년":20211123.0,
            "전세실거래가":34000.0,
            "전세가율":51.59,
            "장기전세가율평균":60.27,
            "전세가율거품지수":8.68,
            "검색코드":995,
            "세대수":114.0,
            "준공년월":"1998-06-29",
            "준공년차":25.0,
            "가까운역이름":"암사",
            "가까운역거리":551.47,
            "역세권여부":"준역세권",
            "30분이내주요거점역":1,
            "30분거점역이름":"['잠실']",
            "1시간이내주요거점역":13,
            "1시간거점역이름":"['강남', '역삼', '잠실', '판교', '여의도', '을지로입구', '을지로3가', '양재', '정자', '왕십리', '구로디지털단지', '명동', '서현']",
            "3km이내백화점수":1,
            "5km이내아울렛몰수":0,
            "1km이내대형먀트수":2,
            "500m이내은행수":1,
            "500m이내병원수":0,
            "5km이내대형병원수":5,
            "500m이내공원수":3,
            "3km이내혐오시설수":0,
            "초등학교학업성취도":89.99,
            "중학교학업성취도":79.2,
            "용적률":389,
            "건폐율":40,
            "Y":37.55452,
            "X":127.130657,
            "rank":101.0,
            "area_info":"32평(108.34), 46평(153.52)",
            "last_sales":"2021-07-27,65900.0,32평(108.34)",
            "rank_history":[
                [
                    "202202",
                    101
                ],
                [
                    "202201",
                    97
                ]
            ],
            "rank_gap":-4
        },
        {
            "index":313,
            "아파트명":"현대3차",
            "투자타입":"재건축",
            "전용면적(m2)":"72.21",
            "전용면적(평)":"21평",
            "법정동주소":"서울시 강동구 둔촌동 135-1",
            "도로명주소":"서울시 강동구 진황도로 211",
            "세대수":0,
            "입주년차":"--",
            "용적률점수":60,
            "건폐율점수":80,
            "세대당주차수":"--",
            "난방방식":"--",
            "공급면적":50,
            "전용률":80,
            "욕실수":"--",
            "현관타입":"--",
            "주거총점":46.5,
            "지역구공급총점":0.0,
            "역세권":50,
            "30분내 이동가능 거점":0,
            "1시간내 이동가능 거점":0,
            "교통총점":25.0,
            "백화점":100,
            "아울렛몰":80,
            "대형마트":80,
            "은행":20,
            "병원":0,
            "종합병원":100,
            "공원":80,
            "혐오시설":0,
            "인프라총점":74.4,
            "초등학군":89.96,
            "중학군":45.0,
            "학군총점":53.992,
            "인구수":50.31,
            "인구증감":5.02,
            "인구총점":36.723,
            "일자리":20.37,
            "소득수준":68.8,
            "일자리총점":34.899,
            "가치 총점":48.4688,
            "매매실거래년":20210115.0,
            "매매실거래가":105000.0,
            "전세실거래년":20211211.0,
            "전세실거래가":28350.0,
            "전세가율":56.7,
            "장기전세가율평균":60.27,
            "전세가율거품지수":3.57,
            "검색코드":1300,
            "세대수":160.0,
            "준공년월":"1988-06-02",
            "준공년차":35.0,
            "가까운역이름":"둔촌동",
            "가까운역거리":763.54,
            "역세권여부":"준역세권",
            "30분이내주요거점역":0,
            "30분거점역이름":"[]",
            "1시간이내주요거점역":0,
            "1시간거점역이름":"[]",
            "3km이내백화점수":1,
            "5km이내아울렛몰수":1,
            "1km이내대형먀트수":1,
            "500m이내은행수":2,
            "500m이내병원수":0,
            "5km이내대형병원수":5,
            "500m이내공원수":1,
            "3km이내혐오시설수":0,
            "초등학교학업성취도":89.96,
            "중학교학업성취도":74.2,
            "용적률":226,
            "건폐율":22,
            "Y":37.52734,
            "X":127.144888,
            "rank":102.0,
            "area_info":"21평(72.21), 26평(86.07), 27평(90.29)",
            "last_sales":"2021-01-15,105000.0,27평(90.29)",
            "rank_history":[
                [
                    "202202",
                    0
                ],
                [
                    "202201",
                    9999
                ]
            ],
            "rank_gap":9999
        },
        {
            "index":254,
            "아파트명":"광남캐스빌(435-7)",
            "투자타입":"일반",
            "전용면적(m2)":"79.95",
            "전용면적(평)":"24평",
            "법정동주소":"서울시 강동구 둔촌동 435-7",
            "도로명주소":"서울시 강동구 천호대로 1156-12",
            "세대수":0,
            "입주년차":40,
            "용적률점수":"--",
            "건폐율점수":"--",
            "세대당주차수":60,
            "난방방식":30,
            "공급면적":"--",
            "전용률":"--",
            "욕실수":50,
            "현관타입":100,
            "주거총점":35.0,
            "지역구공급총점":0.0,
            "역세권":50,
            "30분내 이동가능 거점":0,
            "1시간내 이동가능 거점":0,
            "교통총점":25.0,
            "백화점":100,
            "아울렛몰":80,
            "대형마트":80,
            "은행":100,
            "병원":0,
            "종합병원":100,
            "공원":100,
            "혐오시설":0,
            "인프라총점":83.0,
            "초등학군":90.0,
            "중학군":40.86,
            "학군총점":50.688,
            "인구수":50.31,
            "인구증감":5.02,
            "인구총점":36.723,
            "일자리":20.37,
            "소득수준":68.8,
            "일자리총점":34.899,
            "가치 총점":48.2532,
            "매매실거래년":20200630.0,
            "매매실거래가":76000.0,
            "전세실거래년":null,
            "전세실거래가":null,
            "전세가율":null,
            "장기전세가율평균":60.27,
            "전세가율거품지수":null,
            "검색코드":22177,
            "세대수":126.0,
            "준공년월":"2004-10-15",
            "준공년차":19.0,
            "가까운역이름":"길동",
            "가까운역거리":560.9,
            "역세권여부":"준역세권",
            "30분이내주요거점역":0,
            "30분거점역이름":"[]",
            "1시간이내주요거점역":0,
            "1시간거점역이름":"[]",
            "3km이내백화점수":1,
            "5km이내아울렛몰수":1,
            "1km이내대형먀트수":1,
            "500m이내은행수":6,
            "500m이내병원수":0,
            "5km이내대형병원수":6,
            "500m이내공원수":3,
            "3km이내혐오시설수":0,
            "초등학교학업성취도":90.0,
            "중학교학업성취도":68.1,
            "용적률":0,
            "건폐율":0,
            "Y":37.532829,
            "X":127.138931,
            "rank":103.0,
            "area_info":"24평(79.95), 27평(92.31), 31평(102.58), 31평(102.58), 30평(102.09), 30평(102.13), 31평(102.55), 32평(108.42), 43평(142.29)",
            "last_sales":"2020-06-30,76000.0,43평(142.29)",
            "rank_history":[
                [
                    "202202",
                    0
                ],
                [
                    "202201",
                    9999
                ]
            ],
            "rank_gap":9999
        },
        {
            "index":413,
            "아파트명":"고덕숲아이파크",
            "투자타입":"일반",
            "전용면적(m2)":"84.78",
            "전용면적(평)":"25평",
            "법정동주소":"서울시 강동구 상일동 515",
            "도로명주소":"서울시 강동구 고덕로80길 134",
            "세대수":50,
            "입주년차":80,
            "용적률점수":"--",
            "건폐율점수":"--",
            "세대당주차수":60,
            "난방방식":100,
            "공급면적":"--",
            "전용률":"--",
            "욕실수":100,
            "현관타입":100,
            "주거총점":72.5,
            "지역구공급총점":0.0,
            "역세권":50,
            "30분내 이동가능 거점":0,
            "1시간내 이동가능 거점":60,
            "교통총점":37.0,
            "백화점":0,
            "아울렛몰":0,
            "대형마트":80,
            "은행":0,
            "병원":0,
            "종합병원":100,
            "공원":100,
            "혐오시설":0,
            "인프라총점":35.0,
            "초등학군":90.0,
            "중학군":47.1,
            "학군총점":55.68,
            "인구수":50.31,
            "인구증감":5.02,
            "인구총점":36.723,
            "일자리":20.37,
            "소득수준":68.8,
            "일자리총점":34.899,
            "가치 총점":46.302,
            "매매실거래년":20211201.0,
            "매매실거래가":161000.0,
            "전세실거래년":20220124.0,
            "전세실거래가":35448.0,
            "전세가율":25.87,
            "장기전세가율평균":60.27,
            "전세가율거품지수":34.4,
            "검색코드":110765,
            "세대수":687.0,
            "준공년월":"2018-03-08",
            "준공년차":5.0,
            "가까운역이름":"상일동",
            "가까운역거리":667.02,
            "역세권여부":"준역세권",
            "30분이내주요거점역":0,
            "30분거점역이름":"[]",
            "1시간이내주요거점역":6,
            "1시간거점역이름":"['역삼', '잠실', '을지로입구', '을지로3가', '왕십리', '명동']",
            "3km이내백화점수":0,
            "5km이내아울렛몰수":0,
            "1km이내대형먀트수":1,
            "500m이내은행수":0,
            "500m이내병원수":0,
            "5km이내대형병원수":3,
            "500m이내공원수":5,
            "3km이내혐오시설수":0,
            "초등학교학업성취도":90.0,
            "중학교학업성취도":77.9,
            "용적률":249,
            "건폐율":22,
            "Y":37.550836,
            "X":127.164895,
            "rank":104.0,
            "area_info":"25평(84.78), 25평(85.81), 25평(85.89), 34평(112.83), 34평(113.08), 41평(137.28)",
            "last_sales":"2021-12-01,161000.0,34평(112.83)",
            "rank_history":[
                [
                    "202202",
                    104
                ],
                [
                    "202201",
                    102
                ]
            ],
            "rank_gap":-2
        },
        {
            "index":266,
            "아파트명":"둔촌신동아(파밀리에)",
            "투자타입":"일반",
            "전용면적(m2)":"84.85",
            "전용면적(평)":"25평",
            "법정동주소":"서울시 강동구 둔촌동 555",
            "도로명주소":"서울시 강동구 양재대로96길 79",
            "세대수":30,
            "입주년차":20,
            "용적률점수":"--",
            "건폐율점수":"--",
            "세대당주차수":30,
            "난방방식":30,
            "공급면적":"--",
            "전용률":"--",
            "욕실수":50,
            "현관타입":10,
            "주거총점":28.0,
            "지역구공급총점":0.0,
            "역세권":50,
            "30분내 이동가능 거점":0,
            "1시간내 이동가능 거점":0,
            "교통총점":25.0,
            "백화점":100,
            "아울렛몰":80,
            "대형마트":80,
            "은행":70,
            "병원":0,
            "종합병원":100,
            "공원":80,
            "혐오시설":0,
            "인프라총점":79.4,
            "초등학군":90.0,
            "중학군":45.0,
            "학군총점":54.0,
            "인구수":50.31,
            "인구증감":5.02,
            "인구총점":36.723,
            "일자리":20.37,
            "소득수준":68.8,
            "일자리총점":34.899,
            "가치 총점":46.27,
            "매매실거래년":20200828.0,
            "매매실거래가":100000.0,
            "전세실거래년":20211203.0,
            "전세실거래가":35700.0,
            "전세가율":45.77,
            "장기전세가율평균":60.27,
            "전세가율거품지수":14.5,
            "검색코드":3317,
            "세대수":357.0,
            "준공년월":"2002-11-15",
            "준공년차":21.0,
            "가까운역이름":"둔촌동",
            "가까운역거리":533.45,
            "역세권여부":"준역세권",
            "30분이내주요거점역":0,
            "30분거점역이름":"[]",
            "1시간이내주요거점역":0,
            "1시간거점역이름":"[]",
            "3km이내백화점수":1,
            "5km이내아울렛몰수":1,
            "1km이내대형먀트수":1,
            "500m이내은행수":3,
            "500m이내병원수":0,
            "5km이내대형병원수":5,
            "500m이내공원수":1,
            "3km이내혐오시설수":0,
            "초등학교학업성취도":90.0,
            "중학교학업성취도":74.2,
            "용적률":340,
            "건폐율":27,
            "Y":37.529319,
            "X":127.141981,
            "rank":105.0,
            "area_info":"25평(84.85), 25평(85.28), 25평(85.1), 26평(86.04), 30평(100.58), 30평(101.8), 31평(105.55), 33평(109.74), 33평(109.51), 33평(110.74), 33평(110.24), 33평(110.34), 39평(129.25)",
            "last_sales":"2020-08-28,100000.0,33평(110.74)",
            "rank_history":[
                [
                    "202202",
                    0
                ],
                [
                    "202201",
                    9999
                ]
            ],
            "rank_gap":9999
        },
        {
            "index":102,
            "아파트명":"고덕센트럴푸르지오",
            "투자타입":"일반",
            "전용면적(m2)":"61.71",
            "전용면적(평)":"18평",
            "법정동주소":"서울시 강동구 고덕동 210-1",
            "도로명주소":"서울시 강동구 고덕로 399",
            "세대수":50,
            "입주년차":100,
            "용적률점수":"--",
            "건폐율점수":"--",
            "세대당주차수":0,
            "난방방식":100,
            "공급면적":"--",
            "전용률":"--",
            "욕실수":50,
            "현관타입":100,
            "주거총점":62.5,
            "지역구공급총점":0.0,
            "역세권":80,
            "30분내 이동가능 거점":0,
            "1시간내 이동가능 거점":60,
            "교통총점":52.0,
            "백화점":0,
            "아울렛몰":0,
            "대형마트":0,
            "은행":0,
            "병원":0,
            "종합병원":100,
            "공원":100,
            "혐오시설":0,
            "인프라총점":23.0,
            "초등학군":89.99,
            "중학군":49.14,
            "학군총점":57.31,
            "인구수":50.31,
            "인구증감":5.02,
            "인구총점":36.723,
            "일자리":20.37,
            "소득수준":68.8,
            "일자리총점":34.899,
            "가치 총점":46.1965,
            "매매실거래년":20210519.0,
            "매매실거래가":110000.0,
            "전세실거래년":20200816.0,
            "전세실거래가":45000.0,
            "전세가율":null,
            "장기전세가율평균":60.27,
            "전세가율거품지수":null,
            "검색코드":117842,
            "세대수":656.0,
            "준공년월":"2020-08-20",
            "준공년차":3.0,
            "가까운역이름":"상일동",
            "가까운역거리":348.69,
            "역세권여부":"역세권",
            "30분이내주요거점역":0,
            "30분거점역이름":"[]",
            "1시간이내주요거점역":6,
            "1시간거점역이름":"['잠실', '여의도', '을지로입구', '을지로3가', '왕십리', '명동']",
            "3km이내백화점수":0,
            "5km이내아울렛몰수":0,
            "1km이내대형먀트수":0,
            "500m이내은행수":1,
            "500m이내병원수":0,
            "5km이내대형병원수":3,
            "500m이내공원수":4,
            "3km이내혐오시설수":0,
            "초등학교학업성취도":89.99,
            "중학교학업성취도":79.7,
            "용적률":499,
            "건폐율":57,
            "Y":37.557703,
            "X":127.17017,
            "rank":106.0,
            "area_info":"18평(61.71), 18평(62.79), 24평(82.2), 24평(82.53), 24평(82.5), 24평(82.36), 36평(119.2), 36평(119.02)",
            "last_sales":"2021-05-19,110000.0,24평(82.53)",
            "rank_history":[
                [
                    "202202",
                    106
                ],
                [
                    "202201",
                    99
                ]
            ],
            "rank_gap":-7
        },
        {
            "index":428,
            "아파트명":"고덕자이",
            "투자타입":"일반",
            "전용면적(m2)":"67.47",
            "전용면적(평)":"20평",
            "법정동주소":"서울시 강동구 상일동 521",
            "도로명주소":"서울시 강동구 상일로 55",
            "세대수":100,
            "입주년차":100,
            "용적률점수":"--",
            "건폐율점수":"--",
            "세대당주차수":60,
            "난방방식":100,
            "공급면적":"--",
            "전용률":"--",
            "욕실수":50,
            "현관타입":100,
            "주거총점":89.0,
            "지역구공급총점":0.0,
            "역세권":50,
            "30분내 이동가능 거점":0,
            "1시간내 이동가능 거점":50,
            "교통총점":35.0,
            "백화점":0,
            "아울렛몰":0,
            "대형마트":0,
            "은행":20,
            "병원":0,
            "종합병원":100,
            "공원":100,
            "혐오시설":0,
            "인프라총점":25.0,
            "초등학군":90.02,
            "중학군":47.1,
            "학군총점":55.684,
            "인구수":50.31,
            "인구증감":5.02,
            "인구총점":36.723,
            "일자리":20.37,
            "소득수준":68.8,
            "일자리총점":34.899,
            "가치 총점":45.9026,
            "매매실거래년":20190121.0,
            "매매실거래가":104001.0,
            "전세실거래년":null,
            "전세실거래가":null,
            "전세가율":null,
            "장기전세가율평균":60.27,
            "전세가율거품지수":null,
            "검색코드":121977,
            "세대수":1824.0,
            "준공년월":"2021-01-01",
            "준공년차":2.0,
            "가까운역이름":"상일동",
            "가까운역거리":616.38,
            "역세권여부":"준역세권",
            "30분이내주요거점역":0,
            "30분거점역이름":"[]",
            "1시간이내주요거점역":5,
            "1시간거점역이름":"['잠실', '을지로입구', '을지로3가', '왕십리', '명동']",
            "3km이내백화점수":0,
            "5km이내아울렛몰수":0,
            "1km이내대형먀트수":0,
            "500m이내은행수":2,
            "500m이내병원수":0,
            "5km이내대형병원수":3,
            "500m이내공원수":3,
            "3km이내혐오시설수":0,
            "초등학교학업성취도":90.02,
            "중학교학업성취도":77.9,
            "용적률":245,
            "건폐율":0,
            "Y":37.552393,
            "X":127.1708,
            "rank":107.0,
            "area_info":"20평(67.47), 22평(73.12), 25평(83.3), 25평(84.28), 29평(98.73), 29평(99.02), 33평(109.92), 33평(110.43), 33평(110.0), 38평(127.09), 38평(128.29), 44평(146.48)",
            "last_sales":"2019-01-21,104001.0,38평(127.09)",
            "rank_history":[
                [
                    "202202",
                    107
                ],
                [
                    "202201",
                    100
                ]
            ],
            "rank_gap":-7
        },
        {
            "index":279,
            "아파트명":"둔촌신성미소지움",
            "투자타입":"일반",
            "전용면적(m2)":"87.26",
            "전용면적(평)":"26평",
            "법정동주소":"서울시 강동구 둔촌동 546",
            "도로명주소":"서울시 강동구 명일로 102",
            "세대수":50,
            "입주년차":0,
            "용적률점수":"--",
            "건폐율점수":"--",
            "세대당주차수":30,
            "난방방식":30,
            "공급면적":"--",
            "전용률":"--",
            "욕실수":50,
            "현관타입":10,
            "주거총점":31.0,
            "지역구공급총점":0.0,
            "역세권":50,
            "30분내 이동가능 거점":0,
            "1시간내 이동가능 거점":0,
            "교통총점":25.0,
            "백화점":100,
            "아울렛몰":80,
            "대형마트":80,
            "은행":20,
            "병원":0,
            "종합병원":100,
            "공원":80,
            "혐오시설":0,
            "인프라총점":74.4,
            "초등학군":90.0,
            "중학군":45.0,
            "학군총점":54.0,
            "인구수":50.31,
            "인구증감":5.02,
            "인구총점":36.723,
            "일자리":20.37,
            "소득수준":68.8,
            "일자리총점":34.899,
            "가치 총점":45.37,
            "매매실거래년":20210928.0,
            "매매실거래가":107000.0,
            "전세실거래년":20211110.0,
            "전세실거래가":55000.0,
            "전세가율":51.4,
            "장기전세가율평균":60.27,
            "전세가율거품지수":8.87,
            "검색코드":1296,
            "세대수":460.0,
            "준공년월":"1998-05-02",
            "준공년차":25.0,
            "가까운역이름":"둔촌동",
            "가까운역거리":581.88,
            "역세권여부":"준역세권",
            "30분이내주요거점역":0,
            "30분거점역이름":"[]",
            "1시간이내주요거점역":0,
            "1시간거점역이름":"[]",
            "3km이내백화점수":1,
            "5km이내아울렛몰수":1,
            "1km이내대형먀트수":1,
            "500m이내은행수":2,
            "500m이내병원수":0,
            "5km이내대형병원수":5,
            "500m이내공원수":1,
            "3km이내혐오시설수":0,
            "초등학교학업성취도":90.0,
            "중학교학업성취도":74.2,
            "용적률":387,
            "건폐율":25,
            "Y":37.527848,
            "X":127.142846,
            "rank":108.0,
            "area_info":"26평(87.26), 32평(107.64), 41평(135.64), 44평(145.85)",
            "last_sales":"2021-09-28,107000.0,26평(87.26)",
            "rank_history":[
                [
                    "202202",
                    0
                ],
                [
                    "202201",
                    9999
                ]
            ],
            "rank_gap":9999
        },
        {
            "index":446,
            "아파트명":"명일중앙하이츠",
            "투자타입":"재건축",
            "전용면적(m2)":"72.93",
            "전용면적(평)":"22평",
            "법정동주소":"서울시 강동구 상일동 476",
            "도로명주소":"서울시 강동구 구천면로 557",
            "세대수":50,
            "입주년차":"--",
            "용적률점수":60,
            "건폐율점수":80,
            "세대당주차수":"--",
            "난방방식":"--",
            "공급면적":50,
            "전용률":60,
            "욕실수":"--",
            "현관타입":"--",
            "주거총점":60.5,
            "지역구공급총점":0.0,
            "역세권":50,
            "30분내 이동가능 거점":0,
            "1시간내 이동가능 거점":60,
            "교통총점":37.0,
            "백화점":0,
            "아울렛몰":0,
            "대형마트":80,
            "은행":20,
            "병원":0,
            "종합병원":100,
            "공원":100,
            "혐오시설":0,
            "인프라총점":37.0,
            "초등학군":90.0,
            "중학군":54.16,
            "학군총점":61.328,
            "인구수":50.31,
            "인구증감":5.02,
            "인구총점":36.723,
            "일자리":20.37,
            "소득수준":68.8,
            "일자리총점":34.899,
            "가치 총점":45.3492,
            "매매실거래년":20211104.0,
            "매매실거래가":124000.0,
            "전세실거래년":20220114.0,
            "전세실거래가":45000.0,
            "전세가율":71.43,
            "장기전세가율평균":60.27,
            "전세가율거품지수":-11.16,
            "검색코드":1324,
            "세대수":410.0,
            "준공년월":"1992-05-09",
            "준공년차":31.0,
            "가까운역이름":"고덕",
            "가까운역거리":663.54,
            "역세권여부":"준역세권",
            "30분이내주요거점역":0,
            "30분거점역이름":"[]",
            "1시간이내주요거점역":6,
            "1시간거점역이름":"['역삼', '잠실', '을지로입구', '을지로3가', '왕십리', '명동']",
            "3km이내백화점수":0,
            "5km이내아울렛몰수":0,
            "1km이내대형먀트수":1,
            "500m이내은행수":2,
            "500m이내병원수":0,
            "5km이내대형병원수":3,
            "500m이내공원수":2,
            "3km이내혐오시설수":0,
            "초등학교학업성취도":90.0,
            "중학교학업성취도":87.4,
            "용적률":240,
            "건폐율":21,
            "Y":37.550909,
            "X":127.159626,
            "rank":109.0,
            "area_info":"22평(72.93), 25평(82.91), 30평(100.55)",
            "last_sales":"2021-11-04,124000.0,30평(100.55)",
            "rank_history":[
                [
                    "202202",
                    109
                ],
                [
                    "202201",
                    103
                ]
            ],
            "rank_gap":-6
        },
        {
            "index":391,
            "아파트명":"고덕롯데캐슬베네루체",
            "투자타입":"일반",
            "전용면적(m2)":"83.39",
            "전용면적(평)":"25평",
            "법정동주소":"서울시 강동구 상일동 514",
            "도로명주소":"서울시 강동구 상암로79길 88",
            "세대수":100,
            "입주년차":100,
            "용적률점수":"--",
            "건폐율점수":"--",
            "세대당주차수":60,
            "난방방식":100,
            "공급면적":"--",
            "전용률":"--",
            "욕실수":100,
            "현관타입":100,
            "주거총점":94.0,
            "지역구공급총점":0.0,
            "역세권":50,
            "30분내 이동가능 거점":0,
            "1시간내 이동가능 거점":30,
            "교통총점":31.0,
            "백화점":0,
            "아울렛몰":0,
            "대형마트":0,
            "은행":0,
            "병원":0,
            "종합병원":100,
            "공원":100,
            "혐오시설":0,
            "인프라총점":23.0,
            "초등학군":90.02,
            "중학군":47.1,
            "학군총점":55.684,
            "인구수":50.31,
            "인구증감":5.02,
            "인구총점":36.723,
            "일자리":20.37,
            "소득수준":68.8,
            "일자리총점":34.899,
            "가치 총점":44.9026,
            "매매실거래년":20211221.0,
            "매매실거래가":164500.0,
            "전세실거래년":20220127.0,
            "전세실거래가":42000.0,
            "전세가율":34.01,
            "장기전세가율평균":60.27,
            "전세가율거품지수":26.26,
            "검색코드":117309,
            "세대수":1859.0,
            "준공년월":"2019-12-30",
            "준공년차":4.0,
            "가까운역이름":"상일동",
            "가까운역거리":818.09,
            "역세권여부":"준역세권",
            "30분이내주요거점역":0,
            "30분거점역이름":"[]",
            "1시간이내주요거점역":3,
            "1시간거점역이름":"['잠실', '왕십리', '명동']",
            "3km이내백화점수":0,
            "5km이내아울렛몰수":0,
            "1km이내대형먀트수":0,
            "500m이내은행수":0,
            "500m이내병원수":0,
            "5km이내대형병원수":3,
            "500m이내공원수":5,
            "3km이내혐오시설수":0,
            "초등학교학업성취도":90.02,
            "중학교학업성취도":77.9,
            "용적률":249,
            "건폐율":18,
            "Y":37.549416,
            "X":127.167612,
            "rank":110.0,
            "area_info":"25평(83.39), 25평(84.64), 33평(111.26), 33평(112.34), 46평(152.38)",
            "last_sales":"2021-12-21,164500.0,33평(111.26)",
            "rank_history":[
                [
                    "202202",
                    110
                ],
                [
                    "202201",
                    101
                ]
            ],
            "rank_gap":-9
        },
        {
            "index":292,
            "아파트명":"둔촌하이츠",
            "투자타입":"일반",
            "전용면적(m2)":"86.3",
            "전용면적(평)":"26평",
            "법정동주소":"서울시 강동구 둔촌동 545",
            "도로명주소":"서울시 강동구 명일로 113",
            "세대수":0,
            "입주년차":0,
            "용적률점수":"--",
            "건폐율점수":"--",
            "세대당주차수":30,
            "난방방식":30,
            "공급면적":"--",
            "전용률":"--",
            "욕실수":50,
            "현관타입":10,
            "주거총점":13.5,
            "지역구공급총점":0.0,
            "역세권":50,
            "30분내 이동가능 거점":0,
            "1시간내 이동가능 거점":0,
            "교통총점":25.0,
            "백화점":100,
            "아울렛몰":80,
            "대형마트":80,
            "은행":70,
            "병원":0,
            "종합병원":100,
            "공원":80,
            "혐오시설":0,
            "인프라총점":79.4,
            "초등학군":90.0,
            "중학군":45.0,
            "학군총점":54.0,
            "인구수":50.31,
            "인구증감":5.02,
            "인구총점":36.723,
            "일자리":20.37,
            "소득수준":68.8,
            "일자리총점":34.899,
            "가치 총점":43.37,
            "매매실거래년":20220107.0,
            "매매실거래가":95000.0,
            "전세실거래년":20211227.0,
            "전세실거래가":36225.0,
            "전세가율":38.13,
            "장기전세가율평균":60.27,
            "전세가율거품지수":22.14,
            "검색코드":896,
            "세대수":232.0,
            "준공년월":"1998-05-01",
            "준공년차":25.0,
            "가까운역이름":"둔촌동",
            "가까운역거리":578.29,
            "역세권여부":"준역세권",
            "30분이내주요거점역":0,
            "30분거점역이름":"[]",
            "1시간이내주요거점역":0,
            "1시간거점역이름":"[]",
            "3km이내백화점수":1,
            "5km이내아울렛몰수":1,
            "1km이내대형먀트수":1,
            "500m이내은행수":3,
            "500m이내병원수":0,
            "5km이내대형병원수":5,
            "500m이내공원수":1,
            "3km이내혐오시설수":0,
            "초등학교학업성취도":90.0,
            "중학교학업성취도":74.2,
            "용적률":378,
            "건폐율":31,
            "Y":37.529521,
            "X":127.142431,
            "rank":111.0,
            "area_info":"26평(86.3), 33평(109.53), 36평(122.0), 45평(149.48)",
            "last_sales":"2022-01-07,95000.0,26평(86.3)",
            "rank_history":[
                [
                    "202202",
                    0
                ],
                [
                    "202201",
                    9999
                ]
            ],
            "rank_gap":9999
        },
        {
            "index":283,
            "아파트명":"둔촌신성미소지움2차",
            "투자타입":"일반",
            "전용면적(m2)":"84.42",
            "전용면적(평)":"25평",
            "법정동주소":"서울시 강동구 둔촌동 134-10",
            "도로명주소":"서울시 강동구 진황도로 212",
            "세대수":0,
            "입주년차":20,
            "용적률점수":"--",
            "건폐율점수":"--",
            "세대당주차수":30,
            "난방방식":30,
            "공급면적":"--",
            "전용률":"--",
            "욕실수":50,
            "현관타입":10,
            "주거총점":17.5,
            "지역구공급총점":0.0,
            "역세권":50,
            "30분내 이동가능 거점":0,
            "1시간내 이동가능 거점":0,
            "교통총점":25.0,
            "백화점":100,
            "아울렛몰":80,
            "대형마트":80,
            "은행":20,
            "병원":0,
            "종합병원":100,
            "공원":80,
            "혐오시설":0,
            "인프라총점":74.4,
            "초등학군":90.0,
            "중학군":45.0,
            "학군총점":54.0,
            "인구수":50.31,
            "인구증감":5.02,
            "인구총점":36.723,
            "일자리":20.37,
            "소득수준":68.8,
            "일자리총점":34.899,
            "가치 총점":42.67,
            "매매실거래년":20210612.0,
            "매매실거래가":127500.0,
            "전세실거래년":20211201.0,
            "전세실거래가":52000.0,
            "전세가율":47.71,
            "장기전세가율평균":60.27,
            "전세가율거품지수":12.56,
            "검색코드":3071,
            "세대수":278.0,
            "준공년월":"2000-12-09",
            "준공년차":23.0,
            "가까운역이름":"둔촌동",
            "가까운역거리":657.93,
            "역세권여부":"준역세권",
            "30분이내주요거점역":0,
            "30분거점역이름":"[]",
            "1시간이내주요거점역":0,
            "1시간거점역이름":"[]",
            "3km이내백화점수":1,
            "5km이내아울렛몰수":1,
            "1km이내대형먀트수":1,
            "500m이내은행수":2,
            "500m이내병원수":0,
            "5km이내대형병원수":5,
            "500m이내공원수":1,
            "3km이내혐오시설수":0,
            "초등학교학업성취도":90.0,
            "중학교학업성취도":74.2,
            "용적률":302,
            "건폐율":21,
            "Y":37.527259,
            "X":127.143679,
            "rank":112.0,
            "area_info":"25평(84.42), 33평(109.48), 43평(143.61), 44평(145.8)",
            "last_sales":"2021-06-12,127500.0,33평(109.48)",
            "rank_history":[
                [
                    "202202",
                    0
                ],
                [
                    "202201",
                    9999
                ]
            ],
            "rank_gap":9999
        },
        {
            "index":301,
            "아파트명":"둔촌현대4차",
            "투자타입":"일반",
            "전용면적(m2)":"73.79",
            "전용면적(평)":"22평",
            "법정동주소":"서울시 강동구 둔촌동 89",
            "도로명주소":"서울시 강동구 진황도로61길 7",
            "세대수":0,
            "입주년차":0,
            "용적률점수":"--",
            "건폐율점수":"--",
            "세대당주차수":0,
            "난방방식":30,
            "공급면적":"--",
            "전용률":"--",
            "욕실수":50,
            "현관타입":10,
            "주거총점":9.0,
            "지역구공급총점":0.0,
            "역세권":50,
            "30분내 이동가능 거점":0,
            "1시간내 이동가능 거점":0,
            "교통총점":25.0,
            "백화점":100,
            "아울렛몰":80,
            "대형마트":80,
            "은행":70,
            "병원":0,
            "종합병원":100,
            "공원":80,
            "혐오시설":0,
            "인프라총점":79.4,
            "초등학군":89.96,
            "중학군":45.0,
            "학군총점":53.992,
            "인구수":50.31,
            "인구증감":5.02,
            "인구총점":36.723,
            "일자리":20.37,
            "소득수준":68.8,
            "일자리총점":34.899,
            "가치 총점":42.4688,
            "매매실거래년":20201126.0,
            "매매실거래가":118000.0,
            "전세실거래년":20210615.0,
            "전세실거래가":43000.0,
            "전세가율":71.67,
            "장기전세가율평균":60.27,
            "전세가율거품지수":-11.4,
            "검색코드":1301,
            "세대수":235.0,
            "준공년월":"1996-02-29",
            "준공년차":27.0,
            "가까운역이름":"둔촌동",
            "가까운역거리":741.44,
            "역세권여부":"준역세권",
            "30분이내주요거점역":0,
            "30분거점역이름":"[]",
            "1시간이내주요거점역":0,
            "1시간거점역이름":"[]",
            "3km이내백화점수":1,
            "5km이내아울렛몰수":1,
            "1km이내대형먀트수":1,
            "500m이내은행수":3,
            "500m이내병원수":0,
            "5km이내대형병원수":5,
            "500m이내공원수":1,
            "3km이내혐오시설수":0,
            "초등학교학업성취도":89.96,
            "중학교학업성취도":74.2,
            "용적률":258,
            "건폐율":26,
            "Y":37.530002,
            "X":127.144179,
            "rank":113.0,
            "area_info":"22평(73.79), 22평(75.3), 22평(75.28), 32평(106.18), 32평(107.52), 43평(145.44)",
            "last_sales":"2020-11-26,118000.0,43평(145.44)",
            "rank_history":[
                [
                    "202202",
                    0
                ],
                [
                    "202201",
                    9999
                ]
            ],
            "rank_gap":9999
        },
        {
            "index":396,
            "아파트명":"고덕리엔파크3단지",
            "투자타입":"일반",
            "전용면적(m2)":"79.26",
            "전용면적(평)":"23평",
            "법정동주소":"서울시 강동구 상일동 490",
            "도로명주소":"서울시 강동구 상일로 74",
            "세대수":100,
            "입주년차":60,
            "용적률점수":"--",
            "건폐율점수":"--",
            "세대당주차수":30,
            "난방방식":100,
            "공급면적":"--",
            "전용률":"--",
            "욕실수":100,
            "현관타입":10,
            "주거총점":72.5,
            "지역구공급총점":0.0,
            "역세권":50,
            "30분내 이동가능 거점":0,
            "1시간내 이동가능 거점":50,
            "교통총점":35.0,
            "백화점":0,
            "아울렛몰":0,
            "대형마트":0,
            "은행":0,
            "병원":0,
            "종합병원":100,
            "공원":80,
            "혐오시설":0,
            "인프라총점":22.4,
            "초등학군":89.99,
            "중학군":49.14,
            "학군총점":57.31,
            "인구수":50.31,
            "인구증감":5.02,
            "인구총점":36.723,
            "일자리":20.37,
            "소득수준":68.8,
            "일자리총점":34.899,
            "가치 총점":42.0665,
            "매매실거래년":20210805.0,
            "매매실거래가":120000.0,
            "전세실거래년":20211226.0,
            "전세실거래가":14528.0,
            "전세가율":14.82,
            "장기전세가율평균":60.27,
            "전세가율거품지수":45.45,
            "검색코드":102235,
            "세대수":2283.0,
            "준공년월":"2011-01-27",
            "준공년차":12.0,
            "가까운역이름":"상일동",
            "가까운역거리":832.4,
            "역세권여부":"준역세권",
            "30분이내주요거점역":0,
            "30분거점역이름":"[]",
            "1시간이내주요거점역":5,
            "1시간거점역이름":"['잠실', '을지로입구', '을지로3가', '왕십리', '명동']",
            "3km이내백화점수":0,
            "5km이내아울렛몰수":0,
            "1km이내대형먀트수":0,
            "500m이내은행수":1,
            "500m이내병원수":0,
            "5km이내대형병원수":3,
            "500m이내공원수":1,
            "3km이내혐오시설수":0,
            "초등학교학업성취도":89.99,
            "중학교학업성취도":79.7,
            "용적률":177,
            "건폐율":17,
            "Y":37.55383,
            "X":127.175132,
            "rank":114.0,
            "area_info":"23평(79.26), 23평(79.24), 33평(111.51), 33평(111.72), 33평(111.78), 34평(112.52), 45평(150.23)",
            "last_sales":"2021-08-05,120000.0,34평(112.52)",
            "rank_history":[
                [
                    "202202",
                    114
                ],
                [
                    "202201",
                    104
                ]
            ],
            "rank_gap":-10
        },
        {
            "index":51,
            "아파트명":"고덕리엔파크2단지",
            "투자타입":"일반",
            "전용면적(m2)":"78.78",
            "전용면적(평)":"23평",
            "법정동주소":"서울시 강동구 강일동 717",
            "도로명주소":"서울시 강동구 고덕로 427",
            "세대수":50,
            "입주년차":60,
            "용적률점수":"--",
            "건폐율점수":"--",
            "세대당주차수":30,
            "난방방식":100,
            "공급면적":"--",
            "전용률":"--",
            "욕실수":100,
            "현관타입":100,
            "주거총점":64.0,
            "지역구공급총점":0.0,
            "역세권":50,
            "30분내 이동가능 거점":0,
            "1시간내 이동가능 거점":50,
            "교통총점":35.0,
            "백화점":0,
            "아울렛몰":0,
            "대형마트":0,
            "은행":0,
            "병원":0,
            "종합병원":100,
            "공원":100,
            "혐오시설":0,
            "인프라총점":23.0,
            "초등학군":89.99,
            "중학군":49.14,
            "학군총점":57.31,
            "인구수":50.31,
            "인구증감":5.02,
            "인구총점":36.723,
            "일자리":20.37,
            "소득수준":68.8,
            "일자리총점":34.899,
            "가치 총점":40.5465,
            "매매실거래년":20210723.0,
            "매매실거래가":168000.0,
            "전세실거래년":20210715.0,
            "전세실거래가":37800.0,
            "전세가율":56.84,
            "장기전세가율평균":60.27,
            "전세가율거품지수":3.43,
            "검색코드":102234,
            "세대수":636.0,
            "준공년월":"2011-01-14",
            "준공년차":12.0,
            "가까운역이름":"상일동",
            "가까운역거리":681.43,
            "역세권여부":"준역세권",
            "30분이내주요거점역":0,
            "30분거점역이름":"[]",
            "1시간이내주요거점역":5,
            "1시간거점역이름":"['잠실', '을지로입구', '을지로3가', '왕십리', '명동']",
            "3km이내백화점수":0,
            "5km이내아울렛몰수":0,
            "1km이내대형먀트수":0,
            "500m이내은행수":0,
            "500m이내병원수":0,
            "5km이내대형병원수":3,
            "500m이내공원수":4,
            "3km이내혐오시설수":0,
            "초등학교학업성취도":89.99,
            "중학교학업성취도":79.7,
            "용적률":169,
            "건폐율":27,
            "Y":37.55978,
            "X":127.173109,
            "rank":115.0,
            "area_info":"23평(78.78), 23평(78.75), 33평(110.82), 33평(111.08), 33평(111.83), 45평(149.3), 45평(149.89)",
            "last_sales":"2021-07-23,168000.0,45평(149.3)",
            "rank_history":[
                [
                    "202202",
                    115
                ],
                [
                    "202201",
                    105
                ]
            ],
            "rank_gap":-10
        },
        {
            "index":296,
            "아파트명":"둔촌한솔솔파크",
            "투자타입":"일반",
            "전용면적(m2)":"85.43",
            "전용면적(평)":"25평",
            "법정동주소":"서울시 강동구 둔촌동 611",
            "도로명주소":"서울시 강동구 천호대로198길 36",
            "세대수":0,
            "입주년차":20,
            "용적률점수":"--",
            "건폐율점수":"--",
            "세대당주차수":30,
            "난방방식":30,
            "공급면적":"--",
            "전용률":"--",
            "욕실수":50,
            "현관타입":100,
            "주거총점":26.5,
            "지역구공급총점":0.0,
            "역세권":50,
            "30분내 이동가능 거점":0,
            "1시간내 이동가능 거점":0,
            "교통총점":25.0,
            "백화점":100,
            "아울렛몰":80,
            "대형마트":0,
            "은행":0,
            "병원":0,
            "종합병원":100,
            "공원":100,
            "혐오시설":0,
            "인프라총점":61.0,
            "초등학군":89.96,
            "중학군":45.0,
            "학군총점":53.992,
            "인구수":50.31,
            "인구증감":5.02,
            "인구총점":36.723,
            "일자리":20.37,
            "소득수준":68.8,
            "일자리총점":34.899,
            "가치 총점":40.4488,
            "매매실거래년":20210821.0,
            "매매실거래가":129800.0,
            "전세실거래년":20210109.0,
            "전세실거래가":50000.0,
            "전세가율":81.04,
            "장기전세가율평균":60.27,
            "전세가율거품지수":-20.77,
            "검색코드":8487,
            "세대수":132.0,
            "준공년월":"2003-07-24",
            "준공년차":20.0,
            "가까운역이름":"길동",
            "가까운역거리":826.36,
            "역세권여부":"준역세권",
            "30분이내주요거점역":0,
            "30분거점역이름":"[]",
            "1시간이내주요거점역":0,
            "1시간거점역이름":"[]",
            "3km이내백화점수":1,
            "5km이내아울렛몰수":1,
            "1km이내대형먀트수":0,
            "500m이내은행수":1,
            "500m이내병원수":0,
            "5km이내대형병원수":5,
            "500m이내공원수":2,
            "3km이내혐오시설수":0,
            "초등학교학업성취도":89.96,
            "중학교학업성취도":74.2,
            "용적률":235,
            "건폐율":24,
            "Y":37.533858,
            "X":127.147948,
            "rank":116.0,
            "area_info":"25평(85.43), 31평(104.2), 36평(119.35), 38평(127.37), 38평(127.02)",
            "last_sales":"2021-08-21,129800.0,38평(127.37)",
            "rank_history":[
                [
                    "202202",
                    0
                ],
                [
                    "202201",
                    9999
                ]
            ],
            "rank_gap":9999
        },
        {
            "index":43,
            "아파트명":"고덕리엔파크1단지",
            "투자타입":"일반",
            "전용면적(m2)":"80.19",
            "전용면적(평)":"24평",
            "법정동주소":"서울시 강동구 강일동 707",
            "도로명주소":"서울시 강동구 상일로 152",
            "세대수":50,
            "입주년차":60,
            "용적률점수":"--",
            "건폐율점수":"--",
            "세대당주차수":30,
            "난방방식":100,
            "공급면적":"--",
            "전용률":"--",
            "욕실수":100,
            "현관타입":100,
            "주거총점":64.0,
            "지역구공급총점":0.0,
            "역세권":50,
            "30분내 이동가능 거점":0,
            "1시간내 이동가능 거점":40,
            "교통총점":33.0,
            "백화점":0,
            "아울렛몰":0,
            "대형마트":0,
            "은행":0,
            "병원":0,
            "종합병원":100,
            "공원":100,
            "혐오시설":0,
            "인프라총점":23.0,
            "초등학군":90.0,
            "중학군":49.14,
            "학군총점":57.312,
            "인구수":50.31,
            "인구증감":5.02,
            "인구총점":36.723,
            "일자리":20.37,
            "소득수준":68.8,
            "일자리총점":34.899,
            "가치 총점":39.8468,
            "매매실거래년":20190831.0,
            "매매실거래가":88000.0,
            "전세실거래년":20220118.0,
            "전세실거래가":59000.0,
            "전세가율":98.33,
            "장기전세가율평균":60.27,
            "전세가율거품지수":-38.06,
            "검색코드":102233,
            "세대수":605.0,
            "준공년월":"2011-01-14",
            "준공년차":12.0,
            "가까운역이름":"상일동",
            "가까운역거리":697.98,
            "역세권여부":"준역세권",
            "30분이내주요거점역":0,
            "30분거점역이름":"[]",
            "1시간이내주요거점역":4,
            "1시간거점역이름":"['잠실', '을지로3가', '왕십리', '명동']",
            "3km이내백화점수":0,
            "5km이내아울렛몰수":0,
            "1km이내대형먀트수":0,
            "500m이내은행수":1,
            "500m이내병원수":0,
            "5km이내대형병원수":3,
            "500m이내공원수":2,
            "3km이내혐오시설수":0,
            "초등학교학업성취도":90.0,
            "중학교학업성취도":79.7,
            "용적률":196,
            "건폐율":23,
            "Y":37.561499,
            "X":127.171539,
            "rank":117.0,
            "area_info":"24평(80.19), 24평(80.19), 24평(80.15), 34평(112.82), 34평(113.09), 34평(113.83), 45평(152.01), 46평(152.6)",
            "last_sales":"2019-08-31,88000.0,46평(152.6)",
            "rank_history":[
                [
                    "202202",
                    117
                ],
                [
                    "202201",
                    106
                ]
            ],
            "rank_gap":-11
        },
        {
            "index":263,
            "아파트명":"동아(621)",
            "투자타입":"일반",
            "전용면적(m2)":"85.44",
            "전용면적(평)":"25평",
            "법정동주소":"서울시 강동구 둔촌동 621",
            "도로명주소":"서울시 강동구 동남로49길 60-5",
            "세대수":0,
            "입주년차":0,
            "용적률점수":"--",
            "건폐율점수":"--",
            "세대당주차수":30,
            "난방방식":30,
            "공급면적":"--",
            "전용률":"--",
            "욕실수":50,
            "현관타입":10,
            "주거총점":13.5,
            "지역구공급총점":0.0,
            "역세권":50,
            "30분내 이동가능 거점":0,
            "1시간내 이동가능 거점":0,
            "교통총점":25.0,
            "백화점":100,
            "아울렛몰":80,
            "대형마트":0,
            "은행":20,
            "병원":0,
            "종합병원":100,
            "공원":100,
            "혐오시설":0,
            "인프라총점":63.0,
            "초등학군":89.96,
            "중학군":45.0,
            "학군총점":53.992,
            "인구수":50.31,
            "인구증감":5.02,
            "인구총점":36.723,
            "일자리":20.37,
            "소득수준":68.8,
            "일자리총점":34.899,
            "가치 총점":38.4488,
            "매매실거래년":20210701.0,
            "매매실거래가":102000.0,
            "전세실거래년":20220122.0,
            "전세실거래가":48000.0,
            "전세가율":60.91,
            "장기전세가율평균":60.27,
            "전세가율거품지수":-0.64,
            "검색코드":828,
            "세대수":170.0,
            "준공년월":"1997-12-31",
            "준공년차":26.0,
            "가까운역이름":"길동",
            "가까운역거리":724.67,
            "역세권여부":"준역세권",
            "30분이내주요거점역":0,
            "30분거점역이름":"[]",
            "1시간이내주요거점역":0,
            "1시간거점역이름":"[]",
            "3km이내백화점수":1,
            "5km이내아울렛몰수":1,
            "1km이내대형먀트수":0,
            "500m이내은행수":2,
            "500m이내병원수":0,
            "5km이내대형병원수":5,
            "500m이내공원수":3,
            "3km이내혐오시설수":0,
            "초등학교학업성취도":89.96,
            "중학교학업성취도":74.2,
            "용적률":279,
            "건폐율":28,
            "Y":37.533194,
            "X":127.145817,
            "rank":118.0,
            "area_info":"25평(85.44), 27평(91.25), 32평(108.36)",
            "last_sales":"2021-07-01,102000.0,32평(108.36)",
            "rank_history":[
                [
                    "202202",
                    0
                ],
                [
                    "202201",
                    9999
                ]
            ],
            "rank_gap":9999
        },
        {
            "index":478,
            "아파트명":"상일우성타운",
            "투자타입":"재건축",
            "전용면적(m2)":"109.23",
            "전용면적(평)":"33평",
            "법정동주소":"서울시 강동구 상일동 174",
            "도로명주소":"서울시 강동구 상암로 331",
            "세대수":0,
            "입주년차":"--",
            "용적률점수":100,
            "건폐율점수":80,
            "세대당주차수":"--",
            "난방방식":"--",
            "공급면적":90,
            "전용률":60,
            "욕실수":"--",
            "현관타입":"--",
            "주거총점":63.5,
            "지역구공급총점":0.0,
            "역세권":0,
            "30분내 이동가능 거점":0,
            "1시간내 이동가능 거점":40,
            "교통총점":8.0,
            "백화점":0,
            "아울렛몰":0,
            "대형마트":80,
            "은행":0,
            "병원":0,
            "종합병원":100,
            "공원":100,
            "혐오시설":0,
            "인프라총점":35.0,
            "초등학군":90.01,
            "중학군":54.16,
            "학군총점":61.33,
            "인구수":50.31,
            "인구증감":5.02,
            "인구총점":36.723,
            "일자리":20.37,
            "소득수준":68.8,
            "일자리총점":34.899,
            "가치 총점":35.1995,
            "매매실거래년":"18000101",
            "매매실거래가":null,
            "전세실거래년":null,
            "전세실거래가":null,
            "전세가율":null,
            "장기전세가율평균":60.27,
            "전세가율거품지수":null,
            "검색코드":15303,
            "세대수":105.0,
            "준공년월":"1989-05-04",
            "준공년차":34.0,
            "가까운역이름":"고덕",
            "가까운역거리":1041.05,
            "역세권여부":"비역세권",
            "30분이내주요거점역":0,
            "30분거점역이름":"[]",
            "1시간이내주요거점역":4,
            "1시간거점역이름":"['잠실', '여의도', '왕십리', '명동']",
            "3km이내백화점수":0,
            "5km이내아울렛몰수":0,
            "1km이내대형먀트수":1,
            "500m이내은행수":0,
            "500m이내병원수":0,
            "5km이내대형병원수":3,
            "500m이내공원수":2,
            "3km이내혐오시설수":0,
            "초등학교학업성취도":90.01,
            "중학교학업성취도":87.4,
            "용적률":89,
            "건폐율":29,
            "Y":37.546536,
            "X":127.159188,
            "rank":119.0,
            "area_info":"33평(109.23), 49평(165.1), 54평(181.17), 56평(185.25), 58평(192.12), 62평(208.07), 64평(213.92)",
            "last_sales":"1800-01-01,nan,33평(109.23)",
            "rank_history":[
                [
                    "202202",
                    119
                ],
                [
                    "202201",
                    107
                ]
            ],
            "rank_gap":-12
        },
        {
            "index":449,
            "아파트명":"삼성",
            "투자타입":"재건축",
            "전용면적(m2)":"108.12",
            "전용면적(평)":"32평",
            "법정동주소":"서울시 강동구 상일동 173",
            "도로명주소":"서울시 강동구 상암로 325",
            "세대수":0,
            "입주년차":"--",
            "용적률점수":100,
            "건폐율점수":80,
            "세대당주차수":"--",
            "난방방식":"--",
            "공급면적":90,
            "전용률":60,
            "욕실수":"--",
            "현관타입":"--",
            "주거총점":63.5,
            "지역구공급총점":0.0,
            "역세권":0,
            "30분내 이동가능 거점":0,
            "1시간내 이동가능 거점":40,
            "교통총점":8.0,
            "백화점":0,
            "아울렛몰":0,
            "대형마트":80,
            "은행":0,
            "병원":0,
            "종합병원":100,
            "공원":100,
            "혐오시설":0,
            "인프라총점":35.0,
            "초등학군":90.01,
            "중학군":54.16,
            "학군총점":61.33,
            "인구수":50.31,
            "인구증감":5.02,
            "인구총점":36.723,
            "일자리":20.37,
            "소득수준":68.8,
            "일자리총점":34.899,
            "가치 총점":35.1995,
            "매매실거래년":"18000101",
            "매매실거래가":null,
            "전세실거래년":null,
            "전세실거래가":null,
            "전세가율":null,
            "장기전세가율평균":60.27,
            "전세가율거품지수":null,
            "검색코드":15298,
            "세대수":132.0,
            "준공년월":"1988-07-28",
            "준공년차":35.0,
            "가까운역이름":"고덕",
            "가까운역거리":1028.64,
            "역세권여부":"비역세권",
            "30분이내주요거점역":0,
            "30분거점역이름":"[]",
            "1시간이내주요거점역":4,
            "1시간거점역이름":"['잠실', '여의도', '왕십리', '명동']",
            "3km이내백화점수":0,
            "5km이내아울렛몰수":0,
            "1km이내대형먀트수":1,
            "500m이내은행수":0,
            "500m이내병원수":0,
            "5km이내대형병원수":4,
            "500m이내공원수":3,
            "3km이내혐오시설수":0,
            "초등학교학업성취도":90.01,
            "중학교학업성취도":87.4,
            "용적률":89,
            "건폐율":29,
            "Y":37.546294,
            "X":127.158082,
            "rank":119.0,
            "area_info":"32평(108.12), 34평(113.96), 47평(157.85), 49평(163.7), 51평(169.17), 51평(170.79), 52평(174.46), 53평(177.61), 54평(181.42), 55평(183.36), 55평(183.58), 56평(185.13), 56평(187.13), 57평(188.44), 57평(191.51), 58평(191.8), 58평(192.9), 58평(194.72), 60평(199.09), 60평(200.43), 62평(206.12), 62평(206.59), 62평(207.52), 70평(233.09), 71평(235.47)",
            "last_sales":"1800-01-01,nan,32평(108.12)",
            "rank_history":[
                [
                    "202202",
                    119
                ],
                [
                    "202201",
                    107
                ]
            ],
            "rank_gap":-12
        },
        {
            "index":2,
            "아파트명":"강동리버스트8단지",
            "투자타입":"일반",
            "전용면적(m2)":"72.14",
            "전용면적(평)":"21평",
            "법정동주소":"서울시 강동구 강일동 66",
            "도로명주소":"서울시 강동구 아리수로93나길 88",
            "세대수":90,
            "입주년차":100,
            "용적률점수":"--",
            "건폐율점수":"--",
            "세대당주차수":0,
            "난방방식":100,
            "공급면적":"--",
            "전용률":"--",
            "욕실수":50,
            "현관타입":100,
            "주거총점":76.5,
            "지역구공급총점":0.0,
            "역세권":0,
            "30분내 이동가능 거점":20,
            "1시간내 이동가능 거점":40,
            "교통총점":14.0,
            "백화점":0,
            "아울렛몰":0,
            "대형마트":0,
            "은행":0,
            "병원":0,
            "종합병원":80,
            "공원":80,
            "혐오시설":0,
            "인프라총점":18.4,
            "초등학군":90.04,
            "중학군":47.04,
            "학군총점":55.64,
            "인구수":50.31,
            "인구증감":5.02,
            "인구총점":36.723,
            "일자리":20.37,
            "소득수준":68.8,
            "일자리총점":34.899,
            "가치 총점":34.066,
            "매매실거래년":"18000101",
            "매매실거래가":null,
            "전세실거래년":20210906.0,
            "전세실거래가":50000.0,
            "전세가율":null,
            "장기전세가율평균":60.27,
            "전세가율거품지수":null,
            "검색코드":134510,
            "세대수":946.0,
            "준공년월":"2021-02-01",
            "준공년차":2.0,
            "가까운역이름":"상일동",
            "가까운역거리":1893.12,
            "역세권여부":"비역세권",
            "30분이내주요거점역":1,
            "30분거점역이름":"['잠실']",
            "1시간이내주요거점역":4,
            "1시간거점역이름":"['역삼', '잠실', '양재', '왕십리']",
            "3km이내백화점수":0,
            "5km이내아울렛몰수":0,
            "1km이내대형먀트수":0,
            "500m이내은행수":0,
            "500m이내병원수":0,
            "5km이내대형병원수":1,
            "500m이내공원수":1,
            "3km이내혐오시설수":0,
            "초등학교학업성취도":90.04,
            "중학교학업성취도":77.8,
            "용적률":0,
            "건폐율":0,
            "Y":37.571829,
            "X":127.176297,
            "rank":120.0,
            "area_info":"21평(72.14), 26평(86.91)",
            "last_sales":"1800-01-01,nan,21평(72.14)",
            "rank_history":[
                [
                    "202202",
                    120
                ],
                [
                    "202201",
                    108
                ]
            ],
            "rank_gap":-12
        },
        {
            "index":41,
            "아파트명":"강일리버파크9단지",
            "투자타입":"일반",
            "전용면적(m2)":"110.83",
            "전용면적(평)":"33평",
            "법정동주소":"서울시 강동구 강일동 699",
            "도로명주소":"서울시 강동구 고덕로97길 29",
            "세대수":80,
            "입주년차":60,
            "용적률점수":"--",
            "건폐율점수":"--",
            "세대당주차수":30,
            "난방방식":30,
            "공급면적":"--",
            "전용률":"--",
            "욕실수":100,
            "현관타입":100,
            "주거총점":67.5,
            "지역구공급총점":0.0,
            "역세권":0,
            "30분내 이동가능 거점":0,
            "1시간내 이동가능 거점":70,
            "교통총점":14.0,
            "백화점":0,
            "아울렛몰":0,
            "대형마트":0,
            "은행":0,
            "병원":0,
            "종합병원":100,
            "공원":100,
            "혐오시설":0,
            "인프라총점":23.0,
            "초등학군":90.02,
            "중학군":49.14,
            "학군총점":57.316,
            "인구수":50.31,
            "인구증감":5.02,
            "인구총점":36.723,
            "일자리":20.37,
            "소득수준":68.8,
            "일자리총점":34.899,
            "가치 총점":33.8974,
            "매매실거래년":20211006.0,
            "매매실거래가":120000.0,
            "전세실거래년":20211224.0,
            "전세실거래가":28125.0,
            "전세가율":23.44,
            "장기전세가율평균":60.27,
            "전세가율거품지수":36.83,
            "검색코드":27481,
            "세대수":841.0,
            "준공년월":"2009-04-06",
            "준공년차":14.0,
            "가까운역이름":"상일동",
            "가까운역거리":1174.89,
            "역세권여부":"비역세권",
            "30분이내주요거점역":0,
            "30분거점역이름":"[]",
            "1시간이내주요거점역":7,
            "1시간거점역이름":"['역삼', '잠실', '을지로입구', '을지로3가', '양재', '왕십리', '명동']",
            "3km이내백화점수":0,
            "5km이내아울렛몰수":0,
            "1km이내대형먀트수":0,
            "500m이내은행수":0,
            "500m이내병원수":0,
            "5km이내대형병원수":3,
            "500m이내공원수":4,
            "3km이내혐오시설수":0,
            "초등학교학업성취도":90.02,
            "중학교학업성취도":79.7,
            "용적률":163,
            "건폐율":15,
            "Y":37.560613,
            "X":127.178804,
            "rank":121.0,
            "area_info":"33평(110.83), 33평(111.11)",
            "last_sales":"2021-10-06,120000.0,33평(110.83)",
            "rank_history":[
                [
                    "202202",
                    121
                ],
                [
                    "202201",
                    110
                ]
            ],
            "rank_gap":-11
        },
        {
            "index":440,
            "아파트명":"대림",
            "투자타입":"재건축",
            "전용면적(m2)":"173.53",
            "전용면적(평)":"52평",
            "법정동주소":"서울시 강동구 상일동 178",
            "도로명주소":"서울시 강동구 상암로 355",
            "세대수":0,
            "입주년차":"--",
            "용적률점수":100,
            "건폐율점수":60,
            "세대당주차수":"--",
            "난방방식":"--",
            "공급면적":100,
            "전용률":80,
            "욕실수":"--",
            "현관타입":"--",
            "주거총점":61.0,
            "지역구공급총점":0.0,
            "역세권":0,
            "30분내 이동가능 거점":20,
            "1시간내 이동가능 거점":40,
            "교통총점":14.0,
            "백화점":0,
            "아울렛몰":0,
            "대형마트":0,
            "은행":0,
            "병원":0,
            "종합병원":100,
            "공원":100,
            "혐오시설":0,
            "인프라총점":23.0,
            "초등학군":90.01,
            "중학군":54.16,
            "학군총점":61.33,
            "인구수":50.31,
            "인구증감":5.02,
            "인구총점":36.723,
            "일자리":20.37,
            "소득수준":68.8,
            "일자리총점":34.899,
            "가치 총점":33.1995,
            "매매실거래년":"18000101",
            "매매실거래가":null,
            "전세실거래년":null,
            "전세실거래가":null,
            "전세가율":null,
            "장기전세가율평균":60.27,
            "전세가율거품지수":null,
            "검색코드":15285,
            "세대수":108.0,
            "준공년월":"1992-03-25",
            "준공년차":31.0,
            "가까운역이름":"고덕",
            "가까운역거리":1201.49,
            "역세권여부":"비역세권",
            "30분이내주요거점역":1,
            "30분거점역이름":"['잠실']",
            "1시간이내주요거점역":4,
            "1시간거점역이름":"['잠실', '을지로3가', '왕십리', '명동']",
            "3km이내백화점수":0,
            "5km이내아울렛몰수":0,
            "1km이내대형먀트수":0,
            "500m이내은행수":0,
            "500m이내병원수":0,
            "5km이내대형병원수":3,
            "500m이내공원수":4,
            "3km이내혐오시설수":0,
            "초등학교학업성취도":90.01,
            "중학교학업성취도":87.4,
            "용적률":91,
            "건폐율":31,
            "Y":37.546259,
            "X":127.162156,
            "rank":122.0,
            "area_info":"52평(173.53), 59평(198.17), 63평(208.65), 68평(227.73), 74평(244.86), 79평(262.51)",
            "last_sales":"1800-01-01,nan,52평(173.53)",
            "rank_history":[
                [
                    "202202",
                    122
                ],
                [
                    "202201",
                    113
                ]
            ],
            "rank_gap":-9
        },
        {
            "index":32,
            "아파트명":"강일리버파크7단지",
            "투자타입":"일반",
            "전용면적(m2)":"82.14",
            "전용면적(평)":"24평",
            "법정동주소":"서울시 강동구 강일동 686",
            "도로명주소":"서울시 강동구 아리수로98길 25",
            "세대수":80,
            "입주년차":60,
            "용적률점수":"--",
            "건폐율점수":"--",
            "세대당주차수":30,
            "난방방식":100,
            "공급면적":"--",
            "전용률":"--",
            "욕실수":100,
            "현관타입":100,
            "주거총점":74.5,
            "지역구공급총점":0.0,
            "역세권":0,
            "30분내 이동가능 거점":0,
            "1시간내 이동가능 거점":40,
            "교통총점":8.0,
            "백화점":0,
            "아울렛몰":0,
            "대형마트":0,
            "은행":0,
            "병원":0,
            "종합병원":100,
            "공원":100,
            "혐오시설":0,
            "인프라총점":23.0,
            "초등학군":89.99,
            "중학군":47.04,
            "학군총점":55.63,
            "인구수":50.31,
            "인구증감":5.02,
            "인구총점":36.723,
            "일자리":20.37,
            "소득수준":68.8,
            "일자리총점":34.899,
            "가치 총점":32.9445,
            "매매실거래년":20210125.0,
            "매매실거래가":107500.0,
            "전세실거래년":20220122.0,
            "전세실거래가":12800.0,
            "전세가율":14.46,
            "장기전세가율평균":60.27,
            "전세가율거품지수":45.81,
            "검색코드":27479,
            "세대수":731.0,
            "준공년월":"2009-06-09",
            "준공년차":14.0,
            "가까운역이름":"상일동",
            "가까운역거리":1434.36,
            "역세권여부":"비역세권",
            "30분이내주요거점역":0,
            "30분거점역이름":"[]",
            "1시간이내주요거점역":4,
            "1시간거점역이름":"['역삼', '잠실', '왕십리', '명동']",
            "3km이내백화점수":0,
            "5km이내아울렛몰수":0,
            "1km이내대형먀트수":0,
            "500m이내은행수":1,
            "500m이내병원수":0,
            "5km이내대형병원수":2,
            "500m이내공원수":4,
            "3km이내혐오시설수":0,
            "초등학교학업성취도":89.99,
            "중학교학업성취도":77.8,
            "용적률":179,
            "건폐율":17,
            "Y":37.56493,
            "X":127.17896,
            "rank":123.0,
            "area_info":"24평(82.14), 25평(82.76), 25평(83.01), 33평(109.94), 33평(110.82), 33평(110.54)",
            "last_sales":"2021-01-25,107500.0,33평(110.82)",
            "rank_history":[
                [
                    "202202",
                    123
                ],
                [
                    "202201",
                    109
                ]
            ],
            "rank_gap":-14
        },
        {
            "index":4,
            "아파트명":"강일리버파크10단지",
            "투자타입":"일반",
            "전용면적(m2)":"109.49",
            "전용면적(평)":"33평",
            "법정동주소":"서울시 강동구 강일동 695",
            "도로명주소":"서울시 강동구 고덕로97길 20",
            "세대수":50,
            "입주년차":60,
            "용적률점수":"--",
            "건폐율점수":"--",
            "세대당주차수":30,
            "난방방식":100,
            "공급면적":"--",
            "전용률":"--",
            "욕실수":100,
            "현관타입":100,
            "주거총점":64.0,
            "지역구공급총점":0.0,
            "역세권":0,
            "30분내 이동가능 거점":0,
            "1시간내 이동가능 거점":60,
            "교통총점":12.0,
            "백화점":0,
            "아울렛몰":0,
            "대형마트":0,
            "은행":0,
            "병원":0,
            "종합병원":100,
            "공원":100,
            "혐오시설":0,
            "인프라총점":23.0,
            "초등학군":90.02,
            "중학군":49.14,
            "학군총점":57.316,
            "인구수":50.31,
            "인구증감":5.02,
            "인구총점":36.723,
            "일자리":20.37,
            "소득수준":68.8,
            "일자리총점":34.899,
            "가치 총점":32.4974,
            "매매실거래년":20211224.0,
            "매매실거래가":118000.0,
            "전세실거래년":20211116.0,
            "전세실거래가":70000.0,
            "전세가율":61.4,
            "장기전세가율평균":60.27,
            "전세가율거품지수":-1.13,
            "검색코드":27482,
            "세대수":694.0,
            "준공년월":"2009-04-06",
            "준공년차":14.0,
            "가까운역이름":"상일동",
            "가까운역거리":1365.39,
            "역세권여부":"비역세권",
            "30분이내주요거점역":0,
            "30분거점역이름":"[]",
            "1시간이내주요거점역":6,
            "1시간거점역이름":"['강남', '역삼', '잠실', '을지로3가', '왕십리', '명동']",
            "3km이내백화점수":0,
            "5km이내아울렛몰수":0,
            "1km이내대형먀트수":0,
            "500m이내은행수":0,
            "500m이내병원수":0,
            "5km이내대형병원수":3,
            "500m이내공원수":3,
            "3km이내혐오시설수":0,
            "초등학교학업성취도":90.02,
            "중학교학업성취도":79.7,
            "용적률":177,
            "건폐율":17,
            "Y":37.560728,
            "X":127.181055,
            "rank":124.0,
            "area_info":"33평(109.49), 33평(110.09), 33평(110.37), 42평(142.14)",
            "last_sales":"2021-12-24,118000.0,33평(110.37)",
            "rank_history":[
                [
                    "202202",
                    124
                ],
                [
                    "202201",
                    114
                ]
            ],
            "rank_gap":-10
        },
        {
            "index":389,
            "아파트명":"강동리엔파크14단지",
            "투자타입":"일반",
            "전용면적(m2)":"72.01",
            "전용면적(평)":"21평",
            "법정동주소":"서울시 강동구 상일동 28",
            "도로명주소":"서울시 강동구 고덕로98길 160",
            "세대수":90,
            "입주년차":100,
            "용적률점수":"--",
            "건폐율점수":"--",
            "세대당주차수":0,
            "난방방식":100,
            "공급면적":"--",
            "전용률":"--",
            "욕실수":50,
            "현관타입":10,
            "주거총점":67.5,
            "지역구공급총점":0.0,
            "역세권":0,
            "30분내 이동가능 거점":0,
            "1시간내 이동가능 거점":60,
            "교통총점":12.0,
            "백화점":0,
            "아울렛몰":0,
            "대형마트":0,
            "은행":0,
            "병원":0,
            "종합병원":100,
            "공원":0,
            "혐오시설":0,
            "인프라총점":20.0,
            "초등학군":89.99,
            "중학군":49.14,
            "학군총점":57.31,
            "인구수":50.31,
            "인구증감":5.02,
            "인구총점":36.723,
            "일자리":20.37,
            "소득수준":68.8,
            "일자리총점":34.899,
            "가치 총점":32.2965,
            "매매실거래년":"18000101",
            "매매실거래가":null,
            "전세실거래년":20210901.0,
            "전세실거래가":45000.0,
            "전세가율":null,
            "장기전세가율평균":60.27,
            "전세가율거품지수":null,
            "검색코드":134513,
            "세대수":943.0,
            "준공년월":"2021-02-10",
            "준공년차":2.0,
            "가까운역이름":"상일동",
            "가까운역거리":1458.69,
            "역세권여부":"비역세권",
            "30분이내주요거점역":0,
            "30분거점역이름":"[]",
            "1시간이내주요거점역":6,
            "1시간거점역이름":"['강남', '역삼', '잠실', '을지로3가', '왕십리', '명동']",
            "3km이내백화점수":0,
            "5km이내아울렛몰수":0,
            "1km이내대형먀트수":0,
            "500m이내은행수":0,
            "500m이내병원수":0,
            "5km이내대형병원수":3,
            "500m이내공원수":0,
            "3km이내혐오시설수":0,
            "초등학교학업성취도":89.99,
            "중학교학업성취도":79.7,
            "용적률":193,
            "건폐율":24,
            "Y":37.550941,
            "X":127.181277,
            "rank":125.0,
            "area_info":"21평(72.01), 26평(86.66)",
            "last_sales":"1800-01-01,nan,21평(72.01)",
            "rank_history":[
                [
                    "202202",
                    125
                ],
                [
                    "202201",
                    116
                ]
            ],
            "rank_gap":-9
        },
        {
            "index":25,
            "아파트명":"강일리버파크5단지",
            "투자타입":"일반",
            "전용면적(m2)":"82.07",
            "전용면적(평)":"24평",
            "법정동주소":"서울시 강동구 강일동 670",
            "도로명주소":"서울시 강동구 아리수로97길 20",
            "세대수":80,
            "입주년차":60,
            "용적률점수":"--",
            "건폐율점수":"--",
            "세대당주차수":30,
            "난방방식":100,
            "공급면적":"--",
            "전용률":"--",
            "욕실수":100,
            "현관타입":100,
            "주거총점":74.5,
            "지역구공급총점":0.0,
            "역세권":0,
            "30분내 이동가능 거점":0,
            "1시간내 이동가능 거점":30,
            "교통총점":6.0,
            "백화점":0,
            "아울렛몰":0,
            "대형마트":0,
            "은행":0,
            "병원":0,
            "종합병원":100,
            "공원":100,
            "혐오시설":0,
            "인프라총점":23.0,
            "초등학군":89.99,
            "중학군":47.04,
            "학군총점":55.63,
            "인구수":50.31,
            "인구증감":5.02,
            "인구총점":36.723,
            "일자리":20.37,
            "소득수준":68.8,
            "일자리총점":34.899,
            "가치 총점":32.2445,
            "매매실거래년":20210424.0,
            "매매실거래가":114500.0,
            "전세실거래년":20211227.0,
            "전세실거래가":12195.0,
            "전세가율":13.28,
            "장기전세가율평균":60.27,
            "전세가율거품지수":46.99,
            "검색코드":27477,
            "세대수":722.0,
            "준공년월":"2009-07-13",
            "준공년차":14.0,
            "가까운역이름":"상일동",
            "가까운역거리":1621.61,
            "역세권여부":"비역세권",
            "30분이내주요거점역":0,
            "30분거점역이름":"[]",
            "1시간이내주요거점역":3,
            "1시간거점역이름":"['역삼', '잠실', '왕십리']",
            "3km이내백화점수":0,
            "5km이내아울렛몰수":0,
            "1km이내대형먀트수":0,
            "500m이내은행수":1,
            "500m이내병원수":0,
            "5km이내대형병원수":2,
            "500m이내공원수":3,
            "3km이내혐오시설수":0,
            "초등학교학업성취도":89.99,
            "중학교학업성취도":77.8,
            "용적률":170,
            "건폐율":15,
            "Y":37.567872,
            "X":127.17826,
            "rank":126.0,
            "area_info":"24평(82.07), 33평(109.99), 33평(110.87), 33평(110.59)",
            "last_sales":"2021-04-24,114500.0,33평(109.99)",
            "rank_history":[
                [
                    "202202",
                    126
                ],
                [
                    "202201",
                    111
                ]
            ],
            "rank_gap":-15
        },
        {
            "index":22,
            "아파트명":"강일리버파크4단지",
            "투자타입":"일반",
            "전용면적(m2)":"109.92",
            "전용면적(평)":"33평",
            "법정동주소":"서울시 강동구 강일동 673",
            "도로명주소":"서울시 강동구 아리수로97길 19",
            "세대수":80,
            "입주년차":60,
            "용적률점수":"--",
            "건폐율점수":"--",
            "세대당주차수":30,
            "난방방식":100,
            "공급면적":"--",
            "전용률":"--",
            "욕실수":100,
            "현관타입":100,
            "주거총점":74.5,
            "지역구공급총점":0.0,
            "역세권":0,
            "30분내 이동가능 거점":0,
            "1시간내 이동가능 거점":30,
            "교통총점":6.0,
            "백화점":0,
            "아울렛몰":0,
            "대형마트":0,
            "은행":0,
            "병원":0,
            "종합병원":100,
            "공원":100,
            "혐오시설":0,
            "인프라총점":23.0,
            "초등학군":89.99,
            "중학군":47.04,
            "학군총점":55.63,
            "인구수":50.31,
            "인구증감":5.02,
            "인구총점":36.723,
            "일자리":20.37,
            "소득수준":68.8,
            "일자리총점":34.899,
            "가치 총점":32.2445,
            "매매실거래년":20211016.0,
            "매매실거래가":113200.0,
            "전세실거래년":20220118.0,
            "전세실거래가":60000.0,
            "전세가율":55.56,
            "장기전세가율평균":60.27,
            "전세가율거품지수":4.71,
            "검색코드":27476,
            "세대수":748.0,
            "준공년월":"2009-03-11",
            "준공년차":14.0,
            "가까운역이름":"상일동",
            "가까운역거리":1431.97,
            "역세권여부":"비역세권",
            "30분이내주요거점역":0,
            "30분거점역이름":"[]",
            "1시간이내주요거점역":3,
            "1시간거점역이름":"['역삼', '잠실', '왕십리']",
            "3km이내백화점수":0,
            "5km이내아울렛몰수":0,
            "1km이내대형먀트수":0,
            "500m이내은행수":1,
            "500m이내병원수":0,
            "5km이내대형병원수":3,
            "500m이내공원수":3,
            "3km이내혐오시설수":0,
            "초등학교학업성취도":89.99,
            "중학교학업성취도":77.8,
            "용적률":179,
            "건폐율":17,
            "Y":37.567108,
            "X":127.176005,
            "rank":126.0,
            "area_info":"33평(109.92), 33평(110.52), 33평(110.8)",
            "last_sales":"2021-10-16,113200.0,33평(110.8)",
            "rank_history":[
                [
                    "202202",
                    126
                ],
                [
                    "202201",
                    111
                ]
            ],
            "rank_gap":-15
        },
        {
            "index":15,
            "아파트명":"강일리버파크3단지",
            "투자타입":"일반",
            "전용면적(m2)":"82.04",
            "전용면적(평)":"24평",
            "법정동주소":"서울시 강동구 강일동 674",
            "도로명주소":"서울시 강동구 아리수로93길 40",
            "세대수":90,
            "입주년차":60,
            "용적률점수":"--",
            "건폐율점수":"--",
            "세대당주차수":30,
            "난방방식":100,
            "공급면적":"--",
            "전용률":"--",
            "욕실수":100,
            "현관타입":100,
            "주거총점":78.0,
            "지역구공급총점":0.0,
            "역세권":0,
            "30분내 이동가능 거점":0,
            "1시간내 이동가능 거점":20,
            "교통총점":4.0,
            "백화점":0,
            "아울렛몰":0,
            "대형마트":0,
            "은행":0,
            "병원":0,
            "종합병원":100,
            "공원":100,
            "혐오시설":0,
            "인프라총점":23.0,
            "초등학군":89.99,
            "중학군":47.04,
            "학군총점":55.63,
            "인구수":50.31,
            "인구증감":5.02,
            "인구총점":36.723,
            "일자리":20.37,
            "소득수준":68.8,
            "일자리총점":34.899,
            "가치 총점":32.2445,
            "매매실거래년":20210814.0,
            "매매실거래가":103000.0,
            "전세실거래년":20220125.0,
            "전세실거래가":12802.0,
            "전세가율":12.43,
            "장기전세가율평균":60.27,
            "전세가율거품지수":47.84,
            "검색코드":27474,
            "세대수":987.0,
            "준공년월":"2009-03-11",
            "준공년차":14.0,
            "가까운역이름":"상일동",
            "가까운역거리":1384.4,
            "역세권여부":"비역세권",
            "30분이내주요거점역":0,
            "30분거점역이름":"[]",
            "1시간이내주요거점역":2,
            "1시간거점역이름":"['잠실', '왕십리']",
            "3km이내백화점수":0,
            "5km이내아울렛몰수":0,
            "1km이내대형먀트수":0,
            "500m이내은행수":1,
            "500m이내병원수":0,
            "5km이내대형병원수":3,
            "500m이내공원수":3,
            "3km이내혐오시설수":0,
            "초등학교학업성취도":89.99,
            "중학교학업성취도":77.8,
            "용적률":173,
            "건폐율":17,
            "Y":37.567057,
            "X":127.175156,
            "rank":126.0,
            "area_info":"24평(82.04), 24평(82.13), 25평(82.75), 25평(83.0), 33평(109.74), 33평(110.62), 33평(110.34)",
            "last_sales":"2021-08-14,103000.0,24평(82.04)",
            "rank_history":[
                [
                    "202202",
                    126
                ],
                [
                    "202201",
                    111
                ]
            ],
            "rank_gap":-15
        },
        {
            "index":38,
            "아파트명":"강일리버파크8단지",
            "투자타입":"일반",
            "전용면적(m2)":"110.82",
            "전용면적(평)":"33평",
            "법정동주소":"서울시 강동구 강일동 701",
            "도로명주소":"서울시 강동구 아리수로94길 72",
            "세대수":50,
            "입주년차":60,
            "용적률점수":"--",
            "건폐율점수":"--",
            "세대당주차수":30,
            "난방방식":100,
            "공급면적":"--",
            "전용률":"--",
            "욕실수":100,
            "현관타입":100,
            "주거총점":64.0,
            "지역구공급총점":0.0,
            "역세권":0,
            "30분내 이동가능 거점":0,
            "1시간내 이동가능 거점":50,
            "교통총점":10.0,
            "백화점":0,
            "아울렛몰":0,
            "대형마트":0,
            "은행":0,
            "병원":0,
            "종합병원":100,
            "공원":100,
            "혐오시설":0,
            "인프라총점":23.0,
            "초등학군":90.02,
            "중학군":49.14,
            "학군총점":57.316,
            "인구수":50.31,
            "인구증감":5.02,
            "인구총점":36.723,
            "일자리":20.37,
            "소득수준":68.8,
            "일자리총점":34.899,
            "가치 총점":31.7974,
            "매매실거래년":20210828.0,
            "매매실거래가":114800.0,
            "전세실거래년":20211214.0,
            "전세실거래가":38000.0,
            "전세가율":33.1,
            "장기전세가율평균":60.27,
            "전세가율거품지수":27.17,
            "검색코드":27480,
            "세대수":410.0,
            "준공년월":"2009-03-11",
            "준공년차":14.0,
            "가까운역이름":"상일동",
            "가까운역거리":1149.71,
            "역세권여부":"비역세권",
            "30분이내주요거점역":0,
            "30분거점역이름":"[]",
            "1시간이내주요거점역":5,
            "1시간거점역이름":"['역삼', '잠실', '을지로3가', '왕십리', '명동']",
            "3km이내백화점수":0,
            "5km이내아울렛몰수":0,
            "1km이내대형먀트수":0,
            "500m이내은행수":1,
            "500m이내병원수":0,
            "5km이내대형병원수":3,
            "500m이내공원수":5,
            "3km이내혐오시설수":0,
            "초등학교학업성취도":90.02,
            "중학교학업성취도":79.7,
            "용적률":144,
            "건폐율":18,
            "Y":37.562019,
            "X":127.177611,
            "rank":127.0,
            "area_info":"33평(110.82), 33평(111.7), 33평(111.42)",
            "last_sales":"2021-08-28,114800.0,33평(110.82)",
            "rank_history":[
                [
                    "202202",
                    127
                ],
                [
                    "202201",
                    112
                ]
            ],
            "rank_gap":-15
        },
        {
            "index":0,
            "아파트명":"강동리버스트4단지",
            "투자타입":"일반",
            "전용면적(m2)":"73.45",
            "전용면적(평)":"22평",
            "법정동주소":"서울시 강동구 강일동 114",
            "도로명주소":"서울시 강동구 아리수로93가길 110",
            "세대수":90,
            "입주년차":100,
            "용적률점수":"--",
            "건폐율점수":"--",
            "세대당주차수":0,
            "난방방식":100,
            "공급면적":"--",
            "전용률":"--",
            "욕실수":50,
            "현관타입":100,
            "주거총점":76.5,
            "지역구공급총점":0.0,
            "역세권":0,
            "30분내 이동가능 거점":0,
            "1시간내 이동가능 거점":10,
            "교통총점":2.0,
            "백화점":0,
            "아울렛몰":0,
            "대형마트":0,
            "은행":0,
            "병원":0,
            "종합병원":100,
            "공원":80,
            "혐오시설":0,
            "인프라총점":22.4,
            "초등학군":90.04,
            "중학군":47.04,
            "학군총점":55.64,
            "인구수":50.31,
            "인구증감":5.02,
            "인구총점":36.723,
            "일자리":20.37,
            "소득수준":68.8,
            "일자리총점":34.899,
            "가치 총점":31.066,
            "매매실거래년":"18000101",
            "매매실거래가":null,
            "전세실거래년":20211013.0,
            "전세실거래가":52000.0,
            "전세가율":null,
            "장기전세가율평균":60.27,
            "전세가율거품지수":null,
            "검색코드":127671,
            "세대수":1239.0,
            "준공년월":"2020-08-01",
            "준공년차":3.0,
            "가까운역이름":"상일동",
            "가까운역거리":1864.5,
            "역세권여부":"비역세권",
            "30분이내주요거점역":0,
            "30분거점역이름":"[]",
            "1시간이내주요거점역":1,
            "1시간거점역이름":"['왕십리']",
            "3km이내백화점수":0,
            "5km이내아울렛몰수":0,
            "1km이내대형먀트수":0,
            "500m이내은행수":0,
            "500m이내병원수":0,
            "5km이내대형병원수":2,
            "500m이내공원수":1,
            "3km이내혐오시설수":0,
            "초등학교학업성취도":90.04,
            "중학교학업성취도":77.8,
            "용적률":0,
            "건폐율":0,
            "Y":37.572621,
            "X":127.1731,
            "rank":128.0,
            "area_info":"22평(73.45), 26평(87.85)",
            "last_sales":"1800-01-01,nan,22평(73.45)",
            "rank_history":[
                [
                    "202202",
                    128
                ],
                [
                    "202201",
                    117
                ]
            ],
            "rank_gap":-11
        },
        {
            "index":29,
            "아파트명":"강일리버파크6단지",
            "투자타입":"일반",
            "전용면적(m2)":"109.89",
            "전용면적(평)":"33평",
            "법정동주소":"서울시 강동구 강일동 684",
            "도로명주소":"서울시 강동구 아리수로94길 19",
            "세대수":50,
            "입주년차":60,
            "용적률점수":"--",
            "건폐율점수":"--",
            "세대당주차수":30,
            "난방방식":100,
            "공급면적":"--",
            "전용률":"--",
            "욕실수":100,
            "현관타입":100,
            "주거총점":64.0,
            "지역구공급총점":0.0,
            "역세권":0,
            "30분내 이동가능 거점":0,
            "1시간내 이동가능 거점":40,
            "교통총점":8.0,
            "백화점":0,
            "아울렛몰":0,
            "대형마트":0,
            "은행":0,
            "병원":0,
            "종합병원":100,
            "공원":100,
            "혐오시설":0,
            "인프라총점":23.0,
            "초등학군":89.99,
            "중학군":47.04,
            "학군총점":55.63,
            "인구수":50.31,
            "인구증감":5.02,
            "인구총점":36.723,
            "일자리":20.37,
            "소득수준":68.8,
            "일자리총점":34.899,
            "가치 총점":30.8445,
            "매매실거래년":20210828.0,
            "매매실거래가":113000.0,
            "전세실거래년":20210927.0,
            "전세실거래가":19367.0,
            "전세가율":16.84,
            "장기전세가율평균":60.27,
            "전세가율거품지수":43.43,
            "검색코드":27478,
            "세대수":553.0,
            "준공년월":"2009-03-11",
            "준공년차":14.0,
            "가까운역이름":"상일동",
            "가까운역거리":1231.34,
            "역세권여부":"비역세권",
            "30분이내주요거점역":0,
            "30분거점역이름":"[]",
            "1시간이내주요거점역":4,
            "1시간거점역이름":"['잠실', '을지로3가', '왕십리', '명동']",
            "3km이내백화점수":0,
            "5km이내아울렛몰수":0,
            "1km이내대형먀트수":0,
            "500m이내은행수":1,
            "500m이내병원수":0,
            "5km이내대형병원수":3,
            "500m이내공원수":5,
            "3km이내혐오시설수":0,
            "초등학교학업성취도":89.99,
            "중학교학업성취도":77.8,
            "용적률":164,
            "건폐율":16,
            "Y":37.564203,
            "X":127.176705,
            "rank":129.0,
            "area_info":"33평(109.89), 33평(110.77), 33평(110.49)",
            "last_sales":"2021-08-28,113000.0,33평(110.49)",
            "rank_history":[
                [
                    "202202",
                    129
                ],
                [
                    "202201",
                    115
                ]
            ],
            "rank_gap":-14
        },
        {
            "index":12,
            "아파트명":"강일리버파크2단지",
            "투자타입":"일반",
            "전용면적(m2)":"110.74",
            "전용면적(평)":"33평",
            "법정동주소":"서울시 강동구 강일동 668",
            "도로명주소":"서울시 강동구 아리수로97길 68",
            "세대수":50,
            "입주년차":60,
            "용적률점수":"--",
            "건폐율점수":"--",
            "세대당주차수":30,
            "난방방식":100,
            "공급면적":"--",
            "전용률":"--",
            "욕실수":100,
            "현관타입":100,
            "주거총점":64.0,
            "지역구공급총점":0.0,
            "역세권":0,
            "30분내 이동가능 거점":0,
            "1시간내 이동가능 거점":30,
            "교통총점":6.0,
            "백화점":0,
            "아울렛몰":0,
            "대형마트":0,
            "은행":0,
            "병원":0,
            "종합병원":100,
            "공원":100,
            "혐오시설":0,
            "인프라총점":23.0,
            "초등학군":89.99,
            "중학군":47.04,
            "학군총점":55.63,
            "인구수":50.31,
            "인구증감":5.02,
            "인구총점":36.723,
            "일자리":20.37,
            "소득수준":68.8,
            "일자리총점":34.899,
            "가치 총점":30.1445,
            "매매실거래년":20201212.0,
            "매매실거래가":93000.0,
            "전세실거래년":20220125.0,
            "전세실거래가":29820.0,
            "전세가율":31.06,
            "장기전세가율평균":60.27,
            "전세가율거품지수":29.21,
            "검색코드":27475,
            "세대수":442.0,
            "준공년월":"2009-03-11",
            "준공년차":14.0,
            "가까운역이름":"상일동",
            "가까운역거리":1672.49,
            "역세권여부":"비역세권",
            "30분이내주요거점역":0,
            "30분거점역이름":"[]",
            "1시간이내주요거점역":3,
            "1시간거점역이름":"['역삼', '잠실', '왕십리']",
            "3km이내백화점수":0,
            "5km이내아울렛몰수":0,
            "1km이내대형먀트수":0,
            "500m이내은행수":0,
            "500m이내병원수":0,
            "5km이내대형병원수":2,
            "500m이내공원수":3,
            "3km이내혐오시설수":0,
            "초등학교학업성취도":89.99,
            "중학교학업성취도":77.8,
            "용적률":152,
            "건폐율":16,
            "Y":37.569339,
            "X":127.176727,
            "rank":130.0,
            "area_info":"33평(110.74), 33평(110.04), 33평(111.05)",
            "last_sales":"2020-12-12,93000.0,33평(111.05)",
            "rank_history":[
                [
                    "202202",
                    130
                ],
                [
                    "202201",
                    118
                ]
            ],
            "rank_gap":-12
        },
        {
            "index":8,
            "아파트명":"강일리버파크1단지",
            "투자타입":"일반",
            "전용면적(m2)":"82.58",
            "전용면적(평)":"24평",
            "법정동주소":"서울시 강동구 강일동 665",
            "도로명주소":"서울시 강동구 아리수로93가길 25",
            "세대수":0,
            "입주년차":60,
            "용적률점수":"--",
            "건폐율점수":"--",
            "세대당주차수":30,
            "난방방식":100,
            "공급면적":"--",
            "전용률":"--",
            "욕실수":100,
            "현관타입":100,
            "주거총점":46.5,
            "지역구공급총점":0.0,
            "역세권":0,
            "30분내 이동가능 거점":0,
            "1시간내 이동가능 거점":20,
            "교통총점":4.0,
            "백화점":0,
            "아울렛몰":0,
            "대형마트":0,
            "은행":0,
            "병원":0,
            "종합병원":100,
            "공원":100,
            "혐오시설":0,
            "인프라총점":23.0,
            "초등학군":89.99,
            "중학군":47.04,
            "학군총점":55.63,
            "인구수":50.31,
            "인구증감":5.02,
            "인구총점":36.723,
            "일자리":20.37,
            "소득수준":68.8,
            "일자리총점":34.899,
            "가치 총점":25.9445,
            "매매실거래년":20210715.0,
            "매매실거래가":112000.0,
            "전세실거래년":20211125.0,
            "전세실거래가":12195.0,
            "전세가율":23.91,
            "장기전세가율평균":60.27,
            "전세가율거품지수":36.36,
            "검색코드":27367,
            "세대수":282.0,
            "준공년월":"2009-03-11",
            "준공년차":14.0,
            "가까운역이름":"상일동",
            "가까운역거리":1324.53,
            "역세권여부":"비역세권",
            "30분이내주요거점역":0,
            "30분거점역이름":"[]",
            "1시간이내주요거점역":2,
            "1시간거점역이름":"['잠실', '왕십리']",
            "3km이내백화점수":0,
            "5km이내아울렛몰수":0,
            "1km이내대형먀트수":0,
            "500m이내은행수":1,
            "500m이내병원수":0,
            "5km이내대형병원수":3,
            "500m이내공원수":2,
            "3km이내혐오시설수":0,
            "초등학교학업성취도":89.99,
            "중학교학업성취도":77.8,
            "용적률":116,
            "건폐율":17,
            "Y":37.567712,
            "X":127.172183,
            "rank":131.0,
            "area_info":"24평(82.58), 33평(110.15), 33평(110.45), 33평(111.57)",
            "last_sales":"2021-07-15,112000.0,33평(111.57)",
            "rank_history":[
                [
                    "202202",
                    131
                ],
                [
                    "202201",
                    119
                ]
            ],
            "rank_gap":-12
        },
        {
            "index":474,
            "아파트명":"상일동아",
            "투자타입":"일반",
            "전용면적(m2)":"73.95",
            "전용면적(평)":"22평",
            "법정동주소":"서울시 강동구 상일동 473",
            "도로명주소":"서울시 강동구 상암로81길 7",
            "세대수":0,
            "입주년차":0,
            "용적률점수":"--",
            "건폐율점수":"--",
            "세대당주차수":30,
            "난방방식":30,
            "공급면적":"--",
            "전용률":"--",
            "욕실수":50,
            "현관타입":10,
            "주거총점":13.5,
            "지역구공급총점":0.0,
            "역세권":0,
            "30분내 이동가능 거점":0,
            "1시간내 이동가능 거점":40,
            "교통총점":8.0,
            "백화점":0,
            "아울렛몰":0,
            "대형마트":0,
            "은행":0,
            "병원":0,
            "종합병원":100,
            "공원":100,
            "혐오시설":0,
            "인프라총점":23.0,
            "초등학군":90.02,
            "중학군":47.1,
            "학군총점":55.684,
            "인구수":50.31,
            "인구증감":5.02,
            "인구총점":36.723,
            "일자리":20.37,
            "소득수준":68.8,
            "일자리총점":34.899,
            "가치 총점":20.7526,
            "매매실거래년":20210907.0,
            "매매실거래가":66000.0,
            "전세실거래년":20211118.0,
            "전세실거래가":23100.0,
            "전세가율":35.0,
            "장기전세가율평균":60.27,
            "전세가율거품지수":25.27,
            "검색코드":988,
            "세대수":186.0,
            "준공년월":"1997-06-21",
            "준공년차":26.0,
            "가까운역이름":"상일동",
            "가까운역거리":1179.79,
            "역세권여부":"비역세권",
            "30분이내주요거점역":0,
            "30분거점역이름":"[]",
            "1시간이내주요거점역":4,
            "1시간거점역이름":"['잠실', '여의도', '왕십리', '명동']",
            "3km이내백화점수":0,
            "5km이내아울렛몰수":0,
            "1km이내대형먀트수":0,
            "500m이내은행수":0,
            "500m이내병원수":0,
            "5km이내대형병원수":3,
            "500m이내공원수":2,
            "3km이내혐오시설수":0,
            "초등학교학업성취도":90.02,
            "중학교학업성취도":77.9,
            "용적률":409,
            "건폐율":27,
            "Y":37.54613,
            "X":127.16739,
            "rank":132.0,
            "area_info":"22평(73.95), 31평(104.37), 32평(105.82), 32평(106.02)",
            "last_sales":"2021-09-07,66000.0,22평(73.95)",
            "rank_history":[
                [
                    "202202",
                    132
                ],
                [
                    "202201",
                    120
                ]
            ],
            "rank_gap":-12
        }
    ]
}