{
    "schema":{
        "fields":[
            {
                "name":"index",
                "type":"integer"
            },
            {
                "name":"아파트명",
                "type":"string"
            },
            {
                "name":"투자타입",
                "type":"string"
            },
            {
                "name":"전용면적(m2)",
                "type":"string"
            },
            {
                "name":"전용면적(평)",
                "type":"string"
            },
            {
                "name":"법정동주소",
                "type":"string"
            },
            {
                "name":"도로명주소",
                "type":"string"
            },
            {
                "name":"세대수",
                "type":"integer"
            },
            {
                "name":"입주년차",
                "type":"string"
            },
            {
                "name":"용적률점수",
                "type":"string"
            },
            {
                "name":"건폐율점수",
                "type":"string"
            },
            {
                "name":"세대당주차수",
                "type":"string"
            },
            {
                "name":"난방방식",
                "type":"string"
            },
            {
                "name":"공급면적",
                "type":"string"
            },
            {
                "name":"전용률",
                "type":"string"
            },
            {
                "name":"욕실수",
                "type":"string"
            },
            {
                "name":"현관타입",
                "type":"string"
            },
            {
                "name":"주거총점",
                "type":"number"
            },
            {
                "name":"지역구공급총점",
                "type":"number"
            },
            {
                "name":"역세권",
                "type":"integer"
            },
            {
                "name":"30분내 이동가능 거점",
                "type":"integer"
            },
            {
                "name":"1시간내 이동가능 거점",
                "type":"integer"
            },
            {
                "name":"교통총점",
                "type":"number"
            },
            {
                "name":"백화점",
                "type":"integer"
            },
            {
                "name":"아울렛몰",
                "type":"integer"
            },
            {
                "name":"대형마트",
                "type":"integer"
            },
            {
                "name":"은행",
                "type":"integer"
            },
            {
                "name":"병원",
                "type":"integer"
            },
            {
                "name":"종합병원",
                "type":"integer"
            },
            {
                "name":"공원",
                "type":"integer"
            },
            {
                "name":"혐오시설",
                "type":"integer"
            },
            {
                "name":"인프라총점",
                "type":"number"
            },
            {
                "name":"초등학군",
                "type":"number"
            },
            {
                "name":"중학군",
                "type":"number"
            },
            {
                "name":"학군총점",
                "type":"number"
            },
            {
                "name":"인구수",
                "type":"number"
            },
            {
                "name":"인구증감",
                "type":"number"
            },
            {
                "name":"인구총점",
                "type":"number"
            },
            {
                "name":"일자리",
                "type":"number"
            },
            {
                "name":"소득수준",
                "type":"number"
            },
            {
                "name":"일자리총점",
                "type":"number"
            },
            {
                "name":"가치 총점",
                "type":"number"
            },
            {
                "name":"매매실거래년",
                "type":"string"
            },
            {
                "name":"매매실거래가",
                "type":"number"
            },
            {
                "name":"전세실거래년",
                "type":"number"
            },
            {
                "name":"전세실거래가",
                "type":"number"
            },
            {
                "name":"전세가율",
                "type":"number"
            },
            {
                "name":"장기전세가율평균",
                "type":"number"
            },
            {
                "name":"전세가율거품지수",
                "type":"number"
            },
            {
                "name":"검색코드",
                "type":"integer"
            },
            {
                "name":"세대수",
                "type":"number"
            },
            {
                "name":"준공년월",
                "type":"string"
            },
            {
                "name":"준공년차",
                "type":"number"
            },
            {
                "name":"가까운역이름",
                "type":"string"
            },
            {
                "name":"가까운역거리",
                "type":"number"
            },
            {
                "name":"역세권여부",
                "type":"string"
            },
            {
                "name":"30분이내주요거점역",
                "type":"integer"
            },
            {
                "name":"30분거점역이름",
                "type":"string"
            },
            {
                "name":"1시간이내주요거점역",
                "type":"integer"
            },
            {
                "name":"1시간거점역이름",
                "type":"string"
            },
            {
                "name":"3km이내백화점수",
                "type":"integer"
            },
            {
                "name":"5km이내아울렛몰수",
                "type":"integer"
            },
            {
                "name":"1km이내대형먀트수",
                "type":"integer"
            },
            {
                "name":"500m이내은행수",
                "type":"integer"
            },
            {
                "name":"500m이내병원수",
                "type":"integer"
            },
            {
                "name":"5km이내대형병원수",
                "type":"integer"
            },
            {
                "name":"500m이내공원수",
                "type":"integer"
            },
            {
                "name":"3km이내혐오시설수",
                "type":"integer"
            },
            {
                "name":"초등학교학업성취도",
                "type":"number"
            },
            {
                "name":"중학교학업성취도",
                "type":"number"
            },
            {
                "name":"용적률",
                "type":"integer"
            },
            {
                "name":"건폐율",
                "type":"integer"
            },
            {
                "name":"Y",
                "type":"number"
            },
            {
                "name":"X",
                "type":"number"
            },
            {
                "name":"rank",
                "type":"number"
            },
            {
                "name":"area_info",
                "type":"string"
            },
            {
                "name":"last_sales",
                "type":"string"
            },
            {
                "name":"rank_history",
                "type":"string"
            },
            {
                "name":"rank_gap",
                "type":"integer"
            }
        ],
        "primaryKey":[
            "index"
        ],
        "pandas_version":"1.4.0"
    },
    "data":[
        {
            "index":294,
            "아파트명":"화신",
            "투자타입":"재건축",
            "전용면적(m2)":"60.99",
            "전용면적(평)":"18평",
            "법정동주소":"부산시 사하구 괴정동 1026-32",
            "도로명주소":"부산시 사하구 승학로 249",
            "세대수":0,
            "입주년차":"--",
            "용적률점수":100,
            "건폐율점수":100,
            "세대당주차수":"--",
            "난방방식":"--",
            "공급면적":50,
            "전용률":80,
            "욕실수":"--",
            "현관타입":"--",
            "주거총점":66.5,
            "지역구공급총점":0.0,
            "역세권":80,
            "30분내 이동가능 거점":0,
            "1시간내 이동가능 거점":0,
            "교통총점":40.0,
            "백화점":0,
            "아울렛몰":0,
            "대형마트":80,
            "은행":70,
            "병원":0,
            "종합병원":100,
            "공원":0,
            "혐오시설":0,
            "인프라총점":39.0,
            "초등학군":90.01,
            "중학군":57.06,
            "학군총점":63.65,
            "인구수":32.93,
            "인구증감":-7.9,
            "인구총점":20.681,
            "일자리":16.09,
            "소득수준":56.78,
            "일자리총점":28.297,
            "가치 총점":53.42,
            "매매실거래년":20210607.0,
            "매매실거래가":25000.0,
            "전세실거래년":20210317.0,
            "전세실거래가":6500.0,
            "전세가율":78.31,
            "장기전세가율평균":71.65,
            "전세가율거품지수":-6.66,
            "검색코드":6174,
            "세대수":114.0,
            "준공년월":"1980-06-05",
            "준공년차":43.0,
            "가까운역이름":"괴정",
            "가까운역거리":260.12,
            "역세권여부":"역세권",
            "30분이내주요거점역":0,
            "30분거점역이름":"[]",
            "1시간이내주요거점역":0,
            "1시간거점역이름":"[]",
            "3km이내백화점수":0,
            "5km이내아울렛몰수":0,
            "1km이내대형먀트수":1,
            "500m이내은행수":3,
            "500m이내병원수":0,
            "5km이내대형병원수":7,
            "500m이내공원수":0,
            "3km이내혐오시설수":0,
            "초등학교학업성취도":90.01,
            "중학교학업성취도":90.1,
            "용적률":44,
            "건폐율":8,
            "Y":35.102247,
            "X":128.992045,
            "rank":1.0,
            "area_info":"18평(60.99), 19평(65.12), 21평(72.5), 26평(85.98), 27평(91.77), 28평(93.32), 37평(123.54)",
            "last_sales":"2021-06-07,25000.0,37평(123.54)",
            "rank_history":[
                [
                    "202202",
                    1
                ],
                [
                    "202201",
                    2
                ]
            ],
            "rank_gap":1
        },
        {
            "index":717,
            "아파트명":"장림현대(372-4)",
            "투자타입":"재건축",
            "전용면적(m2)":"72.68",
            "전용면적(평)":"21평",
            "법정동주소":"부산시 사하구 장림동 372-4",
            "도로명주소":"부산시 사하구 다대로 301",
            "세대수":80,
            "입주년차":"--",
            "용적률점수":100,
            "건폐율점수":60,
            "세대당주차수":"--",
            "난방방식":"--",
            "공급면적":50,
            "전용률":80,
            "욕실수":"--",
            "현관타입":"--",
            "주거총점":82.5,
            "지역구공급총점":0.0,
            "역세권":80,
            "30분내 이동가능 거점":0,
            "1시간내 이동가능 거점":0,
            "교통총점":40.0,
            "백화점":0,
            "아울렛몰":0,
            "대형마트":80,
            "은행":0,
            "병원":0,
            "종합병원":100,
            "공원":0,
            "혐오시설":0,
            "인프라총점":32.0,
            "초등학군":89.97,
            "중학군":46.52,
            "학군총점":55.21,
            "인구수":32.93,
            "인구증감":-7.9,
            "인구총점":20.681,
            "일자리":16.09,
            "소득수준":56.78,
            "일자리총점":28.297,
            "가치 총점":52.788,
            "매매실거래년":20210908.0,
            "매매실거래가":29000.0,
            "전세실거래년":20201106.0,
            "전세실거래가":10000.0,
            "전세가율":47.62,
            "장기전세가율평균":71.65,
            "전세가율거품지수":24.03,
            "검색코드":6934,
            "세대수":828.0,
            "준공년월":"1989-10-20",
            "준공년차":34.0,
            "가까운역이름":"신장림",
            "가까운역거리":151.7,
            "역세권여부":"역세권",
            "30분이내주요거점역":0,
            "30분거점역이름":"[]",
            "1시간이내주요거점역":0,
            "1시간거점역이름":"[]",
            "3km이내백화점수":0,
            "5km이내아울렛몰수":0,
            "1km이내대형먀트수":1,
            "500m이내은행수":1,
            "500m이내병원수":0,
            "5km이내대형병원수":2,
            "500m이내공원수":0,
            "3km이내혐오시설수":0,
            "초등학교학업성취도":89.97,
            "중학교학업성취도":75.4,
            "용적률":136,
            "건폐율":31,
            "Y":35.074497,
            "X":128.978233,
            "rank":2.0,
            "area_info":"21평(72.68), 23평(78.14), 25평(85.03), 28평(92.98), 29평(98.51)",
            "last_sales":"2021-09-08,29000.0,29평(98.51)",
            "rank_history":[
                [
                    "202202",
                    2
                ],
                [
                    "202201",
                    1
                ]
            ],
            "rank_gap":-1
        },
        {
            "index":144,
            "아파트명":"괴정한일하나로타운",
            "투자타입":"재건축",
            "전용면적(m2)":"52.47",
            "전용면적(평)":"15평",
            "법정동주소":"부산시 사하구 괴정동 11-2",
            "도로명주소":"부산시 사하구 오작로 152",
            "세대수":0,
            "입주년차":"--",
            "용적률점수":100,
            "건폐율점수":40,
            "세대당주차수":"--",
            "난방방식":"--",
            "공급면적":50,
            "전용률":80,
            "욕실수":"--",
            "현관타입":"--",
            "주거총점":54.5,
            "지역구공급총점":0.0,
            "역세권":50,
            "30분내 이동가능 거점":0,
            "1시간내 이동가능 거점":0,
            "교통총점":25.0,
            "백화점":100,
            "아울렛몰":0,
            "대형마트":0,
            "은행":0,
            "병원":0,
            "종합병원":100,
            "공원":80,
            "혐오시설":0,
            "인프라총점":52.4,
            "초등학군":90.01,
            "중학군":57.06,
            "학군총점":63.65,
            "인구수":32.93,
            "인구증감":-7.9,
            "인구총점":20.681,
            "일자리":16.09,
            "소득수준":56.78,
            "일자리총점":28.297,
            "가치 총점":52.19,
            "매매실거래년":20210729.0,
            "매매실거래가":10500.0,
            "전세실거래년":20210507.0,
            "전세실거래가":5000.0,
            "전세가율":64.1,
            "장기전세가율평균":71.65,
            "전세가율거품지수":7.55,
            "검색코드":6377,
            "세대수":249.0,
            "준공년월":"1989-05-26",
            "준공년차":34.0,
            "가까운역이름":"대티",
            "가까운역거리":627.48,
            "역세권여부":"준역세권",
            "30분이내주요거점역":0,
            "30분거점역이름":"[]",
            "1시간이내주요거점역":0,
            "1시간거점역이름":"[]",
            "3km이내백화점수":1,
            "5km이내아울렛몰수":0,
            "1km이내대형먀트수":0,
            "500m이내은행수":0,
            "500m이내병원수":0,
            "5km이내대형병원수":9,
            "500m이내공원수":1,
            "3km이내혐오시설수":0,
            "초등학교학업성취도":90.01,
            "중학교학업성취도":90.1,
            "용적률":149,
            "건폐율":39,
            "Y":35.103649,
            "X":129.006815,
            "rank":3.0,
            "area_info":"15평(52.47), 18평(59.87), 18평(61.2), 18평(62.23), 22평(73.97), 24평(82.53), 25평(85.18), 26평(88.55), 29평(97.08)",
            "last_sales":"2021-07-29,10500.0,22평(73.97)",
            "rank_history":[
                [
                    "202202",
                    3
                ],
                [
                    "202201",
                    3
                ]
            ],
            "rank_gap":0
        },
        {
            "index":206,
            "아파트명":"사하역비스타동원",
            "투자타입":"일반",
            "전용면적(m2)":"97.42",
            "전용면적(평)":"29평",
            "법정동주소":"부산시 사하구 괴정동 1284",
            "도로명주소":"부산시 사하구 낙동대로 280",
            "세대수":50,
            "입주년차":100,
            "용적률점수":"--",
            "건폐율점수":"--",
            "세대당주차수":30,
            "난방방식":30,
            "공급면적":"--",
            "전용률":"--",
            "욕실수":100,
            "현관타입":100,
            "주거총점":65.0,
            "지역구공급총점":0.0,
            "역세권":80,
            "30분내 이동가능 거점":0,
            "1시간내 이동가능 거점":10,
            "교통총점":42.0,
            "백화점":0,
            "아울렛몰":0,
            "대형마트":100,
            "은행":0,
            "병원":0,
            "종합병원":100,
            "공원":80,
            "혐오시설":0,
            "인프라총점":37.4,
            "초등학군":90.01,
            "중학군":49.0,
            "학군총점":57.202,
            "인구수":32.93,
            "인구증감":-7.9,
            "인구총점":20.681,
            "일자리":16.09,
            "소득수준":56.78,
            "일자리총점":28.297,
            "가치 총점":50.9306,
            "매매실거래년":20211129.0,
            "매매실거래가":60000.0,
            "전세실거래년":20210525.0,
            "전세실거래가":30000.0,
            "전세가율":50.0,
            "장기전세가율평균":71.65,
            "전세가율거품지수":21.65,
            "검색코드":121533,
            "세대수":513.0,
            "준공년월":"2021-01-01",
            "준공년차":2.0,
            "가까운역이름":"사하",
            "가까운역거리":120.24,
            "역세권여부":"역세권",
            "30분이내주요거점역":0,
            "30분거점역이름":"[]",
            "1시간이내주요거점역":1,
            "1시간거점역이름":"['하단']",
            "3km이내백화점수":0,
            "5km이내아울렛몰수":0,
            "1km이내대형먀트수":2,
            "500m이내은행수":0,
            "500m이내병원수":0,
            "5km이내대형병원수":5,
            "500m이내공원수":1,
            "3km이내혐오시설수":0,
            "초등학교학업성취도":90.01,
            "중학교학업성취도":78.8,
            "용적률":0,
            "건폐율":0,
            "Y":35.100338,
            "X":128.984518,
            "rank":4.0,
            "area_info":"29평(97.42), 29평(97.44), 33평(109.97), 32평(109.05), 33평(110.96)",
            "last_sales":"2021-11-29,60000.0,29평(97.42)",
            "rank_history":[
                [
                    "202202",
                    4
                ],
                [
                    "202201",
                    6
                ]
            ],
            "rank_gap":2
        },
        {
            "index":275,
            "아파트명":"한우",
            "투자타입":"재건축",
            "전용면적(m2)":"84.96",
            "전용면적(평)":"25평",
            "법정동주소":"부산시 사하구 괴정동 922",
            "도로명주소":"부산시 사하구 낙동대로234번길 21",
            "세대수":0,
            "입주년차":"--",
            "용적률점수":100,
            "건폐율점수":80,
            "세대당주차수":"--",
            "난방방식":"--",
            "공급면적":70,
            "전용률":60,
            "욕실수":"--",
            "현관타입":"--",
            "주거총점":62.5,
            "지역구공급총점":0.0,
            "역세권":80,
            "30분내 이동가능 거점":0,
            "1시간내 이동가능 거점":0,
            "교통총점":40.0,
            "백화점":0,
            "아울렛몰":0,
            "대형마트":80,
            "은행":70,
            "병원":0,
            "종합병원":100,
            "공원":0,
            "혐오시설":0,
            "인프라총점":39.0,
            "초등학군":90.01,
            "중학군":49.0,
            "학군총점":57.202,
            "인구수":32.93,
            "인구증감":-7.9,
            "인구총점":20.681,
            "일자리":16.09,
            "소득수준":56.78,
            "일자리총점":28.297,
            "가치 총점":50.4856,
            "매매실거래년":20210416.0,
            "매매실거래가":29000.0,
            "전세실거래년":20210513.0,
            "전세실거래가":12000.0,
            "전세가율":44.78,
            "장기전세가율평균":71.65,
            "전세가율거품지수":26.87,
            "검색코드":6268,
            "세대수":109.0,
            "준공년월":"1980-02-12",
            "준공년차":43.0,
            "가까운역이름":"괴정",
            "가까운역거리":219.08,
            "역세권여부":"역세권",
            "30분이내주요거점역":0,
            "30분거점역이름":"[]",
            "1시간이내주요거점역":0,
            "1시간거점역이름":"[]",
            "3km이내백화점수":0,
            "5km이내아울렛몰수":0,
            "1km이내대형먀트수":1,
            "500m이내은행수":3,
            "500m이내병원수":0,
            "5km이내대형병원수":7,
            "500m이내공원수":0,
            "3km이내혐오시설수":0,
            "초등학교학업성취도":90.01,
            "중학교학업성취도":78.8,
            "용적률":143,
            "건폐율":29,
            "Y":35.100927,
            "X":128.990406,
            "rank":5.0,
            "area_info":"25평(84.96), 26평(87.37), 26평(88.26), 30평(100.95)",
            "last_sales":"2021-04-16,29000.0,30평(100.95)",
            "rank_history":[
                [
                    "202202",
                    5
                ],
                [
                    "202201",
                    4
                ]
            ],
            "rank_gap":-1
        },
        {
            "index":308,
            "아파트명":"e편한세상사하",
            "투자타입":"일반",
            "전용면적(m2)":"85.13",
            "전용면적(평)":"25평",
            "법정동주소":"부산시 사하구 구평동 517",
            "도로명주소":"부산시 사하구 서포로30번길 26",
            "세대수":90,
            "입주년차":80,
            "용적률점수":"--",
            "건폐율점수":"--",
            "세대당주차수":30,
            "난방방식":30,
            "공급면적":"--",
            "전용률":"--",
            "욕실수":100,
            "현관타입":100,
            "주거총점":75.0,
            "지역구공급총점":0.0,
            "역세권":50,
            "30분내 이동가능 거점":0,
            "1시간내 이동가능 거점":0,
            "교통총점":25.0,
            "백화점":0,
            "아울렛몰":0,
            "대형마트":80,
            "은행":0,
            "병원":0,
            "종합병원":100,
            "공원":100,
            "혐오시설":0,
            "인프라총점":35.0,
            "초등학군":90.06,
            "중학군":49.64,
            "학군총점":57.724,
            "인구수":32.93,
            "인구증감":-7.9,
            "인구총점":20.681,
            "일자리":16.09,
            "소득수준":56.78,
            "일자리총점":28.297,
            "가치 총점":50.3172,
            "매매실거래년":20220110.0,
            "매매실거래가":28400.0,
            "전세실거래년":20220107.0,
            "전세실거래가":20000.0,
            "전세가율":70.42,
            "장기전세가율평균":71.65,
            "전세가율거품지수":1.23,
            "검색코드":109098,
            "세대수":1068.0,
            "준공년월":"2016-09-09",
            "준공년차":7.0,
            "가까운역이름":"장림",
            "가까운역거리":894.14,
            "역세권여부":"준역세권",
            "30분이내주요거점역":0,
            "30분거점역이름":"[]",
            "1시간이내주요거점역":0,
            "1시간거점역이름":"[]",
            "3km이내백화점수":0,
            "5km이내아울렛몰수":0,
            "1km이내대형먀트수":1,
            "500m이내은행수":0,
            "500m이내병원수":0,
            "5km이내대형병원수":3,
            "500m이내공원수":2,
            "3km이내혐오시설수":0,
            "초등학교학업성취도":90.06,
            "중학교학업성취도":80.6,
            "용적률":247,
            "건폐율":15,
            "Y":35.079736,
            "X":128.986793,
            "rank":6.0,
            "area_info":"25평(85.13), 25평(85.55), 29평(98.8), 29평(98.86), 33평(111.76), 33평(111.7), 33평(112.09), 33평(112.19), 34평(113.67), 34평(114.8)",
            "last_sales":"2022-01-10,28400.0,25평(85.13)",
            "rank_history":[
                [
                    "202202",
                    6
                ],
                [
                    "202201",
                    5
                ]
            ],
            "rank_gap":-1
        },
        {
            "index":318,
            "아파트명":"e편한세상사하2차",
            "투자타입":"일반",
            "전용면적(m2)":"85.18",
            "전용면적(평)":"25평",
            "법정동주소":"부산시 사하구 구평동 518",
            "도로명주소":"부산시 사하구 서포로30번길 12",
            "세대수":90,
            "입주년차":80,
            "용적률점수":"--",
            "건폐율점수":"--",
            "세대당주차수":30,
            "난방방식":30,
            "공급면적":"--",
            "전용률":"--",
            "욕실수":100,
            "현관타입":100,
            "주거총점":75.0,
            "지역구공급총점":0.0,
            "역세권":50,
            "30분내 이동가능 거점":0,
            "1시간내 이동가능 거점":0,
            "교통총점":25.0,
            "백화점":0,
            "아울렛몰":0,
            "대형마트":80,
            "은행":0,
            "병원":0,
            "종합병원":100,
            "공원":100,
            "혐오시설":0,
            "인프라총점":35.0,
            "초등학군":90.06,
            "중학군":49.64,
            "학군총점":57.724,
            "인구수":32.93,
            "인구증감":-7.9,
            "인구총점":20.681,
            "일자리":16.09,
            "소득수준":56.78,
            "일자리총점":28.297,
            "가치 총점":50.3172,
            "매매실거래년":20211218.0,
            "매매실거래가":43400.0,
            "전세실거래년":20220115.0,
            "전세실거래가":14000.0,
            "전세가율":42.42,
            "장기전세가율평균":71.65,
            "전세가율거품지수":29.23,
            "검색코드":110831,
            "세대수":946.0,
            "준공년월":"2017-10-31",
            "준공년차":6.0,
            "가까운역이름":"장림",
            "가까운역거리":700.31,
            "역세권여부":"준역세권",
            "30분이내주요거점역":0,
            "30분거점역이름":"[]",
            "1시간이내주요거점역":0,
            "1시간거점역이름":"[]",
            "3km이내백화점수":0,
            "5km이내아울렛몰수":0,
            "1km이내대형먀트수":1,
            "500m이내은행수":0,
            "500m이내병원수":0,
            "5km이내대형병원수":3,
            "500m이내공원수":2,
            "3km이내혐오시설수":0,
            "초등학교학업성취도":90.06,
            "중학교학업성취도":80.6,
            "용적률":250,
            "건폐율":17,
            "Y":35.081545,
            "X":128.98503,
            "rank":6.0,
            "area_info":"25평(85.18), 25평(85.46), 25평(85.6), 30평(100.52), 30평(100.62), 33평(111.72), 33평(112.0), 34평(114.2)",
            "last_sales":"2021-12-18,43400.0,33평(112.0)",
            "rank_history":[
                [
                    "202202",
                    6
                ],
                [
                    "202201",
                    5
                ]
            ],
            "rank_gap":-1
        },
        {
            "index":485,
            "아파트명":"당리푸르지오",
            "투자타입":"일반",
            "전용면적(m2)":"83.66",
            "전용면적(평)":"25평",
            "법정동주소":"부산시 사하구 당리동 572",
            "도로명주소":"부산시 사하구 승학로71번길 30",
            "세대수":50,
            "입주년차":60,
            "용적률점수":"--",
            "건폐율점수":"--",
            "세대당주차수":60,
            "난방방식":30,
            "공급면적":"--",
            "전용률":"--",
            "욕실수":100,
            "현관타입":100,
            "주거총점":61.5,
            "지역구공급총점":0.0,
            "역세권":80,
            "30분내 이동가능 거점":0,
            "1시간내 이동가능 거점":10,
            "교통총점":42.0,
            "백화점":0,
            "아울렛몰":0,
            "대형마트":80,
            "은행":20,
            "병원":0,
            "종합병원":100,
            "공원":100,
            "혐오시설":0,
            "인프라총점":37.0,
            "초등학군":90.0,
            "중학군":49.42,
            "학군총점":57.536,
            "인구수":32.93,
            "인구증감":-7.9,
            "인구총점":20.681,
            "일자리":16.09,
            "소득수준":56.78,
            "일자리총점":28.297,
            "가치 총점":50.0358,
            "매매실거래년":20210927.0,
            "매매실거래가":63900.0,
            "전세실거래년":20210516.0,
            "전세실거래가":11000.0,
            "전세가율":24.72,
            "장기전세가율평균":71.65,
            "전세가율거품지수":46.93,
            "검색코드":102370,
            "세대수":542.0,
            "준공년월":"2013-07-24",
            "준공년차":10.0,
            "가까운역이름":"당리",
            "가까운역거리":331.77,
            "역세권여부":"역세권",
            "30분이내주요거점역":0,
            "30분거점역이름":"[]",
            "1시간이내주요거점역":1,
            "1시간거점역이름":"['하단']",
            "3km이내백화점수":0,
            "5km이내아울렛몰수":0,
            "1km이내대형먀트수":1,
            "500m이내은행수":2,
            "500m이내병원수":0,
            "5km이내대형병원수":4,
            "500m이내공원수":3,
            "3km이내혐오시설수":0,
            "초등학교학업성취도":90.0,
            "중학교학업성취도":80.1,
            "용적률":234,
            "건폐율":15,
            "Y":35.104803,
            "X":128.977016,
            "rank":7.0,
            "area_info":"25평(83.66), 32평(107.46), 33평(109.22), 34평(112.66), 39평(131.23), 46평(152.15), 52평(171.92)",
            "last_sales":"2021-09-27,63900.0,39평(131.23)",
            "rank_history":[
                [
                    "202202",
                    7
                ],
                [
                    "202201",
                    9
                ]
            ],
            "rank_gap":2
        },
        {
            "index":542,
            "아파트명":"사하뷰웰",
            "투자타입":"일반",
            "전용면적(m2)":"97.87",
            "전용면적(평)":"29평",
            "법정동주소":"부산시 사하구 신평동 669",
            "도로명주소":"부산시 사하구 신산북로43번길 59",
            "세대수":90,
            "입주년차":80,
            "용적률점수":"--",
            "건폐율점수":"--",
            "세대당주차수":30,
            "난방방식":30,
            "공급면적":"--",
            "전용률":"--",
            "욕실수":100,
            "현관타입":100,
            "주거총점":75.0,
            "지역구공급총점":0.0,
            "역세권":50,
            "30분내 이동가능 거점":0,
            "1시간내 이동가능 거점":0,
            "교통총점":25.0,
            "백화점":0,
            "아울렛몰":0,
            "대형마트":80,
            "은행":0,
            "병원":0,
            "종합병원":100,
            "공원":0,
            "혐오시설":0,
            "인프라총점":32.0,
            "초등학군":89.95,
            "중학군":49.42,
            "학군총점":57.526,
            "인구수":32.93,
            "인구증감":-7.9,
            "인구총점":20.681,
            "일자리":16.09,
            "소득수준":56.78,
            "일자리총점":28.297,
            "가치 총점":49.3578,
            "매매실거래년":20220105.0,
            "매매실거래가":30500.0,
            "전세실거래년":20220106.0,
            "전세실거래가":22000.0,
            "전세가율":72.13,
            "장기전세가율평균":71.65,
            "전세가율거품지수":-0.48,
            "검색코드":108829,
            "세대수":900.0,
            "준공년월":"2016-12-02",
            "준공년차":7.0,
            "가까운역이름":"동매",
            "가까운역거리":630.16,
            "역세권여부":"준역세권",
            "30분이내주요거점역":0,
            "30분거점역이름":"[]",
            "1시간이내주요거점역":0,
            "1시간거점역이름":"[]",
            "3km이내백화점수":0,
            "5km이내아울렛몰수":0,
            "1km이내대형먀트수":1,
            "500m이내은행수":1,
            "500m이내병원수":0,
            "5km이내대형병원수":4,
            "500m이내공원수":0,
            "3km이내혐오시설수":0,
            "초등학교학업성취도":89.95,
            "중학교학업성취도":80.1,
            "용적률":151,
            "건폐율":12,
            "Y":35.095264,
            "X":128.971895,
            "rank":8.0,
            "area_info":"29평(97.87), 29평(97.89), 29평(97.87), 33평(110.64), 33평(110.85), 33평(110.85), 33평(110.53), 33평(110.68), 33평(110.64), 33평(110.68)",
            "last_sales":"2022-01-05,30500.0,29평(97.87)",
            "rank_history":[
                [
                    "202202",
                    8
                ],
                [
                    "202201",
                    7
                ]
            ],
            "rank_gap":-1
        },
        {
            "index":471,
            "아파트명":"당리에덴동산타운",
            "투자타입":"재건축",
            "전용면적(m2)":"59.94",
            "전용면적(평)":"18평",
            "법정동주소":"부산시 사하구 당리동 353-22",
            "도로명주소":"부산시 사하구 승학로131번길 39",
            "세대수":0,
            "입주년차":"--",
            "용적률점수":100,
            "건폐율점수":80,
            "세대당주차수":"--",
            "난방방식":"--",
            "공급면적":50,
            "전용률":80,
            "욕실수":"--",
            "현관타입":"--",
            "주거총점":62.5,
            "지역구공급총점":0.0,
            "역세권":50,
            "30분내 이동가능 거점":0,
            "1시간내 이동가능 거점":0,
            "교통총점":25.0,
            "백화점":0,
            "아울렛몰":0,
            "대형마트":80,
            "은행":70,
            "병원":0,
            "종합병원":100,
            "공원":100,
            "혐오시설":0,
            "인프라총점":42.0,
            "초등학군":90.0,
            "중학군":49.0,
            "학군총점":57.2,
            "인구수":32.93,
            "인구증감":-7.9,
            "인구총점":20.681,
            "일자리":16.09,
            "소득수준":56.78,
            "일자리총점":28.297,
            "가치 총점":49.135,
            "매매실거래년":20210302.0,
            "매매실거래가":16500.0,
            "전세실거래년":null,
            "전세실거래가":null,
            "전세가율":null,
            "장기전세가율평균":71.65,
            "전세가율거품지수":null,
            "검색코드":6584,
            "세대수":245.0,
            "준공년월":"1989-01-12",
            "준공년차":34.0,
            "가까운역이름":"사하",
            "가까운역거리":590.9,
            "역세권여부":"준역세권",
            "30분이내주요거점역":0,
            "30분거점역이름":"[]",
            "1시간이내주요거점역":0,
            "1시간거점역이름":"[]",
            "3km이내백화점수":0,
            "5km이내아울렛몰수":0,
            "1km이내대형먀트수":1,
            "500m이내은행수":3,
            "500m이내병원수":0,
            "5km이내대형병원수":5,
            "500m이내공원수":2,
            "3km이내혐오시설수":0,
            "초등학교학업성취도":90.0,
            "중학교학업성취도":78.8,
            "용적률":141,
            "건폐율":27,
            "Y":35.105021,
            "X":128.982415,
            "rank":9.0,
            "area_info":"18평(59.94), 18평(60.43), 19평(62.91), 19평(63.27), 19평(65.68), 20평(67.57), 21평(70.84), 22평(74.8), 23평(76.98), 24평(79.75), 25평(85.39), 27평(90.52), 28평(93.69), 30평(99.73)",
            "last_sales":"2021-03-02,16500.0,30평(99.73)",
            "rank_history":[
                [
                    "202202",
                    9
                ],
                [
                    "202201",
                    10
                ]
            ],
            "rank_gap":1
        },
        {
            "index":401,
            "아파트명":"다대해송",
            "투자타입":"재건축",
            "전용면적(m2)":"71.74",
            "전용면적(평)":"21평",
            "법정동주소":"부산시 사하구 다대동 113-11",
            "도로명주소":"부산시 사하구 다대로 470",
            "세대수":80,
            "입주년차":"--",
            "용적률점수":80,
            "건폐율점수":100,
            "세대당주차수":"--",
            "난방방식":"--",
            "공급면적":50,
            "전용률":60,
            "욕실수":"--",
            "현관타입":"--",
            "주거총점":81.5,
            "지역구공급총점":0.0,
            "역세권":80,
            "30분내 이동가능 거점":0,
            "1시간내 이동가능 거점":0,
            "교통총점":40.0,
            "백화점":0,
            "아울렛몰":0,
            "대형마트":0,
            "은행":20,
            "병원":0,
            "종합병원":80,
            "공원":100,
            "혐오시설":0,
            "인프라총점":21.0,
            "초등학군":89.99,
            "중학군":46.02,
            "학군총점":54.814,
            "인구수":32.93,
            "인구증감":-7.9,
            "인구총점":20.681,
            "일자리":16.09,
            "소득수준":56.78,
            "일자리총점":28.297,
            "가치 총점":49.1192,
            "매매실거래년":20211025.0,
            "매매실거래가":20100.0,
            "전세실거래년":20220124.0,
            "전세실거래가":13000.0,
            "전세가율":64.68,
            "장기전세가율평균":71.65,
            "전세가율거품지수":6.97,
            "검색코드":6486,
            "세대수":714.0,
            "준공년월":"1991-12-06",
            "준공년차":32.0,
            "가까운역이름":"낫개",
            "가까운역거리":422.73,
            "역세권여부":"역세권",
            "30분이내주요거점역":0,
            "30분거점역이름":"[]",
            "1시간이내주요거점역":0,
            "1시간거점역이름":"[]",
            "3km이내백화점수":0,
            "5km이내아울렛몰수":0,
            "1km이내대형먀트수":0,
            "500m이내은행수":2,
            "500m이내병원수":0,
            "5km이내대형병원수":1,
            "500m이내공원수":4,
            "3km이내혐오시설수":0,
            "초등학교학업성취도":89.99,
            "중학교학업성취도":75.5,
            "용적률":172,
            "건폐율":14,
            "Y":35.062486,
            "X":128.976588,
            "rank":10.0,
            "area_info":"21평(71.74)",
            "last_sales":"2021-10-25,20100.0,21평(71.74)",
            "rank_history":[
                [
                    "202202",
                    10
                ],
                [
                    "202201",
                    11
                ]
            ],
            "rank_gap":1
        },
        {
            "index":370,
            "아파트명":"다대롯데캐슬블루",
            "투자타입":"일반",
            "전용면적(m2)":"109.77",
            "전용면적(평)":"33평",
            "법정동주소":"부산시 사하구 다대동 1670",
            "도로명주소":"부산시 사하구 다송로 23",
            "세대수":90,
            "입주년차":80,
            "용적률점수":"--",
            "건폐율점수":"--",
            "세대당주차수":60,
            "난방방식":30,
            "공급면적":"--",
            "전용률":"--",
            "욕실수":100,
            "현관타입":100,
            "주거총점":79.5,
            "지역구공급총점":0.0,
            "역세권":80,
            "30분내 이동가능 거점":0,
            "1시간내 이동가능 거점":0,
            "교통총점":40.0,
            "백화점":0,
            "아울렛몰":0,
            "대형마트":0,
            "은행":0,
            "병원":0,
            "종합병원":80,
            "공원":100,
            "혐오시설":0,
            "인프라총점":19.0,
            "초등학군":89.99,
            "중학군":49.88,
            "학군총점":57.902,
            "인구수":32.93,
            "인구증감":-7.9,
            "인구총점":20.681,
            "일자리":16.09,
            "소득수준":56.78,
            "일자리총점":28.297,
            "가치 총점":48.9456,
            "매매실거래년":20211025.0,
            "매매실거래가":52000.0,
            "전세실거래년":20220122.0,
            "전세실거래가":27000.0,
            "전세가율":60.4,
            "장기전세가율평균":71.65,
            "전세가율거품지수":11.25,
            "검색코드":103687,
            "세대수":1326.0,
            "준공년월":"2014-12-24",
            "준공년차":9.0,
            "가까운역이름":"낫개",
            "가까운역거리":263.22,
            "역세권여부":"역세권",
            "30분이내주요거점역":0,
            "30분거점역이름":"[]",
            "1시간이내주요거점역":0,
            "1시간거점역이름":"[]",
            "3km이내백화점수":0,
            "5km이내아울렛몰수":0,
            "1km이내대형먀트수":0,
            "500m이내은행수":1,
            "500m이내병원수":0,
            "5km이내대형병원수":1,
            "500m이내공원수":8,
            "3km이내혐오시설수":0,
            "초등학교학업성취도":89.99,
            "중학교학업성취도":80.6,
            "용적률":269,
            "건폐율":14,
            "Y":35.065412,
            "X":128.982554,
            "rank":11.0,
            "area_info":"33평(109.77), 33평(110.8), 33평(111.31), 39평(131.39), 39평(132.13), 46평(153.01), 46평(154.33)",
            "last_sales":"2021-10-25,52000.0,33평(111.31)",
            "rank_history":[
                [
                    "202202",
                    11
                ],
                [
                    "202201",
                    12
                ]
            ],
            "rank_gap":1
        },
        {
            "index":700,
            "아파트명":"장림역베스티움2차",
            "투자타입":"일반",
            "전용면적(m2)":"72.68",
            "전용면적(평)":"21평",
            "법정동주소":"부산시 사하구 장림동 1153",
            "도로명주소":"부산시 사하구 장림번영로 76",
            "세대수":0,
            "입주년차":100,
            "용적률점수":"--",
            "건폐율점수":"--",
            "세대당주차수":60,
            "난방방식":30,
            "공급면적":"--",
            "전용률":"--",
            "욕실수":100,
            "현관타입":100,
            "주거총점":52.0,
            "지역구공급총점":0.0,
            "역세권":80,
            "30분내 이동가능 거점":0,
            "1시간내 이동가능 거점":0,
            "교통총점":40.0,
            "백화점":0,
            "아울렛몰":0,
            "대형마트":100,
            "은행":70,
            "병원":0,
            "종합병원":100,
            "공원":0,
            "혐오시설":0,
            "인프라총점":42.0,
            "초등학군":89.96,
            "중학군":49.64,
            "학군총점":57.704,
            "인구수":32.93,
            "인구증감":-7.9,
            "인구총점":20.681,
            "일자리":16.09,
            "소득수준":56.78,
            "일자리총점":28.297,
            "가치 총점":48.9112,
            "매매실거래년":20210309.0,
            "매매실거래가":32500.0,
            "전세실거래년":20210827.0,
            "전세실거래가":18000.0,
            "전세가율":82.95,
            "장기전세가율평균":71.65,
            "전세가율거품지수":-11.3,
            "검색코드":118911,
            "세대수":221.0,
            "준공년월":"2020-06-04",
            "준공년차":3.0,
            "가까운역이름":"장림",
            "가까운역거리":387.15,
            "역세권여부":"역세권",
            "30분이내주요거점역":0,
            "30분거점역이름":"[]",
            "1시간이내주요거점역":0,
            "1시간거점역이름":"[]",
            "3km이내백화점수":0,
            "5km이내아울렛몰수":0,
            "1km이내대형먀트수":2,
            "500m이내은행수":3,
            "500m이내병원수":0,
            "5km이내대형병원수":3,
            "500m이내공원수":0,
            "3km이내혐오시설수":0,
            "초등학교학업성취도":89.96,
            "중학교학업성취도":80.6,
            "용적률":426,
            "건폐율":59,
            "Y":35.080257,
            "X":128.973641,
            "rank":12.0,
            "area_info":"21평(72.68), 26평(89.07), 29평(98.93), 29평(99.0), 33평(109.14)",
            "last_sales":"2021-03-09,32500.0,29평(98.93)",
            "rank_history":[
                [
                    "202202",
                    12
                ],
                [
                    "202201",
                    13
                ]
            ],
            "rank_gap":1
        },
        {
            "index":137,
            "아파트명":"괴정한신더휴",
            "투자타입":"일반",
            "전용면적(m2)":"62.4",
            "전용면적(평)":"18평",
            "법정동주소":"부산시 사하구 괴정동 216-10",
            "도로명주소":"부산시 사하구 사리로 106",
            "세대수":80,
            "입주년차":100,
            "용적률점수":"--",
            "건폐율점수":"--",
            "세대당주차수":30,
            "난방방식":30,
            "공급면적":"--",
            "전용률":"--",
            "욕실수":50,
            "현관타입":100,
            "주거총점":70.5,
            "지역구공급총점":0.0,
            "역세권":80,
            "30분내 이동가능 거점":0,
            "1시간내 이동가능 거점":0,
            "교통총점":40.0,
            "백화점":0,
            "아울렛몰":0,
            "대형마트":0,
            "은행":0,
            "병원":0,
            "종합병원":100,
            "공원":0,
            "혐오시설":0,
            "인프라총점":20.0,
            "초등학군":89.99,
            "중학군":57.06,
            "학군총점":63.646,
            "인구수":32.93,
            "인구증감":-7.9,
            "인구총점":20.681,
            "일자리":16.09,
            "소득수준":56.78,
            "일자리총점":28.297,
            "가치 총점":48.7188,
            "매매실거래년":20220107.0,
            "매매실거래가":57500.0,
            "전세실거래년":null,
            "전세실거래가":null,
            "전세가율":null,
            "장기전세가율평균":71.65,
            "전세가율거품지수":null,
            "검색코드":125987,
            "세대수":835.0,
            "준공년월":"2021-12-01",
            "준공년차":2.0,
            "가까운역이름":"대티",
            "가까운역거리":444.48,
            "역세권여부":"역세권",
            "30분이내주요거점역":0,
            "30분거점역이름":"[]",
            "1시간이내주요거점역":0,
            "1시간거점역이름":"[]",
            "3km이내백화점수":0,
            "5km이내아울렛몰수":0,
            "1km이내대형먀트수":0,
            "500m이내은행수":0,
            "500m이내병원수":0,
            "5km이내대형병원수":9,
            "500m이내공원수":0,
            "3km이내혐오시설수":0,
            "초등학교학업성취도":89.99,
            "중학교학업성취도":90.1,
            "용적률":234,
            "건폐율":0,
            "Y":35.107123,
            "X":128.999322,
            "rank":13.0,
            "area_info":"18평(62.4), 25평(84.48), 29평(96.16), 31평(103.83), 33평(111.98), 33평(112.37), 34평(113.04)",
            "last_sales":"2022-01-07,57500.0,34평(113.04)",
            "rank_history":[
                [
                    "202202",
                    0
                ],
                [
                    "202201",
                    9999
                ]
            ],
            "rank_gap":9999
        },
        {
            "index":582,
            "아파트명":"신평삼익",
            "투자타입":"재건축",
            "전용면적(m2)":"55.2",
            "전용면적(평)":"16평",
            "법정동주소":"부산시 사하구 신평동 7",
            "도로명주소":"부산시 사하구 장평로 311",
            "세대수":30,
            "입주년차":"--",
            "용적률점수":100,
            "건폐율점수":40,
            "세대당주차수":"--",
            "난방방식":"--",
            "공급면적":50,
            "전용률":80,
            "욕실수":"--",
            "현관타입":"--",
            "주거총점":63.5,
            "지역구공급총점":0.0,
            "역세권":50,
            "30분내 이동가능 거점":0,
            "1시간내 이동가능 거점":0,
            "교통총점":25.0,
            "백화점":0,
            "아울렛몰":0,
            "대형마트":80,
            "은행":70,
            "병원":0,
            "종합병원":100,
            "공원":0,
            "혐오시설":0,
            "인프라총점":39.0,
            "초등학군":89.95,
            "중학군":49.42,
            "학군총점":57.526,
            "인구수":32.93,
            "인구증감":-7.9,
            "인구총점":20.681,
            "일자리":16.09,
            "소득수준":56.78,
            "일자리총점":28.297,
            "가치 총점":48.5828,
            "매매실거래년":20211006.0,
            "매매실거래가":13000.0,
            "전세실거래년":null,
            "전세실거래가":null,
            "전세가율":null,
            "장기전세가율평균":71.65,
            "전세가율거품지수":null,
            "검색코드":6733,
            "세대수":312.0,
            "준공년월":"1989-05-30",
            "준공년차":34.0,
            "가까운역이름":"동매",
            "가까운역거리":539.28,
            "역세권여부":"준역세권",
            "30분이내주요거점역":0,
            "30분거점역이름":"[]",
            "1시간이내주요거점역":0,
            "1시간거점역이름":"[]",
            "3km이내백화점수":0,
            "5km이내아울렛몰수":0,
            "1km이내대형먀트수":1,
            "500m이내은행수":3,
            "500m이내병원수":0,
            "5km이내대형병원수":4,
            "500m이내공원수":0,
            "3km이내혐오시설수":0,
            "초등학교학업성취도":89.95,
            "중학교학업성취도":80.1,
            "용적률":143,
            "건폐율":38,
            "Y":35.09451,
            "X":128.9747,
            "rank":14.0,
            "area_info":"16평(55.2), 17평(56.23), 19평(64.95), 20평(68.78), 21평(71.16), 22평(73.48), 25평(82.87), 25평(85.76), 26평(88.34), 26평(89.17), 29평(98.92)",
            "last_sales":"2021-10-06,13000.0,29평(98.92)",
            "rank_history":[
                [
                    "202202",
                    14
                ],
                [
                    "202201",
                    8
                ]
            ],
            "rank_gap":-6
        },
        {
            "index":116,
            "아파트명":"괴정스타클래스",
            "투자타입":"일반",
            "전용면적(m2)":"77.83",
            "전용면적(평)":"23평",
            "법정동주소":"부산시 사하구 괴정동 213-6",
            "도로명주소":"부산시 사하구 대티로1번길 22",
            "세대수":50,
            "입주년차":40,
            "용적률점수":"--",
            "건폐율점수":"--",
            "세대당주차수":30,
            "난방방식":30,
            "공급면적":"--",
            "전용률":"--",
            "욕실수":100,
            "현관타입":100,
            "주거총점":53.0,
            "지역구공급총점":0.0,
            "역세권":80,
            "30분내 이동가능 거점":0,
            "1시간내 이동가능 거점":10,
            "교통총점":42.0,
            "백화점":0,
            "아울렛몰":0,
            "대형마트":80,
            "은행":0,
            "병원":0,
            "종합병원":100,
            "공원":0,
            "혐오시설":0,
            "인프라총점":32.0,
            "초등학군":89.99,
            "중학군":57.06,
            "학군총점":63.646,
            "인구수":32.93,
            "인구증감":-7.9,
            "인구총점":20.681,
            "일자리":16.09,
            "소득수준":56.78,
            "일자리총점":28.297,
            "가치 총점":48.2438,
            "매매실거래년":20211207.0,
            "매매실거래가":30000.0,
            "전세실거래년":20211230.0,
            "전세실거래가":25000.0,
            "전세가율":83.33,
            "장기전세가율평균":71.65,
            "전세가율거품지수":-11.68,
            "검색코드":25252,
            "세대수":470.0,
            "준공년월":"2007-04-30",
            "준공년차":16.0,
            "가까운역이름":"대티",
            "가까운역거리":210.48,
            "역세권여부":"역세권",
            "30분이내주요거점역":0,
            "30분거점역이름":"[]",
            "1시간이내주요거점역":1,
            "1시간거점역이름":"['하단']",
            "3km이내백화점수":0,
            "5km이내아울렛몰수":0,
            "1km이내대형먀트수":1,
            "500m이내은행수":0,
            "500m이내병원수":0,
            "5km이내대형병원수":8,
            "500m이내공원수":0,
            "3km이내혐오시설수":0,
            "초등학교학업성취도":89.99,
            "중학교학업성취도":90.1,
            "용적률":299,
            "건폐율":26,
            "Y":35.10505,
            "X":128.999867,
            "rank":15.0,
            "area_info":"23평(77.83), 33평(109.58), 32평(109.08), 33평(109.2)",
            "last_sales":"2021-12-07,30000.0,23평(77.83)",
            "rank_history":[
                [
                    "202202",
                    15
                ],
                [
                    "202201",
                    28
                ]
            ],
            "rank_gap":13
        },
        {
            "index":781,
            "아파트명":"대호세화",
            "투자타입":"재건축",
            "전용면적(m2)":"56.79",
            "전용면적(평)":"17평",
            "법정동주소":"부산시 사하구 하단동 509-7",
            "도로명주소":"부산시 사하구 승학로3번길 64",
            "세대수":0,
            "입주년차":"--",
            "용적률점수":80,
            "건폐율점수":0,
            "세대당주차수":"--",
            "난방방식":"--",
            "공급면적":50,
            "전용률":80,
            "욕실수":"--",
            "현관타입":"--",
            "주거총점":38.5,
            "지역구공급총점":0.0,
            "역세권":80,
            "30분내 이동가능 거점":0,
            "1시간내 이동가능 거점":10,
            "교통총점":42.0,
            "백화점":0,
            "아울렛몰":0,
            "대형마트":80,
            "은행":70,
            "병원":0,
            "종합병원":100,
            "공원":80,
            "혐오시설":0,
            "인프라총점":41.4,
            "초등학군":89.98,
            "중학군":57.48,
            "학군총점":63.98,
            "인구수":32.93,
            "인구증감":-7.9,
            "인구총점":20.681,
            "일자리":16.09,
            "소득수준":56.78,
            "일자리총점":28.297,
            "가치 총점":47.539,
            "매매실거래년":20210521.0,
            "매매실거래가":9700.0,
            "전세실거래년":null,
            "전세실거래가":null,
            "전세가율":null,
            "장기전세가율평균":71.65,
            "전세가율거품지수":null,
            "검색코드":16064,
            "세대수":100.0,
            "준공년월":"1987-01-21",
            "준공년차":36.0,
            "가까운역이름":"하단",
            "가까운역거리":331.66,
            "역세권여부":"역세권",
            "30분이내주요거점역":0,
            "30분거점역이름":"[]",
            "1시간이내주요거점역":1,
            "1시간거점역이름":"['하단']",
            "3km이내백화점수":0,
            "5km이내아울렛몰수":0,
            "1km이내대형먀트수":1,
            "500m이내은행수":4,
            "500m이내병원수":0,
            "5km이내대형병원수":3,
            "500m이내공원수":1,
            "3km이내혐오시설수":0,
            "초등학교학업성취도":89.98,
            "중학교학업성취도":93.0,
            "용적률":175,
            "건폐율":54,
            "Y":35.109133,
            "X":128.967667,
            "rank":16.0,
            "area_info":"17평(56.79), 17평(58.23), 18평(61.38), 19평(62.82), 19평(63.22), 19평(64.08), 19평(65.52), 20평(69.12), 21평(70.2), 23평(77.04), 23평(78.48)",
            "last_sales":"2021-05-21,9700.0,20평(69.12)",
            "rank_history":[
                [
                    "202202",
                    16
                ],
                [
                    "202201",
                    18
                ]
            ],
            "rank_gap":2
        },
        {
            "index":268,
            "아파트명":"자유1차",
            "투자타입":"재건축",
            "전용면적(m2)":"104.82",
            "전용면적(평)":"31평",
            "법정동주소":"부산시 사하구 괴정동 740",
            "도로명주소":"부산시 사하구 낙동대로 263",
            "세대수":30,
            "입주년차":"--",
            "용적률점수":60,
            "건폐율점수":60,
            "세대당주차수":"--",
            "난방방식":"--",
            "공급면적":90,
            "전용률":60,
            "욕실수":"--",
            "현관타입":"--",
            "주거총점":52.5,
            "지역구공급총점":0.0,
            "역세권":80,
            "30분내 이동가능 거점":0,
            "1시간내 이동가능 거점":10,
            "교통총점":42.0,
            "백화점":0,
            "아울렛몰":0,
            "대형마트":80,
            "은행":70,
            "병원":0,
            "종합병원":100,
            "공원":0,
            "혐오시설":0,
            "인프라총점":39.0,
            "초등학군":90.01,
            "중학군":45.8,
            "학군총점":54.642,
            "인구수":32.93,
            "인구증감":-7.9,
            "인구총점":20.681,
            "일자리":16.09,
            "소득수준":56.78,
            "일자리총점":28.297,
            "가치 총점":47.5176,
            "매매실거래년":20201210.0,
            "매매실거래가":74500.0,
            "전세실거래년":20210501.0,
            "전세실거래가":10000.0,
            "전세가율":25.64,
            "장기전세가율평균":71.65,
            "전세가율거품지수":46.01,
            "검색코드":6232,
            "세대수":320.0,
            "준공년월":"1982-09-04",
            "준공년차":41.0,
            "가까운역이름":"괴정",
            "가까운역거리":340.22,
            "역세권여부":"역세권",
            "30분이내주요거점역":0,
            "30분거점역이름":"[]",
            "1시간이내주요거점역":1,
            "1시간거점역이름":"['하단']",
            "3km이내백화점수":0,
            "5km이내아울렛몰수":0,
            "1km이내대형먀트수":1,
            "500m이내은행수":3,
            "500m이내병원수":0,
            "5km이내대형병원수":6,
            "500m이내공원수":0,
            "3km이내혐오시설수":0,
            "초등학교학업성취도":90.01,
            "중학교학업성취도":75.0,
            "용적률":198,
            "건폐율":32,
            "Y":35.098322,
            "X":128.98931,
            "rank":17.0,
            "area_info":"31평(104.82), 44평(147.66), 55평(183.14), 67평(224.55)",
            "last_sales":"2020-12-10,74500.0,67평(224.55)",
            "rank_history":[
                [
                    "202202",
                    17
                ],
                [
                    "202201",
                    14
                ]
            ],
            "rank_gap":-3
        },
        {
            "index":826,
            "아파트명":"헤리츠리더스하단",
            "투자타입":"일반",
            "전용면적(m2)":"66.91",
            "전용면적(평)":"20평",
            "법정동주소":"부산시 사하구 하단동 618-1",
            "도로명주소":"부산시 사하구 낙동대로457번길 5",
            "세대수":0,
            "입주년차":100,
            "용적률점수":"--",
            "건폐율점수":"--",
            "세대당주차수":0,
            "난방방식":30,
            "공급면적":"--",
            "전용률":"--",
            "욕실수":50,
            "현관타입":100,
            "주거총점":38.0,
            "지역구공급총점":0.0,
            "역세권":80,
            "30분내 이동가능 거점":0,
            "1시간내 이동가능 거점":10,
            "교통총점":42.0,
            "백화점":0,
            "아울렛몰":0,
            "대형마트":80,
            "은행":70,
            "병원":0,
            "종합병원":100,
            "공원":80,
            "혐오시설":0,
            "인프라총점":41.4,
            "초등학군":89.98,
            "중학군":57.48,
            "학군총점":63.98,
            "인구수":32.93,
            "인구증감":-7.9,
            "인구총점":20.681,
            "일자리":16.09,
            "소득수준":56.78,
            "일자리총점":28.297,
            "가치 총점":47.414,
            "매매실거래년":20220112.0,
            "매매실거래가":27000.0,
            "전세실거래년":20220109.0,
            "전세실거래가":23000.0,
            "전세가율":85.19,
            "장기전세가율평균":71.65,
            "전세가율거품지수":-13.54,
            "검색코드":145537,
            "세대수":142.0,
            "준공년월":"2021-12-09",
            "준공년차":2.0,
            "가까운역이름":"하단",
            "가까운역거리":192.17,
            "역세권여부":"역세권",
            "30분이내주요거점역":0,
            "30분거점역이름":"[]",
            "1시간이내주요거점역":1,
            "1시간거점역이름":"['하단']",
            "3km이내백화점수":0,
            "5km이내아울렛몰수":0,
            "1km이내대형먀트수":1,
            "500m이내은행수":4,
            "500m이내병원수":0,
            "5km이내대형병원수":4,
            "500m이내공원수":1,
            "3km이내혐오시설수":0,
            "초등학교학업성취도":89.98,
            "중학교학업성취도":93.0,
            "용적률":946,
            "건폐율":76,
            "Y":35.105287,
            "X":128.96855,
            "rank":18.0,
            "area_info":"20평(66.91), 20평(66.59), 20평(67.48), 25평(83.75), 28평(94.29), 31평(103.79)",
            "last_sales":"2022-01-12,27000.0,20평(66.91)",
            "rank_history":[
                [
                    "202202",
                    18
                ],
                [
                    "202201",
                    19
                ]
            ],
            "rank_gap":1
        },
        {
            "index":552,
            "아파트명":"사하코오롱하늘채",
            "투자타입":"일반",
            "전용면적(m2)":"81.56",
            "전용면적(평)":"24평",
            "법정동주소":"부산시 사하구 신평동 383",
            "도로명주소":"부산시 사하구 신산북로 41",
            "세대수":90,
            "입주년차":100,
            "용적률점수":"--",
            "건폐율점수":"--",
            "세대당주차수":30,
            "난방방식":30,
            "공급면적":"--",
            "전용률":"--",
            "욕실수":100,
            "현관타입":100,
            "주거총점":79.0,
            "지역구공급총점":0.0,
            "역세권":50,
            "30분내 이동가능 거점":0,
            "1시간내 이동가능 거점":0,
            "교통총점":25.0,
            "백화점":0,
            "아울렛몰":0,
            "대형마트":0,
            "은행":20,
            "병원":0,
            "종합병원":100,
            "공원":0,
            "혐오시설":0,
            "인프라총점":22.0,
            "초등학군":89.95,
            "중학군":48.76,
            "학군총점":56.998,
            "인구수":32.93,
            "인구증감":-7.9,
            "인구총점":20.681,
            "일자리":16.09,
            "소득수준":56.78,
            "일자리총점":28.297,
            "가치 총점":47.1994,
            "매매실거래년":20211015.0,
            "매매실거래가":36623.0,
            "전세실거래년":null,
            "전세실거래가":null,
            "전세가율":null,
            "장기전세가율평균":71.65,
            "전세가율거품지수":null,
            "검색코드":128381,
            "세대수":969.0,
            "준공년월":"2022-01-01",
            "준공년차":1.0,
            "가까운역이름":"신평",
            "가까운역거리":665.74,
            "역세권여부":"준역세권",
            "30분이내주요거점역":0,
            "30분거점역이름":"[]",
            "1시간이내주요거점역":0,
            "1시간거점역이름":"[]",
            "3km이내백화점수":0,
            "5km이내아울렛몰수":0,
            "1km이내대형먀트수":0,
            "500m이내은행수":2,
            "500m이내병원수":0,
            "5km이내대형병원수":3,
            "500m이내공원수":0,
            "3km이내혐오시설수":0,
            "초등학교학업성취도":89.95,
            "중학교학업성취도":79.6,
            "용적률":204,
            "건폐율":13,
            "Y":35.093417,
            "X":128.967593,
            "rank":19.0,
            "area_info":"24평(81.56), 25평(84.03), 31평(102.84), 34평(113.37)",
            "last_sales":"2021-10-15,36623.0,34평(113.37)",
            "rank_history":[
                [
                    "202202",
                    0
                ],
                [
                    "202201",
                    9999
                ]
            ],
            "rank_gap":9999
        },
        {
            "index":109,
            "아파트명":"괴정동원맨션",
            "투자타입":"재건축",
            "전용면적(m2)":"71.11",
            "전용면적(평)":"21평",
            "법정동주소":"부산시 사하구 괴정동 442-2",
            "도로명주소":"부산시 사하구 오작로 11",
            "세대수":0,
            "입주년차":"--",
            "용적률점수":80,
            "건폐율점수":60,
            "세대당주차수":"--",
            "난방방식":"--",
            "공급면적":50,
            "전용률":80,
            "욕실수":"--",
            "현관타입":"--",
            "주거총점":50.5,
            "지역구공급총점":0.0,
            "역세권":80,
            "30분내 이동가능 거점":0,
            "1시간내 이동가능 거점":0,
            "교통총점":40.0,
            "백화점":0,
            "아울렛몰":0,
            "대형마트":80,
            "은행":70,
            "병원":0,
            "종합병원":100,
            "공원":0,
            "혐오시설":0,
            "인프라총점":39.0,
            "초등학군":90.0,
            "중학군":45.8,
            "학군총점":54.64,
            "인구수":32.93,
            "인구증감":-7.9,
            "인구총점":20.681,
            "일자리":16.09,
            "소득수준":56.78,
            "일자리총점":28.297,
            "가치 총점":46.717,
            "매매실거래년":20210823.0,
            "매매실거래가":13000.0,
            "전세실거래년":20210224.0,
            "전세실거래가":10000.0,
            "전세가율":50.38,
            "장기전세가율평균":71.65,
            "전세가율거품지수":21.27,
            "검색코드":6310,
            "세대수":105.0,
            "준공년월":"1983-09-22",
            "준공년차":40.0,
            "가까운역이름":"괴정",
            "가까운역거리":317.2,
            "역세권여부":"역세권",
            "30분이내주요거점역":0,
            "30분거점역이름":"[]",
            "1시간이내주요거점역":0,
            "1시간거점역이름":"[]",
            "3km이내백화점수":0,
            "5km이내아울렛몰수":0,
            "1km이내대형먀트수":1,
            "500m이내은행수":4,
            "500m이내병원수":0,
            "5km이내대형병원수":7,
            "500m이내공원수":0,
            "3km이내혐오시설수":0,
            "초등학교학업성취도":90.0,
            "중학교학업성취도":75.0,
            "용적률":156,
            "건폐율":30,
            "Y":35.098076,
            "X":128.995131,
            "rank":20.0,
            "area_info":"21평(71.11), 23평(76.34), 27평(91.72), 27평(91.09), 29평(96.95), 29평(96.32), 29평(96.05)",
            "last_sales":"2021-08-23,13000.0,23평(76.34)",
            "rank_history":[
                [
                    "202202",
                    20
                ],
                [
                    "202201",
                    15
                ]
            ],
            "rank_gap":-5
        },
        {
            "index":662,
            "아파트명":"사하장림역스마트W",
            "투자타입":"일반",
            "전용면적(m2)":"25.81",
            "전용면적(평)":"7평",
            "법정동주소":"부산시 사하구 장림동 1151",
            "도로명주소":"부산시 사하구 장림번영로104번길 10",
            "세대수":50,
            "입주년차":80,
            "용적률점수":"--",
            "건폐율점수":"--",
            "세대당주차수":0,
            "난방방식":30,
            "공급면적":"--",
            "전용률":"--",
            "욕실수":50,
            "현관타입":100,
            "주거총점":51.5,
            "지역구공급총점":0.0,
            "역세권":80,
            "30분내 이동가능 거점":0,
            "1시간내 이동가능 거점":0,
            "교통총점":40.0,
            "백화점":0,
            "아울렛몰":0,
            "대형마트":100,
            "은행":0,
            "병원":0,
            "종합병원":100,
            "공원":0,
            "혐오시설":0,
            "인프라총점":35.0,
            "초등학군":89.96,
            "중학군":49.64,
            "학군총점":57.704,
            "인구수":32.93,
            "인구증감":-7.9,
            "인구총점":20.681,
            "일자리":16.09,
            "소득수준":56.78,
            "일자리총점":28.297,
            "가치 총점":46.6862,
            "매매실거래년":20211125.0,
            "매매실거래가":6000.0,
            "전세실거래년":20210517.0,
            "전세실거래가":6500.0,
            "전세가율":108.33,
            "장기전세가율평균":71.65,
            "전세가율거품지수":-36.68,
            "검색코드":113006,
            "세대수":494.0,
            "준공년월":"2018-10-11",
            "준공년차":5.0,
            "가까운역이름":"장림",
            "가까운역거리":224.46,
            "역세권여부":"역세권",
            "30분이내주요거점역":0,
            "30분거점역이름":"[]",
            "1시간이내주요거점역":0,
            "1시간거점역이름":"[]",
            "3km이내백화점수":0,
            "5km이내아울렛몰수":0,
            "1km이내대형먀트수":2,
            "500m이내은행수":1,
            "500m이내병원수":0,
            "5km이내대형병원수":3,
            "500m이내공원수":0,
            "3km이내혐오시설수":0,
            "초등학교학업성취도":89.96,
            "중학교학업성취도":80.6,
            "용적률":681,
            "건폐율":54,
            "Y":35.08013,
            "X":128.976314,
            "rank":21.0,
            "area_info":"7평(25.81), 7평(25.59), 13평(44.86), 13평(45.4), 23평(76.91), 32평(108.76), 33평(111.17)",
            "last_sales":"2021-11-25,6000.0,7평(25.81)",
            "rank_history":[
                [
                    "202202",
                    21
                ],
                [
                    "202201",
                    24
                ]
            ],
            "rank_gap":3
        },
        {
            "index":253,
            "아파트명":"엔스타",
            "투자타입":"일반",
            "전용면적(m2)":"73.15",
            "전용면적(평)":"22평",
            "법정동주소":"부산시 사하구 괴정동 1275",
            "도로명주소":"부산시 사하구 낙동대로 203",
            "세대수":0,
            "입주년차":60,
            "용적률점수":"--",
            "건폐율점수":"--",
            "세대당주차수":60,
            "난방방식":30,
            "공급면적":"--",
            "전용률":"--",
            "욕실수":50,
            "현관타입":100,
            "주거총점":39.0,
            "지역구공급총점":0.0,
            "역세권":80,
            "30분내 이동가능 거점":0,
            "1시간내 이동가능 거점":0,
            "교통총점":40.0,
            "백화점":0,
            "아울렛몰":0,
            "대형마트":80,
            "은행":70,
            "병원":0,
            "종합병원":100,
            "공원":0,
            "혐오시설":0,
            "인프라총점":39.0,
            "초등학군":89.99,
            "중학군":57.06,
            "학군총점":63.646,
            "인구수":32.93,
            "인구증감":-7.9,
            "인구총점":20.681,
            "일자리":16.09,
            "소득수준":56.78,
            "일자리총점":28.297,
            "가치 총점":46.5438,
            "매매실거래년":20211116.0,
            "매매실거래가":45000.0,
            "전세실거래년":20200707.0,
            "전세실거래가":19000.0,
            "전세가율":63.76,
            "장기전세가율평균":71.65,
            "전세가율거품지수":7.89,
            "검색코드":104779,
            "세대수":234.0,
            "준공년월":"2011-09-23",
            "준공년차":12.0,
            "가까운역이름":"괴정",
            "가까운역거리":204.48,
            "역세권여부":"역세권",
            "30분이내주요거점역":0,
            "30분거점역이름":"[]",
            "1시간이내주요거점역":0,
            "1시간거점역이름":"[]",
            "3km이내백화점수":0,
            "5km이내아울렛몰수":0,
            "1km이내대형먀트수":1,
            "500m이내은행수":4,
            "500m이내병원수":0,
            "5km이내대형병원수":7,
            "500m이내공원수":0,
            "3km이내혐오시설수":0,
            "초등학교학업성취도":89.99,
            "중학교학업성취도":90.1,
            "용적률":745,
            "건폐율":75,
            "Y":35.100161,
            "X":128.994718,
            "rank":22.0,
            "area_info":"22평(73.15), 28평(94.82), 33평(109.72)",
            "last_sales":"2021-11-16,45000.0,33평(109.72)",
            "rank_history":[
                [
                    "202202",
                    22
                ],
                [
                    "202201",
                    21
                ]
            ],
            "rank_gap":-1
        },
        {
            "index":385,
            "아파트명":"다대코오롱맨션",
            "투자타입":"재건축",
            "전용면적(m2)":"50.41",
            "전용면적(평)":"15평",
            "법정동주소":"부산시 사하구 다대동 37",
            "도로명주소":"부산시 사하구 다송로 36",
            "세대수":50,
            "입주년차":"--",
            "용적률점수":100,
            "건폐율점수":40,
            "세대당주차수":"--",
            "난방방식":"--",
            "공급면적":50,
            "전용률":80,
            "욕실수":"--",
            "현관타입":"--",
            "주거총점":69.5,
            "지역구공급총점":0.0,
            "역세권":80,
            "30분내 이동가능 거점":0,
            "1시간내 이동가능 거점":0,
            "교통총점":40.0,
            "백화점":0,
            "아울렛몰":0,
            "대형마트":0,
            "은행":0,
            "병원":0,
            "종합병원":80,
            "공원":100,
            "혐오시설":0,
            "인프라총점":19.0,
            "초등학군":89.99,
            "중학군":49.88,
            "학군총점":57.902,
            "인구수":32.93,
            "인구증감":-7.9,
            "인구총점":20.681,
            "일자리":16.09,
            "소득수준":56.78,
            "일자리총점":28.297,
            "가치 총점":46.4456,
            "매매실거래년":20211028.0,
            "매매실거래가":25000.0,
            "전세실거래년":20211113.0,
            "전세실거래가":7000.0,
            "전세가율":46.67,
            "장기전세가율평균":71.65,
            "전세가율거품지수":24.98,
            "검색코드":6476,
            "세대수":520.0,
            "준공년월":"1988-07-25",
            "준공년차":35.0,
            "가까운역이름":"낫개",
            "가까운역거리":150.11,
            "역세권여부":"역세권",
            "30분이내주요거점역":0,
            "30분거점역이름":"[]",
            "1시간이내주요거점역":0,
            "1시간거점역이름":"[]",
            "3km이내백화점수":0,
            "5km이내아울렛몰수":0,
            "1km이내대형먀트수":0,
            "500m이내은행수":1,
            "500m이내병원수":0,
            "5km이내대형병원수":1,
            "500m이내공원수":8,
            "3km이내혐오시설수":0,
            "초등학교학업성취도":89.99,
            "중학교학업성취도":80.6,
            "용적률":136,
            "건폐율":38,
            "Y":35.064891,
            "X":128.981221,
            "rank":23.0,
            "area_info":"15평(50.41), 16평(54.85), 21평(69.44), 23평(76.47), 25평(84.73), 28평(93.74)",
            "last_sales":"2021-10-28,25000.0,25평(84.73)",
            "rank_history":[
                [
                    "202202",
                    23
                ],
                [
                    "202201",
                    26
                ]
            ],
            "rank_gap":3
        },
        {
            "index":525,
            "아파트명":"협진태양",
            "투자타입":"재건축",
            "전용면적(m2)":"46.35",
            "전용면적(평)":"14평",
            "법정동주소":"부산시 사하구 당리동 532",
            "도로명주소":"부산시 사하구 다대로 30",
            "세대수":0,
            "입주년차":"--",
            "용적률점수":100,
            "건폐율점수":80,
            "세대당주차수":"--",
            "난방방식":"--",
            "공급면적":50,
            "전용률":80,
            "욕실수":"--",
            "현관타입":"--",
            "주거총점":62.5,
            "지역구공급총점":0.0,
            "역세권":50,
            "30분내 이동가능 거점":0,
            "1시간내 이동가능 거점":0,
            "교통총점":25.0,
            "백화점":0,
            "아울렛몰":0,
            "대형마트":80,
            "은행":0,
            "병원":0,
            "종합병원":100,
            "공원":0,
            "혐오시설":0,
            "인프라총점":32.0,
            "초등학군":90.04,
            "중학군":49.42,
            "학군총점":57.544,
            "인구수":32.93,
            "인구증감":-7.9,
            "인구총점":20.681,
            "일자리":16.09,
            "소득수준":56.78,
            "일자리총점":28.297,
            "가치 총점":46.2382,
            "매매실거래년":20210816.0,
            "매매실거래가":22000.0,
            "전세실거래년":20210817.0,
            "전세실거래가":4500.0,
            "전세가율":22.5,
            "장기전세가율평균":71.65,
            "전세가율거품지수":49.15,
            "검색코드":6689,
            "세대수":265.0,
            "준공년월":"1982-03-31",
            "준공년차":41.0,
            "가까운역이름":"당리",
            "가까운역거리":613.18,
            "역세권여부":"준역세권",
            "30분이내주요거점역":0,
            "30분거점역이름":"[]",
            "1시간이내주요거점역":0,
            "1시간거점역이름":"[]",
            "3km이내백화점수":0,
            "5km이내아울렛몰수":0,
            "1km이내대형먀트수":1,
            "500m이내은행수":0,
            "500m이내병원수":0,
            "5km이내대형병원수":4,
            "500m이내공원수":0,
            "3km이내혐오시설수":0,
            "초등학교학업성취도":90.04,
            "중학교학업성취도":80.1,
            "용적률":108,
            "건폐율":22,
            "Y":35.098667,
            "X":128.976789,
            "rank":24.0,
            "area_info":"14평(46.35), 15평(50.35), 15평(50.31), 15평(51.97), 15평(51.04), 15평(51.93), 15평(51.05), 15평(51.03), 15평(52.43), 15평(52.43), 15평(52.44), 17평(59.18), 17평(59.21), 18평(60.86), 18평(60.89)",
            "last_sales":"2021-08-16,22000.0,15평(50.35)",
            "rank_history":[
                [
                    "202202",
                    24
                ],
                [
                    "202201",
                    17
                ]
            ],
            "rank_gap":-7
        },
        {
            "index":211,
            "아파트명":"사하오성맨션",
            "투자타입":"재건축",
            "전용면적(m2)":"60.15",
            "전용면적(평)":"18평",
            "법정동주소":"부산시 사하구 괴정동 1270-6",
            "도로명주소":"부산시 사하구 다대로 72",
            "세대수":0,
            "입주년차":"--",
            "용적률점수":100,
            "건폐율점수":80,
            "세대당주차수":"--",
            "난방방식":"--",
            "공급면적":50,
            "전용률":80,
            "욕실수":"--",
            "현관타입":"--",
            "주거총점":62.5,
            "지역구공급총점":0.0,
            "역세권":50,
            "30분내 이동가능 거점":0,
            "1시간내 이동가능 거점":0,
            "교통총점":25.0,
            "백화점":0,
            "아울렛몰":0,
            "대형마트":80,
            "은행":0,
            "병원":0,
            "종합병원":100,
            "공원":0,
            "혐오시설":0,
            "인프라총점":32.0,
            "초등학군":90.04,
            "중학군":49.42,
            "학군총점":57.544,
            "인구수":32.93,
            "인구증감":-7.9,
            "인구총점":20.681,
            "일자리":16.09,
            "소득수준":56.78,
            "일자리총점":28.297,
            "가치 총점":46.2382,
            "매매실거래년":20211116.0,
            "매매실거래가":12500.0,
            "전세실거래년":20211103.0,
            "전세실거래가":6000.0,
            "전세가율":48.0,
            "장기전세가율평균":71.65,
            "전세가율거품지수":23.65,
            "검색코드":6360,
            "세대수":192.0,
            "준공년월":"1988-11-26",
            "준공년차":35.0,
            "가까운역이름":"사하",
            "가까운역거리":609.52,
            "역세권여부":"준역세권",
            "30분이내주요거점역":0,
            "30분거점역이름":"[]",
            "1시간이내주요거점역":0,
            "1시간거점역이름":"[]",
            "3km이내백화점수":0,
            "5km이내아울렛몰수":0,
            "1km이내대형먀트수":1,
            "500m이내은행수":0,
            "500m이내병원수":0,
            "5km이내대형병원수":4,
            "500m이내공원수":0,
            "3km이내혐오시설수":0,
            "초등학교학업성취도":90.04,
            "중학교학업성취도":80.1,
            "용적률":131,
            "건폐율":25,
            "Y":35.097074,
            "X":128.97756,
            "rank":24.0,
            "area_info":"18평(60.15), 21평(72.46), 25평(83.02), 30평(100.0)",
            "last_sales":"2021-11-16,12500.0,18평(60.15)",
            "rank_history":[
                [
                    "202202",
                    24
                ],
                [
                    "202201",
                    23
                ]
            ],
            "rank_gap":-1
        },
        {
            "index":411,
            "아파트명":"부산다대푸르지오",
            "투자타입":"일반",
            "전용면적(m2)":"110.36",
            "전용면적(평)":"33평",
            "법정동주소":"부산시 사하구 다대동 1667",
            "도로명주소":"부산시 사하구 윤공단로 123",
            "세대수":90,
            "입주년차":60,
            "용적률점수":"--",
            "건폐율점수":"--",
            "세대당주차수":60,
            "난방방식":30,
            "공급면적":"--",
            "전용률":"--",
            "욕실수":100,
            "현관타입":100,
            "주거총점":75.5,
            "지역구공급총점":0.0,
            "역세권":50,
            "30분내 이동가능 거점":0,
            "1시간내 이동가능 거점":0,
            "교통총점":25.0,
            "백화점":0,
            "아울렛몰":0,
            "대형마트":0,
            "은행":0,
            "병원":0,
            "종합병원":80,
            "공원":100,
            "혐오시설":0,
            "인프라총점":19.0,
            "초등학군":89.99,
            "중학군":51.7,
            "학군총점":59.358,
            "인구수":32.93,
            "인구증감":-7.9,
            "인구총점":20.681,
            "일자리":16.09,
            "소득수준":56.78,
            "일자리총점":28.297,
            "가치 총점":46.1324,
            "매매실거래년":20220118.0,
            "매매실거래가":44000.0,
            "전세실거래년":20220110.0,
            "전세실거래가":27000.0,
            "전세가율":61.36,
            "장기전세가율평균":71.65,
            "전세가율거품지수":10.29,
            "검색코드":6469,
            "세대수":972.0,
            "준공년월":"2012-09-28",
            "준공년차":11.0,
            "가까운역이름":"다대포항",
            "가까운역거리":537.99,
            "역세권여부":"준역세권",
            "30분이내주요거점역":0,
            "30분거점역이름":"[]",
            "1시간이내주요거점역":0,
            "1시간거점역이름":"[]",
            "3km이내백화점수":0,
            "5km이내아울렛몰수":0,
            "1km이내대형먀트수":0,
            "500m이내은행수":0,
            "500m이내병원수":0,
            "5km이내대형병원수":1,
            "500m이내공원수":3,
            "3km이내혐오시설수":0,
            "초등학교학업성취도":89.99,
            "중학교학업성취도":81.9,
            "용적률":258,
            "건폐율":17,
            "Y":35.062439,
            "X":128.972356,
            "rank":25.0,
            "area_info":"33평(110.36), 33평(110.36), 33평(112.37), 39평(131.7), 39평(131.6), 40평(132.4), 46평(152.52)",
            "last_sales":"2022-01-18,44000.0,33평(110.36)",
            "rank_history":[
                [
                    "202202",
                    25
                ],
                [
                    "202201",
                    22
                ]
            ],
            "rank_gap":-3
        },
        {
            "index":196,
            "아파트명":"벽산하이츠타운",
            "투자타입":"일반",
            "전용면적(m2)":"73.86",
            "전용면적(평)":"22평",
            "법정동주소":"부산시 사하구 괴정동 352-34",
            "도로명주소":"부산시 사하구 오작로 104",
            "세대수":0,
            "입주년차":0,
            "용적률점수":"--",
            "건폐율점수":"--",
            "세대당주차수":0,
            "난방방식":30,
            "공급면적":"--",
            "전용률":"--",
            "욕실수":50,
            "현관타입":10,
            "주거총점":9.0,
            "지역구공급총점":0.0,
            "역세권":80,
            "30분내 이동가능 거점":0,
            "1시간내 이동가능 거점":0,
            "교통총점":40.0,
            "백화점":100,
            "아울렛몰":0,
            "대형마트":80,
            "은행":0,
            "병원":0,
            "종합병원":100,
            "공원":0,
            "혐오시설":0,
            "인프라총점":62.0,
            "초등학군":90.01,
            "중학군":57.06,
            "학군총점":63.65,
            "인구수":32.93,
            "인구증감":-7.9,
            "인구총점":20.681,
            "일자리":16.09,
            "소득수준":56.78,
            "일자리총점":28.297,
            "가치 총점":45.945,
            "매매실거래년":20220115.0,
            "매매실거래가":12000.0,
            "전세실거래년":20210915.0,
            "전세실거래가":9000.0,
            "전세가율":75.0,
            "장기전세가율평균":71.65,
            "전세가율거품지수":-3.35,
            "검색코드":6156,
            "세대수":299.0,
            "준공년월":"1995-11-13",
            "준공년차":28.0,
            "가까운역이름":"대티",
            "가까운역거리":485.61,
            "역세권여부":"역세권",
            "30분이내주요거점역":0,
            "30분거점역이름":"[]",
            "1시간이내주요거점역":0,
            "1시간거점역이름":"[]",
            "3km이내백화점수":1,
            "5km이내아울렛몰수":0,
            "1km이내대형먀트수":1,
            "500m이내은행수":0,
            "500m이내병원수":0,
            "5km이내대형병원수":7,
            "500m이내공원수":0,
            "3km이내혐오시설수":0,
            "초등학교학업성취도":90.01,
            "중학교학업성취도":90.1,
            "용적률":297,
            "건폐율":18,
            "Y":35.10031,
            "X":129.00399,
            "rank":26.0,
            "area_info":"22평(73.86), 31평(102.78), 40평(134.88)",
            "last_sales":"2022-01-15,12000.0,22평(73.86)",
            "rank_history":[
                [
                    "202202",
                    26
                ],
                [
                    "202201",
                    129
                ]
            ],
            "rank_gap":103
        },
        {
            "index":329,
            "아파트명":"부산구평한신휴플러스",
            "투자타입":"일반",
            "전용면적(m2)":"84.54",
            "전용면적(평)":"25평",
            "법정동주소":"부산시 사하구 구평동 497",
            "도로명주소":"부산시 사하구 을숙도대로709번길 22",
            "세대수":50,
            "입주년차":60,
            "용적률점수":"--",
            "건폐율점수":"--",
            "세대당주차수":30,
            "난방방식":30,
            "공급면적":"--",
            "전용률":"--",
            "욕실수":100,
            "현관타입":100,
            "주거총점":57.0,
            "지역구공급총점":0.0,
            "역세권":50,
            "30분내 이동가능 거점":0,
            "1시간내 이동가능 거점":0,
            "교통총점":25.0,
            "백화점":0,
            "아울렛몰":0,
            "대형마트":80,
            "은행":0,
            "병원":0,
            "종합병원":100,
            "공원":100,
            "혐오시설":0,
            "인프라총점":35.0,
            "초등학군":90.06,
            "중학군":49.54,
            "학군총점":57.644,
            "인구수":32.93,
            "인구증감":-7.9,
            "인구총점":20.681,
            "일자리":16.09,
            "소득수준":56.78,
            "일자리총점":28.297,
            "가치 총점":45.7932,
            "매매실거래년":20211203.0,
            "매매실거래가":15000.0,
            "전세실거래년":20211217.0,
            "전세실거래가":13000.0,
            "전세가율":86.67,
            "장기전세가율평균":71.65,
            "전세가율거품지수":-15.02,
            "검색코드":102930,
            "세대수":419.0,
            "준공년월":"2013-07-26",
            "준공년차":10.0,
            "가까운역이름":"장림",
            "가까운역거리":879.86,
            "역세권여부":"준역세권",
            "30분이내주요거점역":0,
            "30분거점역이름":"[]",
            "1시간이내주요거점역":0,
            "1시간거점역이름":"[]",
            "3km이내백화점수":0,
            "5km이내아울렛몰수":0,
            "1km이내대형먀트수":1,
            "500m이내은행수":0,
            "500m이내병원수":0,
            "5km이내대형병원수":5,
            "500m이내공원수":2,
            "3km이내혐오시설수":0,
            "초등학교학업성취도":90.06,
            "중학교학업성취도":80.1,
            "용적률":239,
            "건폐율":32,
            "Y":35.086955,
            "X":128.984852,
            "rank":27.0,
            "area_info":"25평(84.54), 25평(84.54), 25평(84.54), 31평(104.66), 34평(115.43)",
            "last_sales":"2021-12-03,15000.0,25평(84.54)",
            "rank_history":[
                [
                    "202202",
                    27
                ],
                [
                    "202201",
                    29
                ]
            ],
            "rank_gap":2
        },
        {
            "index":803,
            "아파트명":"하단대진",
            "투자타입":"재건축",
            "전용면적(m2)":"52.74",
            "전용면적(평)":"15평",
            "법정동주소":"부산시 사하구 하단동 605-31",
            "도로명주소":"부산시 사하구 하신중앙로 291",
            "세대수":0,
            "입주년차":"--",
            "용적률점수":100,
            "건폐율점수":40,
            "세대당주차수":"--",
            "난방방식":"--",
            "공급면적":50,
            "전용률":80,
            "욕실수":"--",
            "현관타입":"--",
            "주거총점":54.5,
            "지역구공급총점":0.0,
            "역세권":80,
            "30분내 이동가능 거점":0,
            "1시간내 이동가능 거점":10,
            "교통총점":42.0,
            "백화점":0,
            "아울렛몰":0,
            "대형마트":0,
            "은행":100,
            "병원":0,
            "종합병원":80,
            "공원":80,
            "혐오시설":0,
            "인프라총점":28.4,
            "초등학군":89.98,
            "중학군":48.76,
            "학군총점":57.004,
            "인구수":32.93,
            "인구증감":-7.9,
            "인구총점":20.681,
            "일자리":16.09,
            "소득수준":56.78,
            "일자리총점":28.297,
            "가치 총점":45.5462,
            "매매실거래년":20210708.0,
            "매매실거래가":35390.0,
            "전세실거래년":20210119.0,
            "전세실거래가":8500.0,
            "전세가율":41.46,
            "장기전세가율평균":71.65,
            "전세가율거품지수":30.19,
            "검색코드":9893,
            "세대수":240.0,
            "준공년월":"1983-09-17",
            "준공년차":40.0,
            "가까운역이름":"하단",
            "가까운역거리":399.25,
            "역세권여부":"역세권",
            "30분이내주요거점역":0,
            "30분거점역이름":"[]",
            "1시간이내주요거점역":1,
            "1시간거점역이름":"['하단']",
            "3km이내백화점수":0,
            "5km이내아울렛몰수":0,
            "1km이내대형먀트수":0,
            "500m이내은행수":7,
            "500m이내병원수":0,
            "5km이내대형병원수":1,
            "500m이내공원수":1,
            "3km이내혐오시설수":0,
            "초등학교학업성취도":89.98,
            "중학교학업성취도":79.6,
            "용적률":135,
            "건폐율":38,
            "Y":35.104646,
            "X":128.962853,
            "rank":28.0,
            "area_info":"15평(52.74), 16평(54.18), 19평(63.36), 19평(63.72), 19평(64.53), 19평(64.8), 21평(71.19), 21평(72.36), 25평(84.42), 25평(85.68)",
            "last_sales":"2021-07-08,35390.0,25평(85.68)",
            "rank_history":[
                [
                    "202202",
                    28
                ],
                [
                    "202201",
                    31
                ]
            ],
            "rank_gap":3
        },
        {
            "index":86,
            "아파트명":"경성스마트W(도시형)",
            "투자타입":"일반",
            "전용면적(m2)":"62.67",
            "전용면적(평)":"18평",
            "법정동주소":"부산시 사하구 괴정동 258",
            "도로명주소":"부산시 사하구 낙동대로 180",
            "세대수":0,
            "입주년차":80,
            "용적률점수":"--",
            "건폐율점수":"--",
            "세대당주차수":0,
            "난방방식":30,
            "공급면적":"--",
            "전용률":"--",
            "욕실수":50,
            "현관타입":100,
            "주거총점":34.0,
            "지역구공급총점":0.0,
            "역세권":80,
            "30분내 이동가능 거점":0,
            "1시간내 이동가능 거점":0,
            "교통총점":40.0,
            "백화점":0,
            "아울렛몰":0,
            "대형마트":80,
            "은행":70,
            "병원":0,
            "종합병원":100,
            "공원":0,
            "혐오시설":0,
            "인프라총점":39.0,
            "초등학군":89.99,
            "중학군":57.06,
            "학군총점":63.646,
            "인구수":32.93,
            "인구증감":-7.9,
            "인구총점":20.681,
            "일자리":16.09,
            "소득수준":56.78,
            "일자리총점":28.297,
            "가치 총점":45.2938,
            "매매실거래년":20211126.0,
            "매매실거래가":22500.0,
            "전세실거래년":20180511.0,
            "전세실거래가":14500.0,
            "전세가율":94.16,
            "장기전세가율평균":71.65,
            "전세가율거품지수":-22.51,
            "검색코드":109021,
            "세대수":182.0,
            "준공년월":"2015-08-06",
            "준공년차":8.0,
            "가까운역이름":"대티",
            "가까운역거리":332.11,
            "역세권여부":"역세권",
            "30분이내주요거점역":0,
            "30분거점역이름":"[]",
            "1시간이내주요거점역":0,
            "1시간거점역이름":"[]",
            "3km이내백화점수":0,
            "5km이내아울렛몰수":0,
            "1km이내대형먀트수":1,
            "500m이내은행수":3,
            "500m이내병원수":0,
            "5km이내대형병원수":7,
            "500m이내공원수":0,
            "3km이내혐오시설수":0,
            "초등학교학업성취도":89.99,
            "중학교학업성취도":90.1,
            "용적률":562,
            "건폐율":74,
            "Y":35.101894,
            "X":128.996636,
            "rank":29.0,
            "area_info":"18평(62.67), 20평(67.97), 20평(67.97), 20평(67.52), 20평(68.24), 20평(68.57), 20평(68.24), 20평(68.84), 20평(69.07)",
            "last_sales":"2021-11-26,22500.0,20평(69.07)",
            "rank_history":[
                [
                    "202202",
                    29
                ],
                [
                    "202201",
                    36
                ]
            ],
            "rank_gap":7
        },
        {
            "index":95,
            "아파트명":"경성스마트W2차",
            "투자타입":"일반",
            "전용면적(m2)":"75.51",
            "전용면적(평)":"22평",
            "법정동주소":"부산시 사하구 괴정동 263-1",
            "도로명주소":"부산시 사하구 낙동대로 182",
            "세대수":0,
            "입주년차":80,
            "용적률점수":"--",
            "건폐율점수":"--",
            "세대당주차수":0,
            "난방방식":30,
            "공급면적":"--",
            "전용률":"--",
            "욕실수":50,
            "현관타입":100,
            "주거총점":34.0,
            "지역구공급총점":0.0,
            "역세권":80,
            "30분내 이동가능 거점":0,
            "1시간내 이동가능 거점":0,
            "교통총점":40.0,
            "백화점":0,
            "아울렛몰":0,
            "대형마트":80,
            "은행":70,
            "병원":0,
            "종합병원":100,
            "공원":0,
            "혐오시설":0,
            "인프라총점":39.0,
            "초등학군":89.99,
            "중학군":57.06,
            "학군총점":63.646,
            "인구수":32.93,
            "인구증감":-7.9,
            "인구총점":20.681,
            "일자리":16.09,
            "소득수준":56.78,
            "일자리총점":28.297,
            "가치 총점":45.2938,
            "매매실거래년":20211224.0,
            "매매실거래가":33000.0,
            "전세실거래년":20190822.0,
            "전세실거래가":19000.0,
            "전세가율":68.35,
            "장기전세가율평균":71.65,
            "전세가율거품지수":3.3,
            "검색코드":111402,
            "세대수":123.0,
            "준공년월":"2017-08-14",
            "준공년차":6.0,
            "가까운역이름":"대티",
            "가까운역거리":377.67,
            "역세권여부":"역세권",
            "30분이내주요거점역":0,
            "30분거점역이름":"[]",
            "1시간이내주요거점역":0,
            "1시간거점역이름":"[]",
            "3km이내백화점수":0,
            "5km이내아울렛몰수":0,
            "1km이내대형먀트수":1,
            "500m이내은행수":3,
            "500m이내병원수":0,
            "5km이내대형병원수":7,
            "500m이내공원수":0,
            "3km이내혐오시설수":0,
            "초등학교학업성취도":89.99,
            "중학교학업성취도":90.1,
            "용적률":568,
            "건폐율":73,
            "Y":35.101795,
            "X":128.996141,
            "rank":29.0,
            "area_info":"22평(75.51), 23평(76.11), 24평(81.36), 25평(85.89), 28평(93.19), 30평(100.32)",
            "last_sales":"2021-12-24,33000.0,30평(100.32)",
            "rank_history":[
                [
                    "202202",
                    29
                ],
                [
                    "202201",
                    36
                ]
            ],
            "rank_gap":7
        },
        {
            "index":506,
            "아파트명":"벽산으뜸",
            "투자타입":"재건축",
            "전용면적(m2)":"77.4",
            "전용면적(평)":"23평",
            "법정동주소":"부산시 사하구 당리동 534-1",
            "도로명주소":"부산시 사하구 다대로22번길 30",
            "세대수":0,
            "입주년차":"--",
            "용적률점수":80,
            "건폐율점수":100,
            "세대당주차수":"--",
            "난방방식":"--",
            "공급면적":50,
            "전용률":80,
            "욕실수":"--",
            "현관타입":"--",
            "주거총점":58.5,
            "지역구공급총점":0.0,
            "역세권":50,
            "30분내 이동가능 거점":0,
            "1시간내 이동가능 거점":0,
            "교통총점":25.0,
            "백화점":0,
            "아울렛몰":0,
            "대형마트":80,
            "은행":0,
            "병원":0,
            "종합병원":100,
            "공원":0,
            "혐오시설":0,
            "인프라총점":32.0,
            "초등학군":90.04,
            "중학군":49.42,
            "학군총점":57.544,
            "인구수":32.93,
            "인구증감":-7.9,
            "인구총점":20.681,
            "일자리":16.09,
            "소득수준":56.78,
            "일자리총점":28.297,
            "가치 총점":45.2382,
            "매매실거래년":20211208.0,
            "매매실거래가":12000.0,
            "전세실거래년":20210723.0,
            "전세실거래가":11000.0,
            "전세가율":91.67,
            "장기전세가율평균":71.65,
            "전세가율거품지수":-20.02,
            "검색코드":6568,
            "세대수":270.0,
            "준공년월":"1992-08-27",
            "준공년차":31.0,
            "가까운역이름":"당리",
            "가까운역거리":530.66,
            "역세권여부":"준역세권",
            "30분이내주요거점역":0,
            "30분거점역이름":"[]",
            "1시간이내주요거점역":0,
            "1시간거점역이름":"[]",
            "3km이내백화점수":0,
            "5km이내아울렛몰수":0,
            "1km이내대형먀트수":1,
            "500m이내은행수":1,
            "500m이내병원수":0,
            "5km이내대형병원수":4,
            "500m이내공원수":0,
            "3km이내혐오시설수":0,
            "초등학교학업성취도":90.04,
            "중학교학업성취도":80.1,
            "용적률":166,
            "건폐율":14,
            "Y":35.099028,
            "X":128.975499,
            "rank":30.0,
            "area_info":"23평(77.4), 30평(102.41), 30평(102.37), 41평(136.17)",
            "last_sales":"2021-12-08,12000.0,23평(77.4)",
            "rank_history":[
                [
                    "202202",
                    30
                ],
                [
                    "202201",
                    25
                ]
            ],
            "rank_gap":-5
        },
        {
            "index":264,
            "아파트명":"일동지에닌",
            "투자타입":"일반",
            "전용면적(m2)":"83.28",
            "전용면적(평)":"25평",
            "법정동주소":"부산시 사하구 괴정동 571-8",
            "도로명주소":"부산시 사하구 낙동대로 301",
            "세대수":0,
            "입주년차":40,
            "용적률점수":"--",
            "건폐율점수":"--",
            "세대당주차수":30,
            "난방방식":30,
            "공급면적":"--",
            "전용률":"--",
            "욕실수":100,
            "현관타입":100,
            "주거총점":35.5,
            "지역구공급총점":0.0,
            "역세권":100,
            "30분내 이동가능 거점":0,
            "1시간내 이동가능 거점":10,
            "교통총점":52.0,
            "백화점":0,
            "아울렛몰":0,
            "대형마트":100,
            "은행":0,
            "병원":0,
            "종합병원":100,
            "공원":80,
            "혐오시설":0,
            "인프라총점":37.4,
            "초등학군":90.01,
            "중학군":49.0,
            "학군총점":57.202,
            "인구수":32.93,
            "인구증감":-7.9,
            "인구총점":20.681,
            "일자리":16.09,
            "소득수준":56.78,
            "일자리총점":28.297,
            "가치 총점":45.0556,
            "매매실거래년":20210602.0,
            "매매실거래가":35500.0,
            "전세실거래년":20211220.0,
            "전세실거래가":23000.0,
            "전세가율":64.79,
            "장기전세가율평균":71.65,
            "전세가율거품지수":6.86,
            "검색코드":17410,
            "세대수":211.0,
            "준공년월":"2004-08-10",
            "준공년차":19.0,
            "가까운역이름":"사하",
            "가까운역거리":93.19,
            "역세권여부":"초역세권",
            "30분이내주요거점역":0,
            "30분거점역이름":"[]",
            "1시간이내주요거점역":1,
            "1시간거점역이름":"['하단']",
            "3km이내백화점수":0,
            "5km이내아울렛몰수":0,
            "1km이내대형먀트수":2,
            "500m이내은행수":0,
            "500m이내병원수":0,
            "5km이내대형병원수":5,
            "500m이내공원수":1,
            "3km이내혐오시설수":0,
            "초등학교학업성취도":90.01,
            "중학교학업성취도":78.8,
            "용적률":624,
            "건폐율":55,
            "Y":35.09926,
            "X":128.98421,
            "rank":31.0,
            "area_info":"25평(83.28), 29평(97.9), 30평(102.03), 38평(126.12)",
            "last_sales":"2021-06-02,35500.0,25평(83.28)",
            "rank_history":[
                [
                    "202202",
                    31
                ],
                [
                    "202201",
                    59
                ]
            ],
            "rank_gap":28
        },
        {
            "index":674,
            "아파트명":"신세대지큐빌",
            "투자타입":"일반",
            "전용면적(m2)":"67.15",
            "전용면적(평)":"20평",
            "법정동주소":"부산시 사하구 장림동 16",
            "도로명주소":"부산시 사하구 다대로277번길 85",
            "세대수":90,
            "입주년차":20,
            "용적률점수":"--",
            "건폐율점수":"--",
            "세대당주차수":0,
            "난방방식":30,
            "공급면적":"--",
            "전용률":"--",
            "욕실수":50,
            "현관타입":50,
            "주거총점":48.5,
            "지역구공급총점":0.0,
            "역세권":80,
            "30분내 이동가능 거점":0,
            "1시간내 이동가능 거점":0,
            "교통총점":40.0,
            "백화점":0,
            "아울렛몰":0,
            "대형마트":80,
            "은행":0,
            "병원":0,
            "종합병원":100,
            "공원":0,
            "혐오시설":0,
            "인프라총점":32.0,
            "초등학군":89.97,
            "중학군":49.64,
            "학군총점":57.706,
            "인구수":32.93,
            "인구증감":-7.9,
            "인구총점":20.681,
            "일자리":16.09,
            "소득수준":56.78,
            "일자리총점":28.297,
            "가치 총점":45.0368,
            "매매실거래년":20220122.0,
            "매매실거래가":14700.0,
            "전세실거래년":20220117.0,
            "전세실거래가":9000.0,
            "전세가율":94.74,
            "장기전세가율평균":71.65,
            "전세가율거품지수":-23.09,
            "검색코드":13478,
            "세대수":990.0,
            "준공년월":"2003-04-24",
            "준공년차":20.0,
            "가까운역이름":"신장림",
            "가까운역거리":492.02,
            "역세권여부":"역세권",
            "30분이내주요거점역":0,
            "30분거점역이름":"[]",
            "1시간이내주요거점역":0,
            "1시간거점역이름":"[]",
            "3km이내백화점수":0,
            "5km이내아울렛몰수":0,
            "1km이내대형먀트수":1,
            "500m이내은행수":1,
            "500m이내병원수":0,
            "5km이내대형병원수":3,
            "500m이내공원수":0,
            "3km이내혐오시설수":0,
            "초등학교학업성취도":89.97,
            "중학교학업성취도":80.6,
            "용적률":269,
            "건폐율":18,
            "Y":35.076906,
            "X":128.98131,
            "rank":32.0,
            "area_info":"20평(67.15), 23평(77.2)",
            "last_sales":"2022-01-22,14700.0,23평(77.2)",
            "rank_history":[
                [
                    "202202",
                    32
                ],
                [
                    "202201",
                    35
                ]
            ],
            "rank_gap":3
        },
        {
            "index":745,
            "아파트명":"화천",
            "투자타입":"재건축",
            "전용면적(m2)":"59.22",
            "전용면적(평)":"17평",
            "법정동주소":"부산시 사하구 장림동 328-3",
            "도로명주소":"부산시 사하구 장림번영로 15",
            "세대수":0,
            "입주년차":"--",
            "용적률점수":80,
            "건폐율점수":40,
            "세대당주차수":"--",
            "난방방식":"--",
            "공급면적":50,
            "전용률":80,
            "욕실수":"--",
            "현관타입":"--",
            "주거총점":46.5,
            "지역구공급총점":0.0,
            "역세권":50,
            "30분내 이동가능 거점":0,
            "1시간내 이동가능 거점":0,
            "교통총점":25.0,
            "백화점":0,
            "아울렛몰":0,
            "대형마트":100,
            "은행":70,
            "병원":0,
            "종합병원":80,
            "공원":100,
            "혐오시설":0,
            "인프라총점":41.0,
            "초등학군":89.99,
            "중학군":49.64,
            "학군총점":57.71,
            "인구수":32.93,
            "인구증감":-7.9,
            "인구총점":20.681,
            "일자리":16.09,
            "소득수준":56.78,
            "일자리총점":28.297,
            "가치 총점":44.988,
            "매매실거래년":20210606.0,
            "매매실거래가":15200.0,
            "전세실거래년":null,
            "전세실거래가":null,
            "전세가율":null,
            "장기전세가율평균":71.65,
            "전세가율거품지수":null,
            "검색코드":13477,
            "세대수":160.0,
            "준공년월":"1984-06-28",
            "준공년차":39.0,
            "가까운역이름":"장림",
            "가까운역거리":874.44,
            "역세권여부":"준역세권",
            "30분이내주요거점역":0,
            "30분거점역이름":"[]",
            "1시간이내주요거점역":0,
            "1시간거점역이름":"[]",
            "3km이내백화점수":0,
            "5km이내아울렛몰수":0,
            "1km이내대형먀트수":2,
            "500m이내은행수":3,
            "500m이내병원수":0,
            "5km이내대형병원수":1,
            "500m이내공원수":2,
            "3km이내혐오시설수":0,
            "초등학교학업성취도":89.99,
            "중학교학업성취도":80.6,
            "용적률":150,
            "건폐율":39,
            "Y":35.082009,
            "X":128.967741,
            "rank":33.0,
            "area_info":"17평(59.22), 20평(67.68), 20평(69.03), 21평(71.28), 24평(80.19)",
            "last_sales":"2021-06-06,15200.0,24평(80.19)",
            "rank_history":[
                [
                    "202202",
                    33
                ],
                [
                    "202201",
                    20
                ]
            ],
            "rank_gap":-13
        },
        {
            "index":234,
            "아파트명":"새괴정화신맨션",
            "투자타입":"재건축",
            "전용면적(m2)":"55.44",
            "전용면적(평)":"16평",
            "법정동주소":"부산시 사하구 괴정동 491-3",
            "도로명주소":"부산시 사하구 사하로 147-1",
            "세대수":0,
            "입주년차":"--",
            "용적률점수":100,
            "건폐율점수":60,
            "세대당주차수":"--",
            "난방방식":"--",
            "공급면적":50,
            "전용률":80,
            "욕실수":"--",
            "현관타입":"--",
            "주거총점":58.5,
            "지역구공급총점":0.0,
            "역세권":50,
            "30분내 이동가능 거점":0,
            "1시간내 이동가능 거점":0,
            "교통총점":25.0,
            "백화점":0,
            "아울렛몰":0,
            "대형마트":80,
            "은행":20,
            "병원":0,
            "종합병원":100,
            "공원":0,
            "혐오시설":0,
            "인프라총점":34.0,
            "초등학군":90.0,
            "중학군":45.8,
            "학군총점":54.64,
            "인구수":32.93,
            "인구증감":-7.9,
            "인구총점":20.681,
            "일자리":16.09,
            "소득수준":56.78,
            "일자리총점":28.297,
            "가치 총점":44.967,
            "매매실거래년":20210828.0,
            "매매실거래가":28000.0,
            "전세실거래년":20210605.0,
            "전세실거래가":9000.0,
            "전세가율":38.46,
            "장기전세가율평균":71.65,
            "전세가율거품지수":33.19,
            "검색코드":16016,
            "세대수":100.0,
            "준공년월":"1981-09-24",
            "준공년차":42.0,
            "가까운역이름":"괴정",
            "가까운역거리":503.91,
            "역세권여부":"준역세권",
            "30분이내주요거점역":0,
            "30분거점역이름":"[]",
            "1시간이내주요거점역":0,
            "1시간거점역이름":"[]",
            "3km이내백화점수":0,
            "5km이내아울렛몰수":0,
            "1km이내대형먀트수":1,
            "500m이내은행수":2,
            "500m이내병원수":0,
            "5km이내대형병원수":7,
            "500m이내공원수":0,
            "3km이내혐오시설수":0,
            "초등학교학업성취도":90.0,
            "중학교학업성취도":75.0,
            "용적률":146,
            "건폐율":31,
            "Y":35.095417,
            "X":128.992905,
            "rank":34.0,
            "area_info":"16평(55.44), 18평(59.97), 21평(72.0), 25평(83.77)",
            "last_sales":"2021-08-28,28000.0,25평(83.77)",
            "rank_history":[
                [
                    "202202",
                    34
                ],
                [
                    "202201",
                    16
                ]
            ],
            "rank_gap":-18
        },
        {
            "index":153,
            "아파트명":"괴정협성휴포레",
            "투자타입":"일반",
            "전용면적(m2)":"110.68",
            "전용면적(평)":"33평",
            "법정동주소":"부산시 사하구 괴정동 952-1",
            "도로명주소":"부산시 사하구 사하로 183",
            "세대수":0,
            "입주년차":80,
            "용적률점수":"--",
            "건폐율점수":"--",
            "세대당주차수":30,
            "난방방식":30,
            "공급면적":"--",
            "전용률":"--",
            "욕실수":100,
            "현관타입":100,
            "주거총점":43.5,
            "지역구공급총점":0.0,
            "역세권":80,
            "30분내 이동가능 거점":0,
            "1시간내 이동가능 거점":0,
            "교통총점":40.0,
            "백화점":0,
            "아울렛몰":0,
            "대형마트":80,
            "은행":70,
            "병원":0,
            "종합병원":100,
            "공원":0,
            "혐오시설":0,
            "인프라총점":39.0,
            "초등학군":90.0,
            "중학군":45.8,
            "학군총점":54.64,
            "인구수":32.93,
            "인구증감":-7.9,
            "인구총점":20.681,
            "일자리":16.09,
            "소득수준":56.78,
            "일자리총점":28.297,
            "가치 총점":44.967,
            "매매실거래년":20210620.0,
            "매매실거래가":50300.0,
            "전세실거래년":20211020.0,
            "전세실거래가":39000.0,
            "전세가율":75.0,
            "장기전세가율평균":71.65,
            "전세가율거품지수":-3.35,
            "검색코드":107712,
            "세대수":299.0,
            "준공년월":"2016-05-25",
            "준공년차":7.0,
            "가까운역이름":"괴정",
            "가까운역거리":267.73,
            "역세권여부":"역세권",
            "30분이내주요거점역":0,
            "30분거점역이름":"[]",
            "1시간이내주요거점역":0,
            "1시간거점역이름":"[]",
            "3km이내백화점수":0,
            "5km이내아울렛몰수":0,
            "1km이내대형먀트수":1,
            "500m이내은행수":4,
            "500m이내병원수":0,
            "5km이내대형병원수":7,
            "500m이내공원수":0,
            "3km이내혐오시설수":0,
            "초등학교학업성취도":90.0,
            "중학교학업성취도":75.0,
            "용적률":589,
            "건폐율":36,
            "Y":35.097627,
            "X":128.993322,
            "rank":34.0,
            "area_info":"33평(110.68), 33평(110.62), 33평(110.1), 33평(110.46), 33평(110.04), 33평(110.78), 33평(110.21), 40평(132.86), 40평(133.5), 40평(133.0), 43평(144.15)",
            "last_sales":"2021-06-20,50300.0,33평(110.78)",
            "rank_history":[
                [
                    "202202",
                    34
                ],
                [
                    "202201",
                    27
                ]
            ],
            "rank_gap":-7
        },
        {
            "index":101,
            "아파트명":"괴정K스타파크",
            "투자타입":"일반",
            "전용면적(m2)":"78.95",
            "전용면적(평)":"23평",
            "법정동주소":"부산시 사하구 괴정동 1278",
            "도로명주소":"부산시 사하구 사리로70번길 24",
            "세대수":0,
            "입주년차":80,
            "용적률점수":"--",
            "건폐율점수":"--",
            "세대당주차수":0,
            "난방방식":30,
            "공급면적":"--",
            "전용률":"--",
            "욕실수":100,
            "현관타입":100,
            "주거총점":39.0,
            "지역구공급총점":0.0,
            "역세권":80,
            "30분내 이동가능 거점":0,
            "1시간내 이동가능 거점":10,
            "교통총점":42.0,
            "백화점":0,
            "아울렛몰":0,
            "대형마트":80,
            "은행":0,
            "병원":0,
            "종합병원":100,
            "공원":0,
            "혐오시설":0,
            "인프라총점":32.0,
            "초등학군":89.99,
            "중학군":57.06,
            "학군총점":63.646,
            "인구수":32.93,
            "인구증감":-7.9,
            "인구총점":20.681,
            "일자리":16.09,
            "소득수준":56.78,
            "일자리총점":28.297,
            "가치 총점":44.7438,
            "매매실거래년":20211230.0,
            "매매실거래가":23200.0,
            "전세실거래년":20210605.0,
            "전세실거래가":18000.0,
            "전세가율":77.59,
            "장기전세가율평균":71.65,
            "전세가율거품지수":-5.94,
            "검색코드":105008,
            "세대수":248.0,
            "준공년월":"2015-01-13",
            "준공년차":8.0,
            "가까운역이름":"대티",
            "가까운역거리":245.86,
            "역세권여부":"역세권",
            "30분이내주요거점역":0,
            "30분거점역이름":"[]",
            "1시간이내주요거점역":1,
            "1시간거점역이름":"['하단']",
            "3km이내백화점수":0,
            "5km이내아울렛몰수":0,
            "1km이내대형먀트수":1,
            "500m이내은행수":0,
            "500m이내병원수":0,
            "5km이내대형병원수":8,
            "500m이내공원수":0,
            "3km이내혐오시설수":0,
            "초등학교학업성취도":89.99,
            "중학교학업성취도":90.1,
            "용적률":193,
            "건폐율":22,
            "Y":35.105258,
            "X":129.00079,
            "rank":35.0,
            "area_info":"23평(78.95), 24평(80.36), 26평(89.05), 27평(89.3), 29평(97.49), 34평(112.41)",
            "last_sales":"2021-12-30,23200.0,23평(78.95)",
            "rank_history":[
                [
                    "202202",
                    35
                ],
                [
                    "202201",
                    55
                ]
            ],
            "rank_gap":20
        },
        {
            "index":123,
            "아파트명":"괴정어반푸르지오",
            "투자타입":"일반",
            "전용면적(m2)":"46.16",
            "전용면적(평)":"13평",
            "법정동주소":"부산시 사하구 괴정동 950-2",
            "도로명주소":"부산시 사하구 사하로 189",
            "세대수":0,
            "입주년차":100,
            "용적률점수":"--",
            "건폐율점수":"--",
            "세대당주차수":30,
            "난방방식":30,
            "공급면적":"--",
            "전용률":"--",
            "욕실수":50,
            "현관타입":100,
            "주거총점":42.5,
            "지역구공급총점":0.0,
            "역세권":80,
            "30분내 이동가능 거점":0,
            "1시간내 이동가능 거점":0,
            "교통총점":40.0,
            "백화점":0,
            "아울렛몰":0,
            "대형마트":80,
            "은행":70,
            "병원":0,
            "종합병원":100,
            "공원":0,
            "혐오시설":0,
            "인프라총점":39.0,
            "초등학군":90.0,
            "중학군":45.8,
            "학군총점":54.64,
            "인구수":32.93,
            "인구증감":-7.9,
            "인구총점":20.681,
            "일자리":16.09,
            "소득수준":56.78,
            "일자리총점":28.297,
            "가치 총점":44.717,
            "매매실거래년":20210410.0,
            "매매실거래가":35900.0,
            "전세실거래년":20210218.0,
            "전세실거래가":10000.0,
            "전세가율":64.31,
            "장기전세가율평균":71.65,
            "전세가율거품지수":7.34,
            "검색코드":112507,
            "세대수":152.0,
            "준공년월":"2019-02-15",
            "준공년차":4.0,
            "가까운역이름":"괴정",
            "가까운역거리":178.64,
            "역세권여부":"역세권",
            "30분이내주요거점역":0,
            "30분거점역이름":"[]",
            "1시간이내주요거점역":0,
            "1시간거점역이름":"[]",
            "3km이내백화점수":0,
            "5km이내아울렛몰수":0,
            "1km이내대형먀트수":1,
            "500m이내은행수":4,
            "500m이내병원수":0,
            "5km이내대형병원수":7,
            "500m이내공원수":0,
            "3km이내혐오시설수":0,
            "초등학교학업성취도":90.0,
            "중학교학업성취도":75.0,
            "용적률":886,
            "건폐율":69,
            "Y":35.098544,
            "X":128.993468,
            "rank":36.0,
            "area_info":"13평(46.16), 13평(46.17), 23평(76.32), 23평(77.15), 27평(91.13), 29평(97.55)",
            "last_sales":"2021-04-10,35900.0,29평(97.55)",
            "rank_history":[
                [
                    "202202",
                    36
                ],
                [
                    "202201",
                    30
                ]
            ],
            "rank_gap":-6
        },
        {
            "index":436,
            "아파트명":"조성",
            "투자타입":"재건축",
            "전용면적(m2)":"61.45",
            "전용면적(평)":"18평",
            "법정동주소":"부산시 사하구 다대동 948-1",
            "도로명주소":"부산시 사하구 윤공단로17번길 103",
            "세대수":50,
            "입주년차":"--",
            "용적률점수":100,
            "건폐율점수":80,
            "세대당주차수":"--",
            "난방방식":"--",
            "공급면적":50,
            "전용률":80,
            "욕실수":"--",
            "현관타입":"--",
            "주거총점":77.5,
            "지역구공급총점":0.0,
            "역세권":80,
            "30분내 이동가능 거점":0,
            "1시간내 이동가능 거점":0,
            "교통총점":40.0,
            "백화점":0,
            "아울렛몰":0,
            "대형마트":0,
            "은행":20,
            "병원":0,
            "종합병원":0,
            "공원":100,
            "혐오시설":0,
            "인프라총점":5.0,
            "초등학군":89.99,
            "중학군":51.7,
            "학군총점":59.358,
            "인구수":32.93,
            "인구증감":-7.9,
            "인구총점":20.681,
            "일자리":16.09,
            "소득수준":56.78,
            "일자리총점":28.297,
            "가치 총점":44.6824,
            "매매실거래년":20220111.0,
            "매매실거래가":12250.0,
            "전세실거래년":20211218.0,
            "전세실거래가":4000.0,
            "전세가율":32.65,
            "장기전세가율평균":71.65,
            "전세가율거품지수":39.0,
            "검색코드":15516,
            "세대수":408.0,
            "준공년월":"1990-03-31",
            "준공년차":33.0,
            "가까운역이름":"다대포항",
            "가까운역거리":453.12,
            "역세권여부":"역세권",
            "30분이내주요거점역":0,
            "30분거점역이름":"[]",
            "1시간이내주요거점역":0,
            "1시간거점역이름":"[]",
            "3km이내백화점수":0,
            "5km이내아울렛몰수":0,
            "1km이내대형먀트수":0,
            "500m이내은행수":2,
            "500m이내병원수":0,
            "5km이내대형병원수":0,
            "500m이내공원수":3,
            "3km이내혐오시설수":0,
            "초등학교학업성취도":89.99,
            "중학교학업성취도":81.9,
            "용적률":125,
            "건폐율":25,
            "Y":35.056445,
            "X":128.966562,
            "rank":37.0,
            "area_info":"18평(61.45), 21평(72.51)",
            "last_sales":"2022-01-11,12250.0,18평(61.45)",
            "rank_history":[
                [
                    "202202",
                    37
                ],
                [
                    "202201",
                    37
                ]
            ],
            "rank_gap":0
        },
        {
            "index":438,
            "아파트명":"경보이리스힐당리",
            "투자타입":"일반",
            "전용면적(m2)":"87.94",
            "전용면적(평)":"26평",
            "법정동주소":"부산시 사하구 당리동 577",
            "도로명주소":"부산시 사하구 승학로71번길 146",
            "세대수":0,
            "입주년차":80,
            "용적률점수":"--",
            "건폐율점수":"--",
            "세대당주차수":30,
            "난방방식":30,
            "공급면적":"--",
            "전용률":"--",
            "욕실수":100,
            "현관타입":100,
            "주거총점":43.5,
            "지역구공급총점":0.0,
            "역세권":50,
            "30분내 이동가능 거점":0,
            "1시간내 이동가능 거점":0,
            "교통총점":25.0,
            "백화점":0,
            "아울렛몰":0,
            "대형마트":80,
            "은행":70,
            "병원":0,
            "종합병원":100,
            "공원":80,
            "혐오시설":0,
            "인프라총점":41.4,
            "초등학군":90.0,
            "중학군":49.42,
            "학군총점":57.536,
            "인구수":32.93,
            "인구증감":-7.9,
            "인구총점":20.681,
            "일자리":16.09,
            "소득수준":56.78,
            "일자리총점":28.297,
            "가치 총점":44.3058,
            "매매실거래년":20220109.0,
            "매매실거래가":23500.0,
            "전세실거래년":20220113.0,
            "전세실거래가":17500.0,
            "전세가율":74.47,
            "장기전세가율평균":71.65,
            "전세가율거품지수":-2.82,
            "검색코드":109020,
            "세대수":279.0,
            "준공년월":"2017-04-26",
            "준공년차":6.0,
            "가까운역이름":"당리",
            "가까운역거리":803.91,
            "역세권여부":"준역세권",
            "30분이내주요거점역":0,
            "30분거점역이름":"[]",
            "1시간이내주요거점역":0,
            "1시간거점역이름":"[]",
            "3km이내백화점수":0,
            "5km이내아울렛몰수":0,
            "1km이내대형먀트수":1,
            "500m이내은행수":3,
            "500m이내병원수":0,
            "5km이내대형병원수":5,
            "500m이내공원수":1,
            "3km이내혐오시설수":0,
            "초등학교학업성취도":90.0,
            "중학교학업성취도":80.1,
            "용적률":239,
            "건폐율":54,
            "Y":35.108521,
            "X":128.980133,
            "rank":38.0,
            "area_info":"26평(87.94), 28평(94.49), 31평(103.84)",
            "last_sales":"2022-01-09,23500.0,26평(87.94)",
            "rank_history":[
                [
                    "202202",
                    38
                ],
                [
                    "202201",
                    38
                ]
            ],
            "rank_gap":0
        },
        {
            "index":819,
            "아파트명":"하단청구",
            "투자타입":"일반",
            "전용면적(m2)":"78.73",
            "전용면적(평)":"23평",
            "법정동주소":"부산시 사하구 하단동 717-1",
            "도로명주소":"부산시 사하구 낙동대로520번길 14",
            "세대수":50,
            "입주년차":20,
            "용적률점수":"--",
            "건폐율점수":"--",
            "세대당주차수":0,
            "난방방식":30,
            "공급면적":"--",
            "전용률":"--",
            "욕실수":50,
            "현관타입":100,
            "주거총점":39.5,
            "지역구공급총점":0.0,
            "역세권":80,
            "30분내 이동가능 거점":0,
            "1시간내 이동가능 거점":10,
            "교통총점":42.0,
            "백화점":0,
            "아울렛몰":0,
            "대형마트":0,
            "은행":70,
            "병원":0,
            "종합병원":100,
            "공원":80,
            "혐오시설":0,
            "인프라총점":29.4,
            "초등학군":89.98,
            "중학군":57.48,
            "학군총점":63.98,
            "인구수":32.93,
            "인구증감":-7.9,
            "인구총점":20.681,
            "일자리":16.09,
            "소득수준":56.78,
            "일자리총점":28.297,
            "가치 총점":44.189,
            "매매실거래년":20211217.0,
            "매매실거래가":39500.0,
            "전세실거래년":20210826.0,
            "전세실거래가":16000.0,
            "전세가율":80.0,
            "장기전세가율평균":71.65,
            "전세가율거품지수":-8.35,
            "검색코드":7102,
            "세대수":448.0,
            "준공년월":"1999-02-13",
            "준공년차":24.0,
            "가까운역이름":"하단",
            "가까운역거리":479.44,
            "역세권여부":"역세권",
            "30분이내주요거점역":0,
            "30분거점역이름":"[]",
            "1시간이내주요거점역":1,
            "1시간거점역이름":"['하단']",
            "3km이내백화점수":0,
            "5km이내아울렛몰수":0,
            "1km이내대형먀트수":0,
            "500m이내은행수":3,
            "500m이내병원수":0,
            "5km이내대형병원수":3,
            "500m이내공원수":1,
            "3km이내혐오시설수":0,
            "초등학교학업성취도":89.98,
            "중학교학업성취도":93.0,
            "용적률":338,
            "건폐율":19,
            "Y":35.11052,
            "X":128.96741,
            "rank":39.0,
            "area_info":"23평(78.73), 31평(105.43), 45평(151.97), 60평(198.85)",
            "last_sales":"2021-12-17,39500.0,45평(151.97)",
            "rank_history":[
                [
                    "202202",
                    39
                ],
                [
                    "202201",
                    50
                ]
            ],
            "rank_gap":11
        },
        {
            "index":647,
            "아파트명":"동원로얄듀크",
            "투자타입":"일반",
            "전용면적(m2)":"83.14",
            "전용면적(평)":"25평",
            "법정동주소":"부산시 사하구 장림동 875",
            "도로명주소":"부산시 사하구 하신중앙로 2",
            "세대수":100,
            "입주년차":40,
            "용적률점수":"--",
            "건폐율점수":"--",
            "세대당주차수":30,
            "난방방식":30,
            "공급면적":"--",
            "전용률":"--",
            "욕실수":100,
            "현관타입":100,
            "주거총점":70.5,
            "지역구공급총점":0.0,
            "역세권":0,
            "30분내 이동가능 거점":0,
            "1시간내 이동가능 거점":0,
            "교통총점":0.0,
            "백화점":0,
            "아울렛몰":0,
            "대형마트":80,
            "은행":0,
            "병원":0,
            "종합병원":80,
            "공원":80,
            "혐오시설":0,
            "인프라총점":30.4,
            "초등학군":89.99,
            "중학군":49.64,
            "학군총점":57.71,
            "인구수":32.93,
            "인구증감":-7.9,
            "인구총점":20.681,
            "일자리":16.09,
            "소득수준":56.78,
            "일자리총점":28.297,
            "가치 총점":44.058,
            "매매실거래년":20220122.0,
            "매매실거래가":23000.0,
            "전세실거래년":20220125.0,
            "전세실거래가":11550.0,
            "전세가율":74.52,
            "장기전세가율평균":71.65,
            "전세가율거품지수":-2.87,
            "검색코드":10199,
            "세대수":1973.0,
            "준공년월":"2005-01-04",
            "준공년차":18.0,
            "가까운역이름":"신장림",
            "가까운역거리":1135.13,
            "역세권여부":"비역세권",
            "30분이내주요거점역":0,
            "30분거점역이름":"[]",
            "1시간이내주요거점역":0,
            "1시간거점역이름":"[]",
            "3km이내백화점수":0,
            "5km이내아울렛몰수":0,
            "1km이내대형먀트수":1,
            "500m이내은행수":1,
            "500m이내병원수":0,
            "5km이내대형병원수":1,
            "500m이내공원수":1,
            "3km이내혐오시설수":0,
            "초등학교학업성취도":89.99,
            "중학교학업성취도":80.6,
            "용적률":282,
            "건폐율":16,
            "Y":35.078174,
            "X":128.964845,
            "rank":40.0,
            "area_info":"25평(83.14), 34평(114.9)",
            "last_sales":"2022-01-22,23000.0,34평(114.9)",
            "rank_history":[
                [
                    "202202",
                    40
                ],
                [
                    "202201",
                    33
                ]
            ],
            "rank_gap":-7
        },
        {
            "index":625,
            "아파트명":"강남",
            "투자타입":"재건축",
            "전용면적(m2)":"92.79",
            "전용면적(평)":"28평",
            "법정동주소":"부산시 사하구 장림동 566-7",
            "도로명주소":"부산시 사하구 장평로41번길 61",
            "세대수":50,
            "입주년차":"--",
            "용적률점수":60,
            "건폐율점수":100,
            "세대당주차수":"--",
            "난방방식":"--",
            "공급면적":70,
            "전용률":80,
            "욕실수":"--",
            "현관타입":"--",
            "주거총점":66.5,
            "지역구공급총점":0.0,
            "역세권":50,
            "30분내 이동가능 거점":0,
            "1시간내 이동가능 거점":0,
            "교통총점":25.0,
            "백화점":0,
            "아울렛몰":0,
            "대형마트":0,
            "은행":70,
            "병원":0,
            "종합병원":80,
            "공원":0,
            "혐오시설":0,
            "인프라총점":23.0,
            "초등학군":89.97,
            "중학군":46.52,
            "학군총점":55.21,
            "인구수":32.93,
            "인구증감":-7.9,
            "인구총점":20.681,
            "일자리":16.09,
            "소득수준":56.78,
            "일자리총점":28.297,
            "가치 총점":43.838,
            "매매실거래년":20211126.0,
            "매매실거래가":14800.0,
            "전세실거래년":20210622.0,
            "전세실거래가":11000.0,
            "전세가율":100.0,
            "장기전세가율평균":71.65,
            "전세가율거품지수":-28.35,
            "검색코드":6906,
            "세대수":447.0,
            "준공년월":"1992-06-30",
            "준공년차":31.0,
            "가까운역이름":"신장림",
            "가까운역거리":595.17,
            "역세권여부":"준역세권",
            "30분이내주요거점역":0,
            "30분거점역이름":"[]",
            "1시간이내주요거점역":0,
            "1시간거점역이름":"[]",
            "3km이내백화점수":0,
            "5km이내아울렛몰수":0,
            "1km이내대형먀트수":0,
            "500m이내은행수":4,
            "500m이내병원수":0,
            "5km이내대형병원수":1,
            "500m이내공원수":0,
            "3km이내혐오시설수":0,
            "초등학교학업성취도":89.97,
            "중학교학업성취도":75.4,
            "용적률":186,
            "건폐율":16,
            "Y":35.072267,
            "X":128.970795,
            "rank":41.0,
            "area_info":"28평(92.79), 30평(101.2), 32평(108.04)",
            "last_sales":"2021-11-26,14800.0,30평(101.2)",
            "rank_history":[
                [
                    "202202",
                    41
                ],
                [
                    "202201",
                    41
                ]
            ],
            "rank_gap":0
        },
        {
            "index":641,
            "아파트명":"동원3차",
            "투자타입":"일반",
            "전용면적(m2)":"80.38",
            "전용면적(평)":"24평",
            "법정동주소":"부산시 사하구 장림동 185-1",
            "도로명주소":"부산시 사하구 다대로227번길 37",
            "세대수":50,
            "입주년차":20,
            "용적률점수":"--",
            "건폐율점수":"--",
            "세대당주차수":0,
            "난방방식":30,
            "공급면적":"--",
            "전용률":"--",
            "욕실수":50,
            "현관타입":100,
            "주거총점":39.5,
            "지역구공급총점":0.0,
            "역세권":80,
            "30분내 이동가능 거점":0,
            "1시간내 이동가능 거점":0,
            "교통총점":40.0,
            "백화점":0,
            "아울렛몰":0,
            "대형마트":100,
            "은행":0,
            "병원":0,
            "종합병원":100,
            "공원":0,
            "혐오시설":0,
            "인프라총점":35.0,
            "초등학군":89.96,
            "중학군":49.64,
            "학군총점":57.704,
            "인구수":32.93,
            "인구증감":-7.9,
            "인구총점":20.681,
            "일자리":16.09,
            "소득수준":56.78,
            "일자리총점":28.297,
            "가치 총점":43.6862,
            "매매실거래년":20211120.0,
            "매매실거래가":20500.0,
            "전세실거래년":null,
            "전세실거래가":null,
            "전세가율":null,
            "장기전세가율평균":71.65,
            "전세가율거품지수":null,
            "검색코드":10983,
            "세대수":402.0,
            "준공년월":"1999-10-20",
            "준공년차":24.0,
            "가까운역이름":"장림",
            "가까운역거리":169.17,
            "역세권여부":"역세권",
            "30분이내주요거점역":0,
            "30분거점역이름":"[]",
            "1시간이내주요거점역":0,
            "1시간거점역이름":"[]",
            "3km이내백화점수":0,
            "5km이내아울렛몰수":0,
            "1km이내대형먀트수":2,
            "500m이내은행수":1,
            "500m이내병원수":0,
            "5km이내대형병원수":3,
            "500m이내공원수":0,
            "3km이내혐오시설수":0,
            "초등학교학업성취도":89.96,
            "중학교학업성취도":80.6,
            "용적률":315,
            "건폐율":17,
            "Y":35.081037,
            "X":128.978827,
            "rank":42.0,
            "area_info":"24평(80.38), 24평(80.38), 26평(87.99), 28평(92.67), 30평(102.33), 32평(107.73)",
            "last_sales":"2021-11-20,20500.0,32평(107.73)",
            "rank_history":[
                [
                    "202202",
                    42
                ],
                [
                    "202201",
                    46
                ]
            ],
            "rank_gap":4
        },
        {
            "index":713,
            "아파트명":"장림윌더하임",
            "투자타입":"일반",
            "전용면적(m2)":"79.99",
            "전용면적(평)":"24평",
            "법정동주소":"부산시 사하구 장림동 599-27",
            "도로명주소":"부산시 사하구 장평로 119",
            "세대수":30,
            "입주년차":40,
            "용적률점수":"--",
            "건폐율점수":"--",
            "세대당주차수":30,
            "난방방식":30,
            "공급면적":"--",
            "전용률":"--",
            "욕실수":50,
            "현관타입":100,
            "주거총점":41.0,
            "지역구공급총점":0.0,
            "역세권":50,
            "30분내 이동가능 거점":0,
            "1시간내 이동가능 거점":0,
            "교통총점":25.0,
            "백화점":0,
            "아울렛몰":0,
            "대형마트":100,
            "은행":100,
            "병원":0,
            "종합병원":80,
            "공원":0,
            "혐오시설":0,
            "인프라총점":41.0,
            "초등학군":89.97,
            "중학군":49.64,
            "학군총점":57.706,
            "인구수":32.93,
            "인구증감":-7.9,
            "인구총점":20.681,
            "일자리":16.09,
            "소득수준":56.78,
            "일자리총점":28.297,
            "가치 총점":43.6118,
            "매매실거래년":20210730.0,
            "매매실거래가":20800.0,
            "전세실거래년":null,
            "전세실거래가":null,
            "전세가율":null,
            "장기전세가율평균":71.65,
            "전세가율거품지수":null,
            "검색코드":13962,
            "세대수":392.0,
            "준공년월":"2005-11-15",
            "준공년차":18.0,
            "가까운역이름":"신장림",
            "가까운역거리":505.02,
            "역세권여부":"준역세권",
            "30분이내주요거점역":0,
            "30분거점역이름":"[]",
            "1시간이내주요거점역":0,
            "1시간거점역이름":"[]",
            "3km이내백화점수":0,
            "5km이내아울렛몰수":0,
            "1km이내대형먀트수":2,
            "500m이내은행수":7,
            "500m이내병원수":0,
            "5km이내대형병원수":1,
            "500m이내공원수":0,
            "3km이내혐오시설수":0,
            "초등학교학업성취도":89.97,
            "중학교학업성취도":80.6,
            "용적률":240,
            "건폐율":15,
            "Y":35.076893,
            "X":128.971705,
            "rank":43.0,
            "area_info":"24평(79.99), 24평(81.58), 28평(94.06), 33평(109.39)",
            "last_sales":"2021-07-30,20800.0,33평(109.39)",
            "rank_history":[
                [
                    "202202",
                    43
                ],
                [
                    "202201",
                    39
                ]
            ],
            "rank_gap":-4
        },
        {
            "index":733,
            "아파트명":"장림협진태양",
            "투자타입":"재건축",
            "전용면적(m2)":"60.74",
            "전용면적(평)":"18평",
            "법정동주소":"부산시 사하구 장림동 65",
            "도로명주소":"부산시 사하구 두송로 32",
            "세대수":0,
            "입주년차":"--",
            "용적률점수":80,
            "건폐율점수":20,
            "세대당주차수":"--",
            "난방방식":"--",
            "공급면적":50,
            "전용률":80,
            "욕실수":"--",
            "현관타입":"--",
            "주거총점":42.5,
            "지역구공급총점":0.0,
            "역세권":80,
            "30분내 이동가능 거점":0,
            "1시간내 이동가능 거점":0,
            "교통총점":40.0,
            "백화점":0,
            "아울렛몰":0,
            "대형마트":80,
            "은행":0,
            "병원":0,
            "종합병원":100,
            "공원":0,
            "혐오시설":0,
            "인프라총점":32.0,
            "초등학군":89.96,
            "중학군":49.64,
            "학군총점":57.704,
            "인구수":32.93,
            "인구증감":-7.9,
            "인구총점":20.681,
            "일자리":16.09,
            "소득수준":56.78,
            "일자리총점":28.297,
            "가치 총점":43.5362,
            "매매실거래년":20211216.0,
            "매매실거래가":9000.0,
            "전세실거래년":20210930.0,
            "전세실거래가":6300.0,
            "전세가율":70.0,
            "장기전세가율평균":71.65,
            "전세가율거품지수":1.65,
            "검색코드":7083,
            "세대수":148.0,
            "준공년월":"1989-05-02",
            "준공년차":34.0,
            "가까운역이름":"장림",
            "가까운역거리":445.77,
            "역세권여부":"역세권",
            "30분이내주요거점역":0,
            "30분거점역이름":"[]",
            "1시간이내주요거점역":0,
            "1시간거점역이름":"[]",
            "3km이내백화점수":0,
            "5km이내아울렛몰수":0,
            "1km이내대형먀트수":1,
            "500m이내은행수":1,
            "500m이내병원수":0,
            "5km이내대형병원수":3,
            "500m이내공원수":0,
            "3km이내혐오시설수":0,
            "초등학교학업성취도":89.96,
            "중학교학업성취도":80.6,
            "용적률":165,
            "건폐율":41,
            "Y":35.078487,
            "X":128.979794,
            "rank":44.0,
            "area_info":"18평(60.74), 23평(76.41), 24평(79.39), 29평(96.71), 30평(100.03)",
            "last_sales":"2021-12-16,9000.0,18평(60.74)",
            "rank_history":[
                [
                    "202202",
                    44
                ],
                [
                    "202201",
                    47
                ]
            ],
            "rank_gap":3
        },
        {
            "index":705,
            "아파트명":"장림역사하베스티움",
            "투자타입":"일반",
            "전용면적(m2)":"63.13",
            "전용면적(평)":"19평",
            "법정동주소":"부산시 사하구 장림동 340-8",
            "도로명주소":"부산시 사하구 장림번영로 96",
            "세대수":0,
            "입주년차":80,
            "용적률점수":"--",
            "건폐율점수":"--",
            "세대당주차수":30,
            "난방방식":30,
            "공급면적":"--",
            "전용률":"--",
            "욕실수":50,
            "현관타입":100,
            "주거총점":38.5,
            "지역구공급총점":0.0,
            "역세권":80,
            "30분내 이동가능 거점":0,
            "1시간내 이동가능 거점":0,
            "교통총점":40.0,
            "백화점":0,
            "아울렛몰":0,
            "대형마트":100,
            "은행":0,
            "병원":0,
            "종합병원":100,
            "공원":0,
            "혐오시설":0,
            "인프라총점":35.0,
            "초등학군":89.96,
            "중학군":49.64,
            "학군총점":57.704,
            "인구수":32.93,
            "인구증감":-7.9,
            "인구총점":20.681,
            "일자리":16.09,
            "소득수준":56.78,
            "일자리총점":28.297,
            "가치 총점":43.4362,
            "매매실거래년":20220107.0,
            "매매실거래가":18800.0,
            "전세실거래년":20210730.0,
            "전세실거래가":15000.0,
            "전세가율":79.79,
            "장기전세가율평균":71.65,
            "전세가율거품지수":-8.14,
            "검색코드":110584,
            "세대수":202.0,
            "준공년월":"2017-12-15",
            "준공년차":6.0,
            "가까운역이름":"장림",
            "가까운역거리":244.01,
            "역세권여부":"역세권",
            "30분이내주요거점역":0,
            "30분거점역이름":"[]",
            "1시간이내주요거점역":0,
            "1시간거점역이름":"[]",
            "3km이내백화점수":0,
            "5km이내아울렛몰수":0,
            "1km이내대형먀트수":2,
            "500m이내은행수":1,
            "500m이내병원수":0,
            "5km이내대형병원수":3,
            "500m이내공원수":0,
            "3km이내혐오시설수":0,
            "초등학교학업성취도":89.96,
            "중학교학업성취도":80.6,
            "용적률":387,
            "건폐율":33,
            "Y":35.080244,
            "X":128.975682,
            "rank":45.0,
            "area_info":"19평(63.13), 21평(71.55), 21평(72.38), 24평(81.17)",
            "last_sales":"2022-01-07,18800.0,19평(63.13)",
            "rank_history":[
                [
                    "202202",
                    45
                ],
                [
                    "202201",
                    48
                ]
            ],
            "rank_gap":3
        },
        {
            "index":510,
            "아파트명":"부영벽산블루밍",
            "투자타입":"일반",
            "전용면적(m2)":"80.21",
            "전용면적(평)":"24평",
            "법정동주소":"부산시 사하구 당리동 66",
            "도로명주소":"부산시 사하구 승학로71번길 60",
            "세대수":0,
            "입주년차":60,
            "용적률점수":"--",
            "건폐율점수":"--",
            "세대당주차수":30,
            "난방방식":30,
            "공급면적":"--",
            "전용률":"--",
            "욕실수":100,
            "현관타입":50,
            "주거총점":34.5,
            "지역구공급총점":0.0,
            "역세권":80,
            "30분내 이동가능 거점":0,
            "1시간내 이동가능 거점":0,
            "교통총점":40.0,
            "백화점":0,
            "아울렛몰":0,
            "대형마트":80,
            "은행":20,
            "병원":0,
            "종합병원":100,
            "공원":100,
            "혐오시설":0,
            "인프라총점":37.0,
            "초등학군":90.0,
            "중학군":49.42,
            "학군총점":57.536,
            "인구수":32.93,
            "인구증감":-7.9,
            "인구총점":20.681,
            "일자리":16.09,
            "소득수준":56.78,
            "일자리총점":28.297,
            "가치 총점":42.9858,
            "매매실거래년":20211011.0,
            "매매실거래가":31000.0,
            "전세실거래년":20211017.0,
            "전세실거래가":17000.0,
            "전세가율":68.0,
            "장기전세가율평균":71.65,
            "전세가율거품지수":3.65,
            "검색코드":102929,
            "세대수":298.0,
            "준공년월":"2011-01-19",
            "준공년차":12.0,
            "가까운역이름":"당리",
            "가까운역거리":481.8,
            "역세권여부":"역세권",
            "30분이내주요거점역":0,
            "30분거점역이름":"[]",
            "1시간이내주요거점역":0,
            "1시간거점역이름":"[]",
            "3km이내백화점수":0,
            "5km이내아울렛몰수":0,
            "1km이내대형먀트수":1,
            "500m이내은행수":2,
            "500m이내병원수":0,
            "5km이내대형병원수":5,
            "500m이내공원수":2,
            "3km이내혐오시설수":0,
            "초등학교학업성취도":90.0,
            "중학교학업성취도":80.1,
            "용적률":224,
            "건폐율":18,
            "Y":35.106121,
            "X":128.977975,
            "rank":46.0,
            "area_info":"24평(80.21), 34평(112.83), 34평(112.81), 34평(112.81), 34평(112.83)",
            "last_sales":"2021-10-11,31000.0,34평(112.83)",
            "rank_history":[
                [
                    "202202",
                    46
                ],
                [
                    "202201",
                    51
                ]
            ],
            "rank_gap":5
        },
        {
            "index":738,
            "아파트명":"지원시티파크(도시형)",
            "투자타입":"일반",
            "전용면적(m2)":"41.84",
            "전용면적(평)":"12평",
            "법정동주소":"부산시 사하구 장림동 333-2",
            "도로명주소":"부산시 사하구 장림번영로 50",
            "세대수":0,
            "입주년차":80,
            "용적률점수":"--",
            "건폐율점수":"--",
            "세대당주차수":0,
            "난방방식":30,
            "공급면적":"--",
            "전용률":"--",
            "욕실수":50,
            "현관타입":100,
            "주거총점":34.0,
            "지역구공급총점":0.0,
            "역세권":50,
            "30분내 이동가능 거점":0,
            "1시간내 이동가능 거점":0,
            "교통총점":25.0,
            "백화점":0,
            "아울렛몰":0,
            "대형마트":100,
            "은행":70,
            "병원":0,
            "종합병원":100,
            "공원":80,
            "혐오시설":0,
            "인프라총점":44.4,
            "초등학군":89.96,
            "중학군":49.64,
            "학군총점":57.704,
            "인구수":32.93,
            "인구증감":-7.9,
            "인구총점":20.681,
            "일자리":16.09,
            "소득수준":56.78,
            "일자리총점":28.297,
            "가치 총점":42.8812,
            "매매실거래년":20210510.0,
            "매매실거래가":14600.0,
            "전세실거래년":20190218.0,
            "전세실거래가":8000.0,
            "전세가율":62.99,
            "장기전세가율평균":71.65,
            "전세가율거품지수":8.66,
            "검색코드":111292,
            "세대수":284.0,
            "준공년월":"2015-06-29",
            "준공년차":8.0,
            "가까운역이름":"장림",
            "가까운역거리":619.21,
            "역세권여부":"준역세권",
            "30분이내주요거점역":0,
            "30분거점역이름":"[]",
            "1시간이내주요거점역":0,
            "1시간거점역이름":"[]",
            "3km이내백화점수":0,
            "5km이내아울렛몰수":0,
            "1km이내대형먀트수":2,
            "500m이내은행수":3,
            "500m이내병원수":0,
            "5km이내대형병원수":2,
            "500m이내공원수":1,
            "3km이내혐오시설수":0,
            "초등학교학업성취도":89.96,
            "중학교학업성취도":80.6,
            "용적률":496,
            "건폐율":59,
            "Y":35.080353,
            "X":128.970836,
            "rank":47.0,
            "area_info":"12평(41.84), 14평(48.6), 14평(49.44), 17평(56.25), 17평(59.13), 18평(61.13)",
            "last_sales":"2021-05-10,14600.0,18평(61.13)",
            "rank_history":[
                [
                    "202202",
                    47
                ],
                [
                    "202201",
                    43
                ]
            ],
            "rank_gap":-4
        },
        {
            "index":617,
            "아파트명":"한신",
            "투자타입":"일반",
            "전용면적(m2)":"93.76",
            "전용면적(평)":"28평",
            "법정동주소":"부산시 사하구 신평동 425",
            "도로명주소":"부산시 사하구 비봉로 42",
            "세대수":90,
            "입주년차":0,
            "용적률점수":"--",
            "건폐율점수":"--",
            "세대당주차수":0,
            "난방방식":30,
            "공급면적":"--",
            "전용률":"--",
            "욕실수":50,
            "현관타입":100,
            "주거총점":49.5,
            "지역구공급총점":0.0,
            "역세권":50,
            "30분내 이동가능 거점":0,
            "1시간내 이동가능 거점":0,
            "교통총점":25.0,
            "백화점":0,
            "아울렛몰":0,
            "대형마트":80,
            "은행":0,
            "병원":0,
            "종합병원":100,
            "공원":0,
            "혐오시설":0,
            "인프라총점":32.0,
            "초등학군":89.99,
            "중학군":48.76,
            "학군총점":57.006,
            "인구수":32.93,
            "인구증감":-7.9,
            "인구총점":20.681,
            "일자리":16.09,
            "소득수준":56.78,
            "일자리총점":28.297,
            "가치 총점":42.8268,
            "매매실거래년":20211208.0,
            "매매실거래가":22500.0,
            "전세실거래년":20210316.0,
            "전세실거래가":12000.0,
            "전세가율":92.31,
            "장기전세가율평균":71.65,
            "전세가율거품지수":-20.66,
            "검색코드":6880,
            "세대수":937.0,
            "준공년월":"1993-12-14",
            "준공년차":30.0,
            "가까운역이름":"신평",
            "가까운역거리":619.04,
            "역세권여부":"준역세권",
            "30분이내주요거점역":0,
            "30분거점역이름":"[]",
            "1시간이내주요거점역":0,
            "1시간거점역이름":"[]",
            "3km이내백화점수":0,
            "5km이내아울렛몰수":0,
            "1km이내대형먀트수":1,
            "500m이내은행수":1,
            "500m이내병원수":0,
            "5km이내대형병원수":3,
            "500m이내공원수":0,
            "3km이내혐오시설수":0,
            "초등학교학업성취도":89.99,
            "중학교학업성취도":79.6,
            "용적률":341,
            "건폐율":16,
            "Y":35.097729,
            "X":128.966698,
            "rank":48.0,
            "area_info":"28평(93.76), 31평(104.15), 35평(118.85), 43평(144.2), 48평(159.61), 48평(159.56), 49평(163.02), 53평(175.24)",
            "last_sales":"2021-12-08,22500.0,48평(159.56)",
            "rank_history":[
                [
                    "202202",
                    48
                ],
                [
                    "202201",
                    42
                ]
            ],
            "rank_gap":-6
        },
        {
            "index":600,
            "아파트명":"신평현대",
            "투자타입":"일반",
            "전용면적(m2)":"73.51",
            "전용면적(평)":"22평",
            "법정동주소":"부산시 사하구 신평동 400",
            "도로명주소":"부산시 사하구 하신중앙로 170",
            "세대수":90,
            "입주년차":0,
            "용적률점수":"--",
            "건폐율점수":"--",
            "세대당주차수":0,
            "난방방식":30,
            "공급면적":"--",
            "전용률":"--",
            "욕실수":50,
            "현관타입":100,
            "주거총점":49.5,
            "지역구공급총점":0.0,
            "역세권":80,
            "30분내 이동가능 거점":0,
            "1시간내 이동가능 거점":0,
            "교통총점":40.0,
            "백화점":0,
            "아울렛몰":0,
            "대형마트":0,
            "은행":20,
            "병원":0,
            "종합병원":100,
            "공원":80,
            "혐오시설":0,
            "인프라총점":24.4,
            "초등학군":89.99,
            "중학군":48.76,
            "학군총점":57.006,
            "인구수":32.93,
            "인구증감":-7.9,
            "인구총점":20.681,
            "일자리":16.09,
            "소득수준":56.78,
            "일자리총점":28.297,
            "가치 총점":42.7968,
            "매매실거래년":20211103.0,
            "매매실거래가":27600.0,
            "전세실거래년":20200514.0,
            "전세실거래가":13000.0,
            "전세가율":68.06,
            "장기전세가율평균":71.65,
            "전세가율거품지수":3.59,
            "검색코드":6833,
            "세대수":992.0,
            "준공년월":"1994-12-17",
            "준공년차":29.0,
            "가까운역이름":"신평",
            "가까운역거리":349.87,
            "역세권여부":"역세권",
            "30분이내주요거점역":0,
            "30분거점역이름":"[]",
            "1시간이내주요거점역":0,
            "1시간거점역이름":"[]",
            "3km이내백화점수":0,
            "5km이내아울렛몰수":0,
            "1km이내대형먀트수":0,
            "500m이내은행수":2,
            "500m이내병원수":0,
            "5km이내대형병원수":3,
            "500m이내공원수":1,
            "3km이내혐오시설수":0,
            "초등학교학업성취도":89.99,
            "중학교학업성취도":79.6,
            "용적률":0,
            "건폐율":0,
            "Y":35.094727,
            "X":128.964415,
            "rank":49.0,
            "area_info":"22평(73.51), 23평(78.02), 29평(96.04), 30평(100.97), 31평(104.3)",
            "last_sales":"2021-11-03,27600.0,31평(104.3)",
            "rank_history":[
                [
                    "202202",
                    49
                ],
                [
                    "202201",
                    64
                ]
            ],
            "rank_gap":15
        },
        {
            "index":613,
            "아파트명":"한솔베스파트",
            "투자타입":"일반",
            "전용면적(m2)":"80.59",
            "전용면적(평)":"24평",
            "법정동주소":"부산시 사하구 신평동 84-9",
            "도로명주소":"부산시 사하구 신산로 187",
            "세대수":0,
            "입주년차":20,
            "용적률점수":"--",
            "건폐율점수":"--",
            "세대당주차수":30,
            "난방방식":30,
            "공급면적":"--",
            "전용률":"--",
            "욕실수":50,
            "현관타입":100,
            "주거총점":26.5,
            "지역구공급총점":0.0,
            "역세권":80,
            "30분내 이동가능 거점":0,
            "1시간내 이동가능 거점":0,
            "교통총점":40.0,
            "백화점":0,
            "아울렛몰":0,
            "대형마트":100,
            "은행":70,
            "병원":0,
            "종합병원":100,
            "공원":0,
            "혐오시설":0,
            "인프라총점":42.0,
            "초등학군":89.99,
            "중학군":49.54,
            "학군총점":57.63,
            "인구수":32.93,
            "인구증감":-7.9,
            "인구총점":20.681,
            "일자리":16.09,
            "소득수준":56.78,
            "일자리총점":28.297,
            "가치 총점":42.514,
            "매매실거래년":20220113.0,
            "매매실거래가":22500.0,
            "전세실거래년":20200609.0,
            "전세실거래가":11000.0,
            "전세가율":62.86,
            "장기전세가율평균":71.65,
            "전세가율거품지수":8.79,
            "검색코드":13326,
            "세대수":176.0,
            "준공년월":"2001-03-27",
            "준공년차":22.0,
            "가까운역이름":"동매",
            "가까운역거리":202.86,
            "역세권여부":"역세권",
            "30분이내주요거점역":0,
            "30분거점역이름":"[]",
            "1시간이내주요거점역":0,
            "1시간거점역이름":"[]",
            "3km이내백화점수":0,
            "5km이내아울렛몰수":0,
            "1km이내대형먀트수":2,
            "500m이내은행수":4,
            "500m이내병원수":0,
            "5km이내대형병원수":3,
            "500m이내공원수":0,
            "3km이내혐오시설수":0,
            "초등학교학업성취도":89.99,
            "중학교학업성취도":80.1,
            "용적률":0,
            "건폐율":0,
            "Y":35.090135,
            "X":128.975707,
            "rank":50.0,
            "area_info":"24평(80.59), 34평(113.57), 34평(113.23), 34평(113.51)",
            "last_sales":"2022-01-13,22500.0,34평(113.23)",
            "rank_history":[
                [
                    "202202",
                    50
                ],
                [
                    "202201",
                    62
                ]
            ],
            "rank_gap":12
        },
        {
            "index":225,
            "아파트명":"새괴정협진태양",
            "투자타입":"재건축",
            "전용면적(m2)":"49.58",
            "전용면적(평)":"14평",
            "법정동주소":"부산시 사하구 괴정동 607",
            "도로명주소":"부산시 사하구 사하로141번나길 11-5",
            "세대수":0,
            "입주년차":"--",
            "용적률점수":100,
            "건폐율점수":20,
            "세대당주차수":"--",
            "난방방식":"--",
            "공급면적":50,
            "전용률":80,
            "욕실수":"--",
            "현관타입":"--",
            "주거총점":50.5,
            "지역구공급총점":0.0,
            "역세권":50,
            "30분내 이동가능 거점":0,
            "1시간내 이동가능 거점":0,
            "교통총점":25.0,
            "백화점":0,
            "아울렛몰":0,
            "대형마트":80,
            "은행":0,
            "병원":0,
            "종합병원":100,
            "공원":0,
            "혐오시설":0,
            "인프라총점":32.0,
            "초등학군":90.0,
            "중학군":45.8,
            "학군총점":54.64,
            "인구수":32.93,
            "인구증감":-7.9,
            "인구총점":20.681,
            "일자리":16.09,
            "소득수준":56.78,
            "일자리총점":28.297,
            "가치 총점":42.367,
            "매매실거래년":20210624.0,
            "매매실거래가":22800.0,
            "전세실거래년":null,
            "전세실거래가":null,
            "전세가율":null,
            "장기전세가율평균":71.65,
            "전세가율거품지수":null,
            "검색코드":6343,
            "세대수":120.0,
            "준공년월":"1985-09-16",
            "준공년차":38.0,
            "가까운역이름":"괴정",
            "가까운역거리":711.56,
            "역세권여부":"준역세권",
            "30분이내주요거점역":0,
            "30분거점역이름":"[]",
            "1시간이내주요거점역":0,
            "1시간거점역이름":"[]",
            "3km이내백화점수":0,
            "5km이내아울렛몰수":0,
            "1km이내대형먀트수":1,
            "500m이내은행수":1,
            "500m이내병원수":0,
            "5km이내대형병원수":7,
            "500m이내공원수":0,
            "3km이내혐오시설수":0,
            "초등학교학업성취도":90.0,
            "중학교학업성취도":75.0,
            "용적률":140,
            "건폐율":43,
            "Y":35.093647,
            "X":128.991041,
            "rank":51.0,
            "area_info":"14평(49.58), 15평(51.16), 16평(55.32), 17평(56.8), 19평(64.85), 19평(64.11), 20평(66.43), 22평(73.46), 22평(74.29)",
            "last_sales":"2021-06-24,22800.0,22평(73.46)",
            "rank_history":[
                [
                    "202202",
                    51
                ],
                [
                    "202201",
                    45
                ]
            ],
            "rank_gap":-6
        },
        {
            "index":652,
            "아파트명":"리버팰리스",
            "투자타입":"일반",
            "전용면적(m2)":"88.98",
            "전용면적(평)":"26평",
            "법정동주소":"부산시 사하구 장림동 435",
            "도로명주소":"부산시 사하구 다대로 328",
            "세대수":0,
            "입주년차":100,
            "용적률점수":"--",
            "건폐율점수":"--",
            "세대당주차수":0,
            "난방방식":30,
            "공급면적":"--",
            "전용률":"--",
            "욕실수":100,
            "현관타입":100,
            "주거총점":43.0,
            "지역구공급총점":0.0,
            "역세권":80,
            "30분내 이동가능 거점":0,
            "1시간내 이동가능 거점":0,
            "교통총점":40.0,
            "백화점":0,
            "아울렛몰":0,
            "대형마트":0,
            "은행":100,
            "병원":0,
            "종합병원":100,
            "공원":0,
            "혐오시설":0,
            "인프라총점":30.0,
            "초등학군":89.97,
            "중학군":46.52,
            "학군총점":55.21,
            "인구수":32.93,
            "인구증감":-7.9,
            "인구총점":20.681,
            "일자리":16.09,
            "소득수준":56.78,
            "일자리총점":28.297,
            "가치 총점":42.313,
            "매매실거래년":20210930.0,
            "매매실거래가":25000.0,
            "전세실거래년":20210605.0,
            "전세실거래가":17000.0,
            "전세가율":68.0,
            "장기전세가율평균":71.65,
            "전세가율거품지수":3.65,
            "검색코드":113956,
            "세대수":154.0,
            "준공년월":"2019-05-17",
            "준공년차":4.0,
            "가까운역이름":"신장림",
            "가까운역거리":166.67,
            "역세권여부":"역세권",
            "30분이내주요거점역":0,
            "30분거점역이름":"[]",
            "1시간이내주요거점역":0,
            "1시간거점역이름":"[]",
            "3km이내백화점수":0,
            "5km이내아울렛몰수":0,
            "1km이내대형먀트수":0,
            "500m이내은행수":5,
            "500m이내병원수":0,
            "5km이내대형병원수":2,
            "500m이내공원수":0,
            "3km이내혐오시설수":0,
            "초등학교학업성취도":89.97,
            "중학교학업성취도":75.4,
            "용적률":586,
            "건폐율":58,
            "Y":35.073351,
            "X":128.975914,
            "rank":52.0,
            "area_info":"26평(88.98), 26평(88.88), 26평(88.88), 26평(89.04), 27평(89.4)",
            "last_sales":"2021-09-30,25000.0,26평(88.98)",
            "rank_history":[
                [
                    "202202",
                    52
                ],
                [
                    "202201",
                    32
                ]
            ],
            "rank_gap":-20
        },
        {
            "index":391,
            "아파트명":"다대포현대",
            "투자타입":"일반",
            "전용면적(m2)":"92.24",
            "전용면적(평)":"27평",
            "법정동주소":"부산시 사하구 다대동 120-1",
            "도로명주소":"부산시 사하구 다대로 473",
            "세대수":100,
            "입주년차":0,
            "용적률점수":"--",
            "건폐율점수":"--",
            "세대당주차수":0,
            "난방방식":80,
            "공급면적":"--",
            "전용률":"--",
            "욕실수":100,
            "현관타입":10,
            "주거총점":54.0,
            "지역구공급총점":0.0,
            "역세권":80,
            "30분내 이동가능 거점":0,
            "1시간내 이동가능 거점":0,
            "교통총점":40.0,
            "백화점":0,
            "아울렛몰":0,
            "대형마트":0,
            "은행":20,
            "병원":0,
            "종합병원":80,
            "공원":100,
            "혐오시설":0,
            "인프라총점":21.0,
            "초등학군":89.99,
            "중학군":46.02,
            "학군총점":54.814,
            "인구수":32.93,
            "인구증감":-7.9,
            "인구총점":20.681,
            "일자리":16.09,
            "소득수준":56.78,
            "일자리총점":28.297,
            "가치 총점":42.2442,
            "매매실거래년":20211220.0,
            "매매실거래가":55000.0,
            "전세실거래년":20141223.0,
            "전세실거래가":8000.0,
            "전세가율":42.78,
            "장기전세가율평균":71.65,
            "전세가율거품지수":28.87,
            "검색코드":6489,
            "세대수":2181.0,
            "준공년월":"1993-09-09",
            "준공년차":30.0,
            "가까운역이름":"낫개",
            "가까운역거리":469.69,
            "역세권여부":"역세권",
            "30분이내주요거점역":0,
            "30분거점역이름":"[]",
            "1시간이내주요거점역":0,
            "1시간거점역이름":"[]",
            "3km이내백화점수":0,
            "5km이내아울렛몰수":0,
            "1km이내대형먀트수":0,
            "500m이내은행수":2,
            "500m이내병원수":0,
            "5km이내대형병원수":1,
            "500m이내공원수":2,
            "3km이내혐오시설수":0,
            "초등학교학업성취도":89.99,
            "중학교학업성취도":75.5,
            "용적률":257,
            "건폐율":13,
            "Y":35.061255,
            "X":128.978327,
            "rank":53.0,
            "area_info":"27평(92.24), 29평(97.99), 29평(98.22), 30평(100.11), 32평(106.48), 42평(142.14), 52평(175.1), 52평(175.15), 68평(227.99)",
            "last_sales":"2021-12-20,55000.0,68평(227.99)",
            "rank_history":[
                [
                    "202202",
                    53
                ],
                [
                    "202201",
                    56
                ]
            ],
            "rank_gap":3
        },
        {
            "index":640,
            "아파트명":"나산리버빌",
            "투자타입":"일반",
            "전용면적(m2)":"105.92",
            "전용면적(평)":"32평",
            "법정동주소":"부산시 사하구 장림동 321-28",
            "도로명주소":"부산시 사하구 장림번영로 53",
            "세대수":0,
            "입주년차":40,
            "용적률점수":"--",
            "건폐율점수":"--",
            "세대당주차수":0,
            "난방방식":30,
            "공급면적":"--",
            "전용률":"--",
            "욕실수":100,
            "현관타입":100,
            "주거총점":31.0,
            "지역구공급총점":0.0,
            "역세권":50,
            "30분내 이동가능 거점":0,
            "1시간내 이동가능 거점":0,
            "교통총점":25.0,
            "백화점":0,
            "아울렛몰":0,
            "대형마트":100,
            "은행":70,
            "병원":0,
            "종합병원":100,
            "공원":80,
            "혐오시설":0,
            "인프라총점":44.4,
            "초등학군":89.96,
            "중학군":49.64,
            "학군총점":57.704,
            "인구수":32.93,
            "인구증감":-7.9,
            "인구총점":20.681,
            "일자리":16.09,
            "소득수준":56.78,
            "일자리총점":28.297,
            "가치 총점":42.1312,
            "매매실거래년":20211218.0,
            "매매실거래가":23700.0,
            "전세실거래년":20171103.0,
            "전세실거래가":8000.0,
            "전세가율":33.76,
            "장기전세가율평균":71.65,
            "전세가율거품지수":37.89,
            "검색코드":100616,
            "세대수":128.0,
            "준공년월":"2008-03-10",
            "준공년차":15.0,
            "가까운역이름":"장림",
            "가까운역거리":565.06,
            "역세권여부":"준역세권",
            "30분이내주요거점역":0,
            "30분거점역이름":"[]",
            "1시간이내주요거점역":0,
            "1시간거점역이름":"[]",
            "3km이내백화점수":0,
            "5km이내아울렛몰수":0,
            "1km이내대형먀트수":2,
            "500m이내은행수":3,
            "500m이내병원수":0,
            "5km이내대형병원수":2,
            "500m이내공원수":1,
            "3km이내혐오시설수":0,
            "초등학교학업성취도":89.96,
            "중학교학업성취도":80.6,
            "용적률":433,
            "건폐율":45,
            "Y":35.081062,
            "X":128.971239,
            "rank":54.0,
            "area_info":"32평(105.92)",
            "last_sales":"2021-12-18,23700.0,32평(105.92)",
            "rank_history":[
                [
                    "202202",
                    54
                ],
                [
                    "202201",
                    49
                ]
            ],
            "rank_gap":-5
        },
        {
            "index":418,
            "아파트명":"삼환",
            "투자타입":"일반",
            "전용면적(m2)":"80.01",
            "전용면적(평)":"24평",
            "법정동주소":"부산시 사하구 다대동 120-10",
            "도로명주소":"부산시 사하구 다대로429번길 20",
            "세대수":100,
            "입주년차":0,
            "용적률점수":"--",
            "건폐율점수":"--",
            "세대당주차수":30,
            "난방방식":80,
            "공급면적":"--",
            "전용률":"--",
            "욕실수":50,
            "현관타입":10,
            "주거총점":53.5,
            "지역구공급총점":0.0,
            "역세권":80,
            "30분내 이동가능 거점":0,
            "1시간내 이동가능 거점":0,
            "교통총점":40.0,
            "백화점":0,
            "아울렛몰":0,
            "대형마트":0,
            "은행":20,
            "병원":0,
            "종합병원":80,
            "공원":100,
            "혐오시설":0,
            "인프라총점":21.0,
            "초등학군":89.99,
            "중학군":46.02,
            "학군총점":54.814,
            "인구수":32.93,
            "인구증감":-7.9,
            "인구총점":20.681,
            "일자리":16.09,
            "소득수준":56.78,
            "일자리총점":28.297,
            "가치 총점":42.1192,
            "매매실거래년":20220115.0,
            "매매실거래가":23900.0,
            "전세실거래년":20220113.0,
            "전세실거래가":12000.0,
            "전세가율":50.21,
            "장기전세가율평균":71.65,
            "전세가율거품지수":21.44,
            "검색코드":6448,
            "세대수":1669.0,
            "준공년월":"1996-09-13",
            "준공년차":27.0,
            "가까운역이름":"낫개",
            "가까운역거리":368.73,
            "역세권여부":"역세권",
            "30분이내주요거점역":0,
            "30분거점역이름":"[]",
            "1시간이내주요거점역":0,
            "1시간거점역이름":"[]",
            "3km이내백화점수":0,
            "5km이내아울렛몰수":0,
            "1km이내대형먀트수":0,
            "500m이내은행수":2,
            "500m이내병원수":0,
            "5km이내대형병원수":1,
            "500m이내공원수":4,
            "3km이내혐오시설수":0,
            "초등학교학업성취도":89.99,
            "중학교학업성취도":75.5,
            "용적률":0,
            "건폐율":0,
            "Y":35.062215,
            "X":128.981036,
            "rank":55.0,
            "area_info":"24평(80.01), 32평(106.77), 44평(146.85), 67평(224.22)",
            "last_sales":"2022-01-15,23900.0,24평(80.01)",
            "rank_history":[
                [
                    "202202",
                    55
                ],
                [
                    "202201",
                    57
                ]
            ],
            "rank_gap":2
        },
        {
            "index":48,
            "아파트명":"부영벽산파라빌",
            "투자타입":"일반",
            "전용면적(m2)":"84.85",
            "전용면적(평)":"25평",
            "법정동주소":"부산시 사하구 감천동 567",
            "도로명주소":"부산시 사하구 감천로21번길 35",
            "세대수":50,
            "입주년차":20,
            "용적률점수":"--",
            "건폐율점수":"--",
            "세대당주차수":30,
            "난방방식":30,
            "공급면적":"--",
            "전용률":"--",
            "욕실수":100,
            "현관타입":100,
            "주거총점":49.0,
            "지역구공급총점":0.0,
            "역세권":50,
            "30분내 이동가능 거점":0,
            "1시간내 이동가능 거점":0,
            "교통총점":25.0,
            "백화점":0,
            "아울렛몰":0,
            "대형마트":80,
            "은행":0,
            "병원":0,
            "종합병원":100,
            "공원":0,
            "혐오시설":0,
            "인프라총점":32.0,
            "초등학군":90.0,
            "중학군":45.8,
            "학군총점":54.64,
            "인구수":32.93,
            "인구증감":-7.9,
            "인구총점":20.681,
            "일자리":16.09,
            "소득수준":56.78,
            "일자리총점":28.297,
            "가치 총점":41.992,
            "매매실거래년":20211229.0,
            "매매실거래가":23800.0,
            "전세실거래년":20200525.0,
            "전세실거래가":13000.0,
            "전세가율":81.25,
            "장기전세가율평균":71.65,
            "전세가율거품지수":-9.6,
            "검색코드":9824,
            "세대수":634.0,
            "준공년월":"2002-12-18",
            "준공년차":21.0,
            "가까운역이름":"괴정",
            "가까운역거리":722.09,
            "역세권여부":"준역세권",
            "30분이내주요거점역":0,
            "30분거점역이름":"[]",
            "1시간이내주요거점역":0,
            "1시간거점역이름":"[]",
            "3km이내백화점수":0,
            "5km이내아울렛몰수":0,
            "1km이내대형먀트수":1,
            "500m이내은행수":1,
            "500m이내병원수":0,
            "5km이내대형병원수":7,
            "500m이내공원수":0,
            "3km이내혐오시설수":0,
            "초등학교학업성취도":90.0,
            "중학교학업성취도":75.0,
            "용적률":298,
            "건폐율":19,
            "Y":35.094041,
            "X":128.995817,
            "rank":56.0,
            "area_info":"25평(84.85), 25평(85.85), 34평(113.23), 46평(153.3)",
            "last_sales":"2021-12-29,23800.0,34평(113.23)",
            "rank_history":[
                [
                    "202202",
                    56
                ],
                [
                    "202201",
                    40
                ]
            ],
            "rank_gap":-16
        },
        {
            "index":166,
            "아파트명":"동아파크맨션",
            "투자타입":"재건축",
            "전용면적(m2)":"96.84",
            "전용면적(평)":"29평",
            "법정동주소":"부산시 사하구 괴정동 350-72",
            "도로명주소":"부산시 사하구 오작로 138",
            "세대수":0,
            "입주년차":"--",
            "용적률점수":0,
            "건폐율점수":0,
            "세대당주차수":"--",
            "난방방식":"--",
            "공급면적":70,
            "전용률":80,
            "욕실수":"--",
            "현관타입":"--",
            "주거총점":7.5,
            "지역구공급총점":0.0,
            "역세권":80,
            "30분내 이동가능 거점":0,
            "1시간내 이동가능 거점":0,
            "교통총점":40.0,
            "백화점":100,
            "아울렛몰":0,
            "대형마트":0,
            "은행":0,
            "병원":0,
            "종합병원":100,
            "공원":0,
            "혐오시설":0,
            "인프라총점":50.0,
            "초등학군":90.01,
            "중학군":57.06,
            "학군총점":63.65,
            "인구수":32.93,
            "인구증감":-7.9,
            "인구총점":20.681,
            "일자리":16.09,
            "소득수준":56.78,
            "일자리총점":28.297,
            "가치 총점":41.97,
            "매매실거래년":20211231.0,
            "매매실거래가":15100.0,
            "전세실거래년":null,
            "전세실거래가":null,
            "전세가율":null,
            "장기전세가율평균":71.65,
            "전세가율거품지수":null,
            "검색코드":6306,
            "세대수":119.0,
            "준공년월":"1992-06-12",
            "준공년차":31.0,
            "가까운역이름":"대티",
            "가까운역거리":460.93,
            "역세권여부":"역세권",
            "30분이내주요거점역":0,
            "30분거점역이름":"[]",
            "1시간이내주요거점역":0,
            "1시간거점역이름":"[]",
            "3km이내백화점수":1,
            "5km이내아울렛몰수":0,
            "1km이내대형먀트수":0,
            "500m이내은행수":0,
            "500m이내병원수":0,
            "5km이내대형병원수":8,
            "500m이내공원수":0,
            "3km이내혐오시설수":0,
            "초등학교학업성취도":90.01,
            "중학교학업성취도":90.1,
            "용적률":522,
            "건폐율":83,
            "Y":35.103204,
            "X":129.00501,
            "rank":57.0,
            "area_info":"29평(96.84), 30평(102.3)",
            "last_sales":"2021-12-31,15100.0,30평(102.3)",
            "rank_history":[
                [
                    "202202",
                    57
                ],
                [
                    "202201",
                    83
                ]
            ],
            "rank_gap":26
        },
        {
            "index":449,
            "아파트명":"당리반도보라맨션",
            "투자타입":"재건축",
            "전용면적(m2)":"102.67",
            "전용면적(평)":"31평",
            "법정동주소":"부산시 사하구 당리동 180",
            "도로명주소":"부산시 사하구 제석로79번길 11",
            "세대수":30,
            "입주년차":"--",
            "용적률점수":0,
            "건폐율점수":80,
            "세대당주차수":"--",
            "난방방식":"--",
            "공급면적":90,
            "전용률":80,
            "욕실수":"--",
            "현관타입":"--",
            "주거총점":33.5,
            "지역구공급총점":0.0,
            "역세권":50,
            "30분내 이동가능 거점":0,
            "1시간내 이동가능 거점":0,
            "교통총점":25.0,
            "백화점":0,
            "아울렛몰":0,
            "대형마트":80,
            "은행":0,
            "병원":0,
            "종합병원":100,
            "공원":100,
            "혐오시설":0,
            "인프라총점":35.0,
            "초등학군":90.02,
            "중학군":57.48,
            "학군총점":63.988,
            "인구수":32.93,
            "인구증감":-7.9,
            "인구총점":20.681,
            "일자리":16.09,
            "소득수준":56.78,
            "일자리총점":28.297,
            "가치 총점":41.8214,
            "매매실거래년":20211020.0,
            "매매실거래가":24000.0,
            "전세실거래년":20211109.0,
            "전세실거래가":23000.0,
            "전세가율":95.83,
            "장기전세가율평균":71.65,
            "전세가율거품지수":-24.18,
            "검색코드":6560,
            "세대수":384.0,
            "준공년월":"1992-07-25",
            "준공년차":31.0,
            "가까운역이름":"당리",
            "가까운역거리":579.69,
            "역세권여부":"준역세권",
            "30분이내주요거점역":0,
            "30분거점역이름":"[]",
            "1시간이내주요거점역":0,
            "1시간거점역이름":"[]",
            "3km이내백화점수":0,
            "5km이내아울렛몰수":0,
            "1km이내대형먀트수":1,
            "500m이내은행수":0,
            "500m이내병원수":0,
            "5km이내대형병원수":4,
            "500m이내공원수":2,
            "3km이내혐오시설수":0,
            "초등학교학업성취도":90.02,
            "중학교학업성취도":93.0,
            "용적률":242,
            "건폐율":29,
            "Y":35.108408,
            "X":128.976061,
            "rank":58.0,
            "area_info":"31평(102.67), 50평(166.23), 63평(209.39), 71평(237.02)",
            "last_sales":"2021-10-20,24000.0,31평(102.67)",
            "rank_history":[
                [
                    "202202",
                    58
                ],
                [
                    "202201",
                    60
                ]
            ],
            "rank_gap":2
        },
        {
            "index":797,
            "아파트명":"하단SK뷰",
            "투자타입":"일반",
            "전용면적(m2)":"80.5",
            "전용면적(평)":"24평",
            "법정동주소":"부산시 사하구 하단동 1217-1",
            "도로명주소":"부산시 사하구 하신번영로 400",
            "세대수":100,
            "입주년차":40,
            "용적률점수":"--",
            "건폐율점수":"--",
            "세대당주차수":30,
            "난방방식":30,
            "공급면적":"--",
            "전용률":"--",
            "욕실수":100,
            "현관타입":100,
            "주거총점":70.5,
            "지역구공급총점":0.0,
            "역세권":0,
            "30분내 이동가능 거점":0,
            "1시간내 이동가능 거점":10,
            "교통총점":2.0,
            "백화점":0,
            "아울렛몰":0,
            "대형마트":0,
            "은행":0,
            "병원":0,
            "종합병원":80,
            "공원":0,
            "혐오시설":0,
            "인프라총점":16.0,
            "초등학군":90.0,
            "중학군":55.88,
            "학군총점":62.704,
            "인구수":32.93,
            "인구증감":-7.9,
            "인구총점":20.681,
            "일자리":16.09,
            "소득수준":56.78,
            "일자리총점":28.297,
            "가치 총점":41.5362,
            "매매실거래년":20211224.0,
            "매매실거래가":41000.0,
            "전세실거래년":20220115.0,
            "전세실거래가":16000.0,
            "전세가율":60.38,
            "장기전세가율평균":71.65,
            "전세가율거품지수":11.27,
            "검색코드":9733,
            "세대수":1828.0,
            "준공년월":"2004-05-31",
            "준공년차":19.0,
            "가까운역이름":"하단",
            "가까운역거리":1402.26,
            "역세권여부":"비역세권",
            "30분이내주요거점역":0,
            "30분거점역이름":"[]",
            "1시간이내주요거점역":1,
            "1시간거점역이름":"['하단']",
            "3km이내백화점수":0,
            "5km이내아울렛몰수":0,
            "1km이내대형먀트수":0,
            "500m이내은행수":0,
            "500m이내병원수":0,
            "5km이내대형병원수":1,
            "500m이내공원수":0,
            "3km이내혐오시설수":0,
            "초등학교학업성취도":90.0,
            "중학교학업성취도":90.8,
            "용적률":303,
            "건폐율":17,
            "Y":35.118167,
            "X":128.961784,
            "rank":59.0,
            "area_info":"24평(80.5), 29평(96.04), 32평(106.64), 32평(106.64), 32평(108.86), 44평(146.15)",
            "last_sales":"2021-12-24,41000.0,29평(96.04)",
            "rank_history":[
                [
                    "202202",
                    59
                ],
                [
                    "202201",
                    34
                ]
            ],
            "rank_gap":-25
        },
        {
            "index":730,
            "아파트명":"장림협성르네상스타운",
            "투자타입":"일반",
            "전용면적(m2)":"61.72",
            "전용면적(평)":"18평",
            "법정동주소":"부산시 사하구 장림동 585-1",
            "도로명주소":"부산시 사하구 장평로 87",
            "세대수":50,
            "입주년차":40,
            "용적률점수":"--",
            "건폐율점수":"--",
            "세대당주차수":30,
            "난방방식":30,
            "공급면적":"--",
            "전용률":"--",
            "욕실수":50,
            "현관타입":100,
            "주거총점":48.0,
            "지역구공급총점":0.0,
            "역세권":80,
            "30분내 이동가능 거점":0,
            "1시간내 이동가능 거점":0,
            "교통총점":40.0,
            "백화점":0,
            "아울렛몰":0,
            "대형마트":0,
            "은행":70,
            "병원":0,
            "종합병원":80,
            "공원":0,
            "혐오시설":0,
            "인프라총점":23.0,
            "초등학군":89.97,
            "중학군":46.52,
            "학군총점":55.21,
            "인구수":32.93,
            "인구증감":-7.9,
            "인구총점":20.681,
            "일자리":16.09,
            "소득수준":56.78,
            "일자리총점":28.297,
            "가치 총점":41.463,
            "매매실거래년":20211119.0,
            "매매실거래가":28000.0,
            "전세실거래년":20210716.0,
            "전세실거래가":12500.0,
            "전세가율":92.59,
            "장기전세가율평균":71.65,
            "전세가율거품지수":-20.94,
            "검색코드":24684,
            "세대수":650.0,
            "준공년월":"2007-05-11",
            "준공년차":16.0,
            "가까운역이름":"신장림",
            "가까운역거리":439.35,
            "역세권여부":"역세권",
            "30분이내주요거점역":0,
            "30분거점역이름":"[]",
            "1시간이내주요거점역":0,
            "1시간거점역이름":"[]",
            "3km이내백화점수":0,
            "5km이내아울렛몰수":0,
            "1km이내대형먀트수":0,
            "500m이내은행수":4,
            "500m이내병원수":0,
            "5km이내대형병원수":1,
            "500m이내공원수":0,
            "3km이내혐오시설수":0,
            "초등학교학업성취도":89.97,
            "중학교학업성취도":75.4,
            "용적률":229,
            "건폐율":17,
            "Y":35.074387,
            "X":128.971785,
            "rank":60.0,
            "area_info":"18평(61.72), 26평(88.96), 33평(111.31)",
            "last_sales":"2021-11-19,28000.0,33평(111.31)",
            "rank_history":[
                [
                    "202202",
                    60
                ],
                [
                    "202201",
                    70
                ]
            ],
            "rank_gap":10
        },
        {
            "index":238,
            "아파트명":"신괴정화신",
            "투자타입":"재건축",
            "전용면적(m2)":"66.58",
            "전용면적(평)":"20평",
            "법정동주소":"부산시 사하구 괴정동 398-23",
            "도로명주소":"부산시 사하구 오작로 68",
            "세대수":0,
            "입주년차":"--",
            "용적률점수":0,
            "건폐율점수":100,
            "세대당주차수":"--",
            "난방방식":"--",
            "공급면적":50,
            "전용률":80,
            "욕실수":"--",
            "현관타입":"--",
            "주거총점":26.5,
            "지역구공급총점":0.0,
            "역세권":80,
            "30분내 이동가능 거점":0,
            "1시간내 이동가능 거점":0,
            "교통총점":40.0,
            "백화점":0,
            "아울렛몰":0,
            "대형마트":80,
            "은행":0,
            "병원":0,
            "종합병원":100,
            "공원":0,
            "혐오시설":0,
            "인프라총점":32.0,
            "초등학군":90.01,
            "중학군":57.06,
            "학군총점":63.65,
            "인구수":32.93,
            "인구증감":-7.9,
            "인구총점":20.681,
            "일자리":16.09,
            "소득수준":56.78,
            "일자리총점":28.297,
            "가치 총점":41.32,
            "매매실거래년":20220113.0,
            "매매실거래가":17500.0,
            "전세실거래년":20210623.0,
            "전세실거래가":11500.0,
            "전세가율":89.84,
            "장기전세가율평균":71.65,
            "전세가율거품지수":-18.19,
            "검색코드":6187,
            "세대수":270.0,
            "준공년월":"1990-03-31",
            "준공년차":33.0,
            "가까운역이름":"대티",
            "가까운역거리":447.93,
            "역세권여부":"역세권",
            "30분이내주요거점역":0,
            "30분거점역이름":"[]",
            "1시간이내주요거점역":0,
            "1시간거점역이름":"[]",
            "3km이내백화점수":0,
            "5km이내아울렛몰수":0,
            "1km이내대형먀트수":1,
            "500m이내은행수":0,
            "500m이내병원수":0,
            "5km이내대형병원수":7,
            "500m이내공원수":0,
            "3km이내혐오시설수":0,
            "초등학교학업성취도":90.01,
            "중학교학업성취도":90.1,
            "용적률":228,
            "건폐율":17,
            "Y":35.09913,
            "X":128.9999,
            "rank":61.0,
            "area_info":"20평(66.58), 25평(85.88), 29평(98.52), 30평(99.55), 37평(125.32), 46평(153.8), 51평(171.01)",
            "last_sales":"2022-01-13,17500.0,37평(125.32)",
            "rank_history":[
                [
                    "202202",
                    61
                ],
                [
                    "202201",
                    79
                ]
            ],
            "rank_gap":18
        },
        {
            "index":744,
            "아파트명":"향나타워",
            "투자타입":"일반",
            "전용면적(m2)":"82.45",
            "전용면적(평)":"24평",
            "법정동주소":"부산시 사하구 장림동 321-25",
            "도로명주소":"부산시 사하구 장림로196번길 21",
            "세대수":0,
            "입주년차":20,
            "용적률점수":"--",
            "건폐율점수":"--",
            "세대당주차수":0,
            "난방방식":30,
            "공급면적":"--",
            "전용률":"--",
            "욕실수":100,
            "현관타입":100,
            "주거총점":27.0,
            "지역구공급총점":0.0,
            "역세권":50,
            "30분내 이동가능 거점":0,
            "1시간내 이동가능 거점":0,
            "교통총점":25.0,
            "백화점":0,
            "아울렛몰":0,
            "대형마트":100,
            "은행":70,
            "병원":0,
            "종합병원":100,
            "공원":100,
            "혐오시설":0,
            "인프라총점":45.0,
            "초등학군":89.96,
            "중학군":49.64,
            "학군총점":57.704,
            "인구수":32.93,
            "인구증감":-7.9,
            "인구총점":20.681,
            "일자리":16.09,
            "소득수준":56.78,
            "일자리총점":28.297,
            "가치 총점":41.3112,
            "매매실거래년":"18000101",
            "매매실거래가":null,
            "전세실거래년":null,
            "전세실거래가":null,
            "전세가율":null,
            "장기전세가율평균":71.65,
            "전세가율거품지수":null,
            "검색코드":24725,
            "세대수":128.0,
            "준공년월":"2003-06-19",
            "준공년차":20.0,
            "가까운역이름":"장림",
            "가까운역거리":593.65,
            "역세권여부":"준역세권",
            "30분이내주요거점역":0,
            "30분거점역이름":"[]",
            "1시간이내주요거점역":0,
            "1시간거점역이름":"[]",
            "3km이내백화점수":0,
            "5km이내아울렛몰수":0,
            "1km이내대형먀트수":2,
            "500m이내은행수":3,
            "500m이내병원수":0,
            "5km이내대형병원수":2,
            "500m이내공원수":2,
            "3km이내혐오시설수":0,
            "초등학교학업성취도":89.96,
            "중학교학업성취도":80.6,
            "용적률":229,
            "건폐율":58,
            "Y":35.081281,
            "X":128.97088,
            "rank":62.0,
            "area_info":"24평(82.45)",
            "last_sales":"1800-01-01,nan,24평(82.45)",
            "rank_history":[
                [
                    "202202",
                    62
                ],
                [
                    "202201",
                    58
                ]
            ],
            "rank_gap":-4
        },
        {
            "index":120,
            "아파트명":"괴정신동아파밀리에",
            "투자타입":"일반",
            "전용면적(m2)":"77.93",
            "전용면적(평)":"23평",
            "법정동주소":"부산시 사하구 괴정동 1283",
            "도로명주소":"부산시 사하구 사하로142번길 38",
            "세대수":0,
            "입주년차":100,
            "용적률점수":"--",
            "건폐율점수":"--",
            "세대당주차수":0,
            "난방방식":30,
            "공급면적":"--",
            "전용률":"--",
            "욕실수":100,
            "현관타입":100,
            "주거총점":43.0,
            "지역구공급총점":0.0,
            "역세권":50,
            "30분내 이동가능 거점":0,
            "1시간내 이동가능 거점":0,
            "교통총점":25.0,
            "백화점":0,
            "아울렛몰":0,
            "대형마트":80,
            "은행":20,
            "병원":0,
            "종합병원":100,
            "공원":0,
            "혐오시설":0,
            "인프라총점":34.0,
            "초등학군":90.0,
            "중학군":45.8,
            "학군총점":54.64,
            "인구수":32.93,
            "인구증감":-7.9,
            "인구총점":20.681,
            "일자리":16.09,
            "소득수준":56.78,
            "일자리총점":28.297,
            "가치 총점":41.092,
            "매매실거래년":20210818.0,
            "매매실거래가":51750.0,
            "전세실거래년":20211005.0,
            "전세실거래가":27000.0,
            "전세가율":91.53,
            "장기전세가율평균":71.65,
            "전세가율거품지수":-19.88,
            "검색코드":109827,
            "세대수":150.0,
            "준공년월":"2020-06-02",
            "준공년차":3.0,
            "가까운역이름":"괴정",
            "가까운역거리":625.58,
            "역세권여부":"준역세권",
            "30분이내주요거점역":0,
            "30분거점역이름":"[]",
            "1시간이내주요거점역":0,
            "1시간거점역이름":"[]",
            "3km이내백화점수":0,
            "5km이내아울렛몰수":0,
            "1km이내대형먀트수":1,
            "500m이내은행수":2,
            "500m이내병원수":0,
            "5km이내대형병원수":7,
            "500m이내공원수":0,
            "3km이내혐오시설수":0,
            "초등학교학업성취도":90.0,
            "중학교학업성취도":75.0,
            "용적률":198,
            "건폐율":19,
            "Y":35.094691,
            "X":128.994975,
            "rank":63.0,
            "area_info":"23평(77.93), 28평(93.84), 32평(108.78)",
            "last_sales":"2021-08-18,51750.0,32평(108.78)",
            "rank_history":[
                [
                    "202202",
                    63
                ],
                [
                    "202201",
                    53
                ]
            ],
            "rank_gap":-10
        },
        {
            "index":453,
            "아파트명":"당리삼창",
            "투자타입":"일반",
            "전용면적(m2)":"80.62",
            "전용면적(평)":"24평",
            "법정동주소":"부산시 사하구 당리동 313-9",
            "도로명주소":"부산시 사하구 제석로 33",
            "세대수":0,
            "입주년차":20,
            "용적률점수":"--",
            "건폐율점수":"--",
            "세대당주차수":30,
            "난방방식":30,
            "공급면적":"--",
            "전용률":"--",
            "욕실수":50,
            "현관타입":10,
            "주거총점":17.5,
            "지역구공급총점":0.0,
            "역세권":80,
            "30분내 이동가능 거점":0,
            "1시간내 이동가능 거점":10,
            "교통총점":42.0,
            "백화점":0,
            "아울렛몰":0,
            "대형마트":80,
            "은행":20,
            "병원":0,
            "종합병원":100,
            "공원":100,
            "혐오시설":0,
            "인프라총점":37.0,
            "초등학군":90.02,
            "중학군":57.48,
            "학군총점":63.988,
            "인구수":32.93,
            "인구증감":-7.9,
            "인구총점":20.681,
            "일자리":16.09,
            "소득수준":56.78,
            "일자리총점":28.297,
            "가치 총점":40.9714,
            "매매실거래년":20211227.0,
            "매매실거래가":42000.0,
            "전세실거래년":20210511.0,
            "전세실거래가":17000.0,
            "전세가율":66.67,
            "장기전세가율평균":71.65,
            "전세가율거품지수":4.98,
            "검색코드":6543,
            "세대수":138.0,
            "준공년월":"2003-10-31",
            "준공년차":20.0,
            "가까운역이름":"당리",
            "가까운역거리":162.79,
            "역세권여부":"역세권",
            "30분이내주요거점역":0,
            "30분거점역이름":"[]",
            "1시간이내주요거점역":1,
            "1시간거점역이름":"['하단']",
            "3km이내백화점수":0,
            "5km이내아울렛몰수":0,
            "1km이내대형먀트수":1,
            "500m이내은행수":2,
            "500m이내병원수":0,
            "5km이내대형병원수":4,
            "500m이내공원수":2,
            "3km이내혐오시설수":0,
            "초등학교학업성취도":90.02,
            "중학교학업성취도":93.0,
            "용적률":384,
            "건폐율":38,
            "Y":35.10473,
            "X":128.97261,
            "rank":64.0,
            "area_info":"24평(80.62), 31평(103.67), 32평(106.08), 41평(138.2)",
            "last_sales":"2021-12-27,42000.0,41평(138.2)",
            "rank_history":[
                [
                    "202202",
                    64
                ],
                [
                    "202201",
                    69
                ]
            ],
            "rank_gap":5
        },
        {
            "index":133,
            "아파트명":"괴정참누리",
            "투자타입":"일반",
            "전용면적(m2)":"110.18",
            "전용면적(평)":"33평",
            "법정동주소":"부산시 사하구 괴정동 207-52",
            "도로명주소":"부산시 사하구 대티로17번길 47",
            "세대수":0,
            "입주년차":60,
            "용적률점수":"--",
            "건폐율점수":"--",
            "세대당주차수":30,
            "난방방식":30,
            "공급면적":"--",
            "전용률":"--",
            "욕실수":100,
            "현관타입":100,
            "주거총점":39.5,
            "지역구공급총점":0.0,
            "역세권":80,
            "30분내 이동가능 거점":0,
            "1시간내 이동가능 거점":0,
            "교통총점":40.0,
            "백화점":0,
            "아울렛몰":0,
            "대형마트":0,
            "은행":0,
            "병원":0,
            "종합병원":100,
            "공원":0,
            "혐오시설":0,
            "인프라총점":20.0,
            "초등학군":89.99,
            "중학군":57.06,
            "학군총점":63.646,
            "인구수":32.93,
            "인구증감":-7.9,
            "인구총점":20.681,
            "일자리":16.09,
            "소득수준":56.78,
            "일자리총점":28.297,
            "가치 총점":40.9688,
            "매매실거래년":20210513.0,
            "매매실거래가":23960.0,
            "전세실거래년":20220111.0,
            "전세실거래가":19000.0,
            "전세가율":79.3,
            "장기전세가율평균":71.65,
            "전세가율거품지수":-7.65,
            "검색코드":104056,
            "세대수":165.0,
            "준공년월":"2012-06-18",
            "준공년차":11.0,
            "가까운역이름":"대티",
            "가까운역거리":359.22,
            "역세권여부":"역세권",
            "30분이내주요거점역":0,
            "30분거점역이름":"[]",
            "1시간이내주요거점역":0,
            "1시간거점역이름":"[]",
            "3km이내백화점수":0,
            "5km이내아울렛몰수":0,
            "1km이내대형먀트수":0,
            "500m이내은행수":0,
            "500m이내병원수":0,
            "5km이내대형병원수":9,
            "500m이내공원수":0,
            "3km이내혐오시설수":0,
            "초등학교학업성취도":89.99,
            "중학교학업성취도":90.1,
            "용적률":175,
            "건폐율":19,
            "Y":35.105815,
            "X":129.00219,
            "rank":65.0,
            "area_info":"33평(110.18)",
            "last_sales":"2021-05-13,23960.0,33평(110.18)",
            "rank_history":[
                [
                    "202202",
                    65
                ],
                [
                    "202201",
                    87
                ]
            ],
            "rank_gap":22
        },
        {
            "index":301,
            "아파트명":"흥아거북",
            "투자타입":"재건축",
            "전용면적(m2)":"72.31",
            "전용면적(평)":"21평",
            "법정동주소":"부산시 사하구 괴정동 457",
            "도로명주소":"부산시 사하구 오작로8번길 50",
            "세대수":0,
            "입주년차":"--",
            "용적률점수":80,
            "건폐율점수":20,
            "세대당주차수":"--",
            "난방방식":"--",
            "공급면적":50,
            "전용률":80,
            "욕실수":"--",
            "현관타입":"--",
            "주거총점":42.5,
            "지역구공급총점":0.0,
            "역세권":50,
            "30분내 이동가능 거점":0,
            "1시간내 이동가능 거점":0,
            "교통총점":25.0,
            "백화점":0,
            "아울렛몰":0,
            "대형마트":80,
            "은행":20,
            "병원":0,
            "종합병원":100,
            "공원":0,
            "혐오시설":0,
            "인프라총점":34.0,
            "초등학군":90.0,
            "중학군":45.8,
            "학군총점":54.64,
            "인구수":32.93,
            "인구증감":-7.9,
            "인구총점":20.681,
            "일자리":16.09,
            "소득수준":56.78,
            "일자리총점":28.297,
            "가치 총점":40.967,
            "매매실거래년":20210618.0,
            "매매실거래가":11400.0,
            "전세실거래년":null,
            "전세실거래가":null,
            "전세가율":null,
            "장기전세가율평균":71.65,
            "전세가율거품지수":null,
            "검색코드":24653,
            "세대수":100.0,
            "준공년월":"1985-05-17",
            "준공년차":38.0,
            "가까운역이름":"괴정",
            "가까운역거리":578.46,
            "역세권여부":"준역세권",
            "30분이내주요거점역":0,
            "30분거점역이름":"[]",
            "1시간이내주요거점역":0,
            "1시간거점역이름":"[]",
            "3km이내백화점수":0,
            "5km이내아울렛몰수":0,
            "1km이내대형먀트수":1,
            "500m이내은행수":2,
            "500m이내병원수":0,
            "5km이내대형병원수":7,
            "500m이내공원수":0,
            "3km이내혐오시설수":0,
            "초등학교학업성취도":90.0,
            "중학교학업성취도":75.0,
            "용적률":167,
            "건폐율":45,
            "Y":35.095386,
            "X":128.99557,
            "rank":66.0,
            "area_info":"21평(72.31), 22평(73.46), 22평(75.46), 23평(76.89), 26평(87.54), 26평(88.98), 28평(93.47)",
            "last_sales":"2021-06-18,11400.0,26평(88.98)",
            "rank_history":[
                [
                    "202202",
                    66
                ],
                [
                    "202201",
                    45
                ]
            ],
            "rank_gap":-21
        },
        {
            "index":168,
            "아파트명":"동조리젠시타워",
            "투자타입":"일반",
            "전용면적(m2)":"69.31",
            "전용면적(평)":"20평",
            "법정동주소":"부산시 사하구 괴정동 956",
            "도로명주소":"부산시 사하구 사하로 178",
            "세대수":0,
            "입주년차":20,
            "용적률점수":"--",
            "건폐율점수":"--",
            "세대당주차수":0,
            "난방방식":30,
            "공급면적":"--",
            "전용률":"--",
            "욕실수":100,
            "현관타입":100,
            "주거총점":27.0,
            "지역구공급총점":0.0,
            "역세권":80,
            "30분내 이동가능 거점":0,
            "1시간내 이동가능 거점":0,
            "교통총점":40.0,
            "백화점":0,
            "아울렛몰":0,
            "대형마트":80,
            "은행":70,
            "병원":0,
            "종합병원":100,
            "공원":0,
            "혐오시설":0,
            "인프라총점":39.0,
            "초등학군":90.0,
            "중학군":45.8,
            "학군총점":54.64,
            "인구수":32.93,
            "인구증감":-7.9,
            "인구총점":20.681,
            "일자리":16.09,
            "소득수준":56.78,
            "일자리총점":28.297,
            "가치 총점":40.842,
            "매매실거래년":20210605.0,
            "매매실거래가":26000.0,
            "전세실거래년":null,
            "전세실거래가":null,
            "전세가율":null,
            "장기전세가율평균":71.65,
            "전세가율거품지수":null,
            "검색코드":17588,
            "세대수":130.0,
            "준공년월":"2003-12-11",
            "준공년차":20.0,
            "가까운역이름":"괴정",
            "가까운역거리":296.52,
            "역세권여부":"역세권",
            "30분이내주요거점역":0,
            "30분거점역이름":"[]",
            "1시간이내주요거점역":0,
            "1시간거점역이름":"[]",
            "3km이내백화점수":0,
            "5km이내아울렛몰수":0,
            "1km이내대형먀트수":1,
            "500m이내은행수":4,
            "500m이내병원수":0,
            "5km이내대형병원수":7,
            "500m이내공원수":0,
            "3km이내혐오시설수":0,
            "초등학교학업성취도":90.0,
            "중학교학업성취도":75.0,
            "용적률":756,
            "건폐율":73,
            "Y":35.097704,
            "X":128.994271,
            "rank":67.0,
            "area_info":"20평(69.31), 25평(85.65), 27평(91.18), 27평(91.15), 27평(91.33), 27평(91.58), 27평(92.52), 27평(92.54), 28평(93.43), 28평(93.57)",
            "last_sales":"2021-06-05,26000.0,28평(93.57)",
            "rank_history":[
                [
                    "202202",
                    67
                ],
                [
                    "202201",
                    61
                ]
            ],
            "rank_gap":-6
        },
        {
            "index":363,
            "아파트명":"다대롯데캐슬몰운대",
            "투자타입":"일반",
            "전용면적(m2)":"81.59",
            "전용면적(평)":"24평",
            "법정동주소":"부산시 사하구 다대동 1624",
            "도로명주소":"부산시 사하구 다대낙조2길 100",
            "세대수":100,
            "입주년차":40,
            "용적률점수":"--",
            "건폐율점수":"--",
            "세대당주차수":60,
            "난방방식":30,
            "공급면적":"--",
            "전용률":"--",
            "욕실수":100,
            "현관타입":100,
            "주거총점":75.0,
            "지역구공급총점":0.0,
            "역세권":50,
            "30분내 이동가능 거점":0,
            "1시간내 이동가능 거점":0,
            "교통총점":25.0,
            "백화점":0,
            "아울렛몰":0,
            "대형마트":0,
            "은행":0,
            "병원":0,
            "종합병원":0,
            "공원":100,
            "혐오시설":0,
            "인프라총점":3.0,
            "초등학군":89.99,
            "중학군":49.54,
            "학군총점":57.63,
            "인구수":32.93,
            "인구증감":-7.9,
            "인구총점":20.681,
            "일자리":16.09,
            "소득수준":56.78,
            "일자리총점":28.297,
            "가치 총점":40.689,
            "매매실거래년":20211229.0,
            "매매실거래가":40000.0,
            "전세실거래년":20220101.0,
            "전세실거래가":20000.0,
            "전세가율":85.11,
            "장기전세가율평균":71.65,
            "전세가율거품지수":-13.46,
            "검색코드":22423,
            "세대수":3462.0,
            "준공년월":"2007-11-26",
            "준공년차":16.0,
            "가까운역이름":"다대포항",
            "가까운역거리":696.77,
            "역세권여부":"준역세권",
            "30분이내주요거점역":0,
            "30분거점역이름":"[]",
            "1시간이내주요거점역":0,
            "1시간거점역이름":"[]",
            "3km이내백화점수":0,
            "5km이내아울렛몰수":0,
            "1km이내대형먀트수":0,
            "500m이내은행수":0,
            "500m이내병원수":0,
            "5km이내대형병원수":0,
            "500m이내공원수":3,
            "3km이내혐오시설수":0,
            "초등학교학업성취도":89.99,
            "중학교학업성취도":81.1,
            "용적률":199,
            "건폐율":14,
            "Y":35.056016,
            "X":128.963926,
            "rank":68.0,
            "area_info":"24평(81.59), 33평(109.15), 33평(111.19), 41평(137.0), 42평(140.5), 49평(164.99), 63평(210.32)",
            "last_sales":"2021-12-29,40000.0,41평(137.0)",
            "rank_history":[
                [
                    "202202",
                    68
                ],
                [
                    "202201",
                    67
                ]
            ],
            "rank_gap":-1
        },
        {
            "index":605,
            "아파트명":"신평협성엠파이어",
            "투자타입":"일반",
            "전용면적(m2)":"84.27",
            "전용면적(평)":"25평",
            "법정동주소":"부산시 사하구 신평동 11-6",
            "도로명주소":"부산시 사하구 장평로 339",
            "세대수":0,
            "입주년차":60,
            "용적률점수":"--",
            "건폐율점수":"--",
            "세대당주차수":30,
            "난방방식":30,
            "공급면적":"--",
            "전용률":"--",
            "욕실수":100,
            "현관타입":100,
            "주거총점":39.5,
            "지역구공급총점":0.0,
            "역세권":50,
            "30분내 이동가능 거점":0,
            "1시간내 이동가능 거점":0,
            "교통총점":25.0,
            "백화점":0,
            "아울렛몰":0,
            "대형마트":80,
            "은행":0,
            "병원":0,
            "종합병원":100,
            "공원":0,
            "혐오시설":0,
            "인프라총점":32.0,
            "초등학군":89.97,
            "중학군":49.42,
            "학군총점":57.53,
            "인구수":32.93,
            "인구증감":-7.9,
            "인구총점":20.681,
            "일자리":16.09,
            "소득수준":56.78,
            "일자리총점":28.297,
            "가치 총점":40.484,
            "매매실거래년":20211105.0,
            "매매실거래가":28000.0,
            "전세실거래년":20210712.0,
            "전세실거래가":16800.0,
            "전세가율":89.84,
            "장기전세가율평균":71.65,
            "전세가율거품지수":-18.19,
            "검색코드":103172,
            "세대수":256.0,
            "준공년월":"2012-03-19",
            "준공년차":11.0,
            "가까운역이름":"사하",
            "가까운역거리":731.57,
            "역세권여부":"준역세권",
            "30분이내주요거점역":0,
            "30분거점역이름":"[]",
            "1시간이내주요거점역":0,
            "1시간거점역이름":"[]",
            "3km이내백화점수":0,
            "5km이내아울렛몰수":0,
            "1km이내대형먀트수":1,
            "500m이내은행수":0,
            "500m이내병원수":0,
            "5km이내대형병원수":4,
            "500m이내공원수":0,
            "3km이내혐오시설수":0,
            "초등학교학업성취도":89.97,
            "중학교학업성취도":80.1,
            "용적률":199,
            "건폐율":20,
            "Y":35.095726,
            "X":128.97705,
            "rank":69.0,
            "area_info":"25평(84.27), 26평(88.92), 30평(101.4), 32평(107.6), 45평(149.72)",
            "last_sales":"2021-11-05,28000.0,32평(107.6)",
            "rank_history":[
                [
                    "202202",
                    69
                ],
                [
                    "202201",
                    68
                ]
            ],
            "rank_gap":-1
        },
        {
            "index":342,
            "아파트명":"국제그린",
            "투자타입":"일반",
            "전용면적(m2)":"63.17",
            "전용면적(평)":"19평",
            "법정동주소":"부산시 사하구 다대동 94-2",
            "도로명주소":"부산시 사하구 다대로381번길 75",
            "세대수":90,
            "입주년차":0,
            "용적률점수":"--",
            "건폐율점수":"--",
            "세대당주차수":0,
            "난방방식":30,
            "공급면적":"--",
            "전용률":"--",
            "욕실수":50,
            "현관타입":10,
            "주거총점":40.5,
            "지역구공급총점":0.0,
            "역세권":80,
            "30분내 이동가능 거점":0,
            "1시간내 이동가능 거점":0,
            "교통총점":40.0,
            "백화점":0,
            "아울렛몰":0,
            "대형마트":0,
            "은행":0,
            "병원":0,
            "종합병원":100,
            "공원":100,
            "혐오시설":0,
            "인프라총점":23.0,
            "초등학군":89.99,
            "중학군":49.88,
            "학군총점":57.902,
            "인구수":32.93,
            "인구증감":-7.9,
            "인구총점":20.681,
            "일자리":16.09,
            "소득수준":56.78,
            "일자리총점":28.297,
            "가치 총점":40.3956,
            "매매실거래년":20220117.0,
            "매매실거래가":8300.0,
            "전세실거래년":20211208.0,
            "전세실거래가":6000.0,
            "전세가율":72.29,
            "장기전세가율평균":71.65,
            "전세가율거품지수":-0.64,
            "검색코드":6429,
            "세대수":996.0,
            "준공년월":"1995-05-01",
            "준공년차":28.0,
            "가까운역이름":"낫개",
            "가까운역거리":417.95,
            "역세권여부":"역세권",
            "30분이내주요거점역":0,
            "30분거점역이름":"[]",
            "1시간이내주요거점역":0,
            "1시간거점역이름":"[]",
            "3km이내백화점수":0,
            "5km이내아울렛몰수":0,
            "1km이내대형먀트수":0,
            "500m이내은행수":1,
            "500m이내병원수":0,
            "5km이내대형병원수":2,
            "500m이내공원수":8,
            "3km이내혐오시설수":0,
            "초등학교학업성취도":89.99,
            "중학교학업성취도":80.6,
            "용적률":185,
            "건폐율":16,
            "Y":35.066274,
            "X":128.98411,
            "rank":70.0,
            "area_info":"19평(63.17)",
            "last_sales":"2022-01-17,8300.0,19평(63.17)",
            "rank_history":[
                [
                    "202202",
                    70
                ],
                [
                    "202201",
                    73
                ]
            ],
            "rank_gap":3
        },
        {
            "index":83,
            "아파트명":"IDS아델하임(도시형)",
            "투자타입":"일반",
            "전용면적(m2)":"36.1",
            "전용면적(평)":"10평",
            "법정동주소":"부산시 사하구 괴정동 955-4",
            "도로명주소":"부산시 사하구 사하로 182",
            "세대수":0,
            "입주년차":80,
            "용적률점수":"--",
            "건폐율점수":"--",
            "세대당주차수":0,
            "난방방식":30,
            "공급면적":"--",
            "전용률":"--",
            "욕실수":50,
            "현관타입":10,
            "주거총점":25.0,
            "지역구공급총점":0.0,
            "역세권":80,
            "30분내 이동가능 거점":0,
            "1시간내 이동가능 거점":0,
            "교통총점":40.0,
            "백화점":0,
            "아울렛몰":0,
            "대형마트":80,
            "은행":70,
            "병원":0,
            "종합병원":100,
            "공원":0,
            "혐오시설":0,
            "인프라총점":39.0,
            "초등학군":90.0,
            "중학군":45.8,
            "학군총점":54.64,
            "인구수":32.93,
            "인구증감":-7.9,
            "인구총점":20.681,
            "일자리":16.09,
            "소득수준":56.78,
            "일자리총점":28.297,
            "가치 총점":40.342,
            "매매실거래년":20220123.0,
            "매매실거래가":19000.0,
            "전세실거래년":20180212.0,
            "전세실거래가":8000.0,
            "전세가율":78.05,
            "장기전세가율평균":71.65,
            "전세가율거품지수":-6.4,
            "검색코드":110237,
            "세대수":264.0,
            "준공년월":"2017-05-02",
            "준공년차":6.0,
            "가까운역이름":"괴정",
            "가까운역거리":273.75,
            "역세권여부":"역세권",
            "30분이내주요거점역":0,
            "30분거점역이름":"[]",
            "1시간이내주요거점역":0,
            "1시간거점역이름":"[]",
            "3km이내백화점수":0,
            "5km이내아울렛몰수":0,
            "1km이내대형먀트수":1,
            "500m이내은행수":4,
            "500m이내병원수":0,
            "5km이내대형병원수":7,
            "500m이내공원수":0,
            "3km이내혐오시설수":0,
            "초등학교학업성취도":90.0,
            "중학교학업성취도":75.0,
            "용적률":826,
            "건폐율":60,
            "Y":35.098034,
            "X":128.994398,
            "rank":71.0,
            "area_info":"10평(36.1), 16평(55.68), 20평(68.74)",
            "last_sales":"2022-01-23,19000.0,20평(68.74)",
            "rank_history":[
                [
                    "202202",
                    71
                ],
                [
                    "202201",
                    66
                ]
            ],
            "rank_gap":-5
        },
        {
            "index":377,
            "아파트명":"다대영동비치타워",
            "투자타입":"일반",
            "전용면적(m2)":"98.5",
            "전용면적(평)":"29평",
            "법정동주소":"부산시 사하구 다대동 820-1",
            "도로명주소":"부산시 사하구 다대동로 30",
            "세대수":0,
            "입주년차":40,
            "용적률점수":"--",
            "건폐율점수":"--",
            "세대당주차수":60,
            "난방방식":30,
            "공급면적":"--",
            "전용률":"--",
            "욕실수":100,
            "현관타입":100,
            "주거총점":40.0,
            "지역구공급총점":0.0,
            "역세권":80,
            "30분내 이동가능 거점":0,
            "1시간내 이동가능 거점":0,
            "교통총점":40.0,
            "백화점":0,
            "아울렛몰":0,
            "대형마트":0,
            "은행":20,
            "병원":0,
            "종합병원":80,
            "공원":100,
            "혐오시설":0,
            "인프라총점":21.0,
            "초등학군":89.99,
            "중학군":51.7,
            "학군총점":59.358,
            "인구수":32.93,
            "인구증감":-7.9,
            "인구총점":20.681,
            "일자리":16.09,
            "소득수준":56.78,
            "일자리총점":28.297,
            "가치 총점":40.1074,
            "매매실거래년":20211127.0,
            "매매실거래가":27200.0,
            "전세실거래년":20211215.0,
            "전세실거래가":20000.0,
            "전세가율":84.03,
            "장기전세가율평균":71.65,
            "전세가율거품지수":-12.38,
            "검색코드":10989,
            "세대수":280.0,
            "준공년월":"2005-10-21",
            "준공년차":18.0,
            "가까운역이름":"다대포항",
            "가까운역거리":173.06,
            "역세권여부":"역세권",
            "30분이내주요거점역":0,
            "30분거점역이름":"[]",
            "1시간이내주요거점역":0,
            "1시간거점역이름":"[]",
            "3km이내백화점수":0,
            "5km이내아울렛몰수":0,
            "1km이내대형먀트수":0,
            "500m이내은행수":2,
            "500m이내병원수":0,
            "5km이내대형병원수":1,
            "500m이내공원수":3,
            "3km이내혐오시설수":0,
            "초등학교학업성취도":89.99,
            "중학교학업성취도":81.9,
            "용적률":717,
            "건폐율":59,
            "Y":35.056187,
            "X":128.971854,
            "rank":72.0,
            "area_info":"29평(98.5), 32평(108.41), 32평(108.55)",
            "last_sales":"2021-11-27,27200.0,32평(108.55)",
            "rank_history":[
                [
                    "202202",
                    72
                ],
                [
                    "202201",
                    75
                ]
            ],
            "rank_gap":3
        },
        {
            "index":676,
            "아파트명":"신우림",
            "투자타입":"일반",
            "전용면적(m2)":"103.96",
            "전용면적(평)":"31평",
            "법정동주소":"부산시 사하구 장림동 84-1",
            "도로명주소":"부산시 사하구 다대로227번길 15",
            "세대수":0,
            "입주년차":20,
            "용적률점수":"--",
            "건폐율점수":"--",
            "세대당주차수":0,
            "난방방식":30,
            "공급면적":"--",
            "전용률":"--",
            "욕실수":50,
            "현관타입":100,
            "주거총점":22.0,
            "지역구공급총점":0.0,
            "역세권":80,
            "30분내 이동가능 거점":0,
            "1시간내 이동가능 거점":0,
            "교통총점":40.0,
            "백화점":0,
            "아울렛몰":0,
            "대형마트":100,
            "은행":0,
            "병원":0,
            "종합병원":100,
            "공원":80,
            "혐오시설":0,
            "인프라총점":37.4,
            "초등학군":89.96,
            "중학군":49.64,
            "학군총점":57.704,
            "인구수":32.93,
            "인구증감":-7.9,
            "인구총점":20.681,
            "일자리":16.09,
            "소득수준":56.78,
            "일자리총점":28.297,
            "가치 총점":40.0312,
            "매매실거래년":20220105.0,
            "매매실거래가":16200.0,
            "전세실거래년":20210222.0,
            "전세실거래가":10000.0,
            "전세가율":63.29,
            "장기전세가율평균":71.65,
            "전세가율거품지수":8.36,
            "검색코드":9759,
            "세대수":298.0,
            "준공년월":"2001-12-08",
            "준공년차":22.0,
            "가까운역이름":"장림",
            "가까운역거리":219.76,
            "역세권여부":"역세권",
            "30분이내주요거점역":0,
            "30분거점역이름":"[]",
            "1시간이내주요거점역":0,
            "1시간거점역이름":"[]",
            "3km이내백화점수":0,
            "5km이내아울렛몰수":0,
            "1km이내대형먀트수":2,
            "500m이내은행수":1,
            "500m이내병원수":0,
            "5km이내대형병원수":3,
            "500m이내공원수":1,
            "3km이내혐오시설수":0,
            "초등학교학업성취도":89.96,
            "중학교학업성취도":80.6,
            "용적률":188,
            "건폐율":18,
            "Y":35.082798,
            "X":128.979539,
            "rank":73.0,
            "area_info":"31평(103.96), 31평(104.01), 33평(110.62), 47평(155.65)",
            "last_sales":"2022-01-05,16200.0,33평(110.62)",
            "rank_history":[
                [
                    "202202",
                    73
                ],
                [
                    "202201",
                    76
                ]
            ],
            "rank_gap":3
        },
        {
            "index":823,
            "아파트명":"한신혜성",
            "투자타입":"일반",
            "전용면적(m2)":"76.45",
            "전용면적(평)":"23평",
            "법정동주소":"부산시 사하구 하단동 277-2",
            "도로명주소":"부산시 사하구 동매로 120",
            "세대수":50,
            "입주년차":0,
            "용적률점수":"--",
            "건폐율점수":"--",
            "세대당주차수":0,
            "난방방식":30,
            "공급면적":"--",
            "전용률":"--",
            "욕실수":50,
            "현관타입":10,
            "주거총점":26.5,
            "지역구공급총점":0.0,
            "역세권":80,
            "30분내 이동가능 거점":0,
            "1시간내 이동가능 거점":10,
            "교통총점":42.0,
            "백화점":0,
            "아울렛몰":0,
            "대형마트":80,
            "은행":0,
            "병원":0,
            "종합병원":100,
            "공원":0,
            "혐오시설":0,
            "인프라총점":32.0,
            "초등학군":90.04,
            "중학군":49.42,
            "학군총점":57.544,
            "인구수":32.93,
            "인구증감":-7.9,
            "인구총점":20.681,
            "일자리":16.09,
            "소득수준":56.78,
            "일자리총점":28.297,
            "가치 총점":39.7882,
            "매매실거래년":20220113.0,
            "매매실거래가":14900.0,
            "전세실거래년":20211210.0,
            "전세실거래가":11000.0,
            "전세가율":73.83,
            "장기전세가율평균":71.65,
            "전세가율거품지수":-2.18,
            "검색코드":7137,
            "세대수":533.0,
            "준공년월":"1996-05-07",
            "준공년차":27.0,
            "가까운역이름":"당리",
            "가까운역거리":337.12,
            "역세권여부":"역세권",
            "30분이내주요거점역":0,
            "30분거점역이름":"[]",
            "1시간이내주요거점역":1,
            "1시간거점역이름":"['하단']",
            "3km이내백화점수":0,
            "5km이내아울렛몰수":0,
            "1km이내대형먀트수":1,
            "500m이내은행수":1,
            "500m이내병원수":0,
            "5km이내대형병원수":4,
            "500m이내공원수":0,
            "3km이내혐오시설수":0,
            "초등학교학업성취도":90.04,
            "중학교학업성취도":80.1,
            "용적률":0,
            "건폐율":0,
            "Y":35.101416,
            "X":128.971085,
            "rank":74.0,
            "area_info":"23평(76.45), 32평(107.66), 51평(170.31)",
            "last_sales":"2022-01-13,14900.0,23평(76.45)",
            "rank_history":[
                [
                    "202202",
                    74
                ],
                [
                    "202201",
                    74
                ]
            ],
            "rank_gap":0
        },
        {
            "index":35,
            "아파트명":"남성한빛가든",
            "투자타입":"일반",
            "전용면적(m2)":"81.87",
            "전용면적(평)":"24평",
            "법정동주소":"부산시 사하구 감천동 181-1",
            "도로명주소":"부산시 사하구 감천로 175",
            "세대수":30,
            "입주년차":0,
            "용적률점수":"--",
            "건폐율점수":"--",
            "세대당주차수":0,
            "난방방식":30,
            "공급면적":"--",
            "전용률":"--",
            "욕실수":50,
            "현관타입":100,
            "주거총점":28.5,
            "지역구공급총점":0.0,
            "역세권":0,
            "30분내 이동가능 거점":0,
            "1시간내 이동가능 거점":0,
            "교통총점":0.0,
            "백화점":100,
            "아울렛몰":0,
            "대형마트":0,
            "은행":0,
            "병원":0,
            "종합병원":100,
            "공원":80,
            "혐오시설":-50,
            "인프라총점":51.4,
            "초등학군":89.99,
            "중학군":48.02,
            "학군총점":56.414,
            "인구수":32.93,
            "인구증감":-7.9,
            "인구총점":20.681,
            "일자리":16.09,
            "소득수준":56.78,
            "일자리총점":28.297,
            "가치 총점":39.4692,
            "매매실거래년":20220103.0,
            "매매실거래가":13500.0,
            "전세실거래년":20211129.0,
            "전세실거래가":11800.0,
            "전세가율":87.41,
            "장기전세가율평균":71.65,
            "전세가율거품지수":-15.76,
            "검색코드":6095,
            "세대수":307.0,
            "준공년월":"1995-10-20",
            "준공년차":28.0,
            "가까운역이름":"토성",
            "가까운역거리":2029.81,
            "역세권여부":"비역세권",
            "30분이내주요거점역":0,
            "30분거점역이름":"[]",
            "1시간이내주요거점역":0,
            "1시간거점역이름":"[]",
            "3km이내백화점수":1,
            "5km이내아울렛몰수":0,
            "1km이내대형먀트수":0,
            "500m이내은행수":0,
            "500m이내병원수":0,
            "5km이내대형병원수":7,
            "500m이내공원수":1,
            "3km이내혐오시설수":1,
            "초등학교학업성취도":89.99,
            "중학교학업성취도":76.7,
            "용적률":398,
            "건폐율":31,
            "Y":35.084295,
            "X":129.010217,
            "rank":75.0,
            "area_info":"24평(81.87), 24평(82.42), 33평(109.92)",
            "last_sales":"2022-01-03,13500.0,24평(81.87)",
            "rank_history":[
                [
                    "202202",
                    75
                ],
                [
                    "202201",
                    44
                ]
            ],
            "rank_gap":-31
        },
        {
            "index":813,
            "아파트명":"하단삼창",
            "투자타입":"일반",
            "전용면적(m2)":"79.53",
            "전용면적(평)":"24평",
            "법정동주소":"부산시 사하구 하단동 277",
            "도로명주소":"부산시 사하구 괴정로 76",
            "세대수":0,
            "입주년차":20,
            "용적률점수":"--",
            "건폐율점수":"--",
            "세대당주차수":0,
            "난방방식":30,
            "공급면적":"--",
            "전용률":"--",
            "욕실수":50,
            "현관타입":100,
            "주거총점":22.0,
            "지역구공급총점":0.0,
            "역세권":80,
            "30분내 이동가능 거점":0,
            "1시간내 이동가능 거점":10,
            "교통총점":42.0,
            "백화점":0,
            "아울렛몰":0,
            "대형마트":80,
            "은행":20,
            "병원":0,
            "종합병원":100,
            "공원":0,
            "혐오시설":0,
            "인프라총점":34.0,
            "초등학군":90.04,
            "중학군":49.42,
            "학군총점":57.544,
            "인구수":32.93,
            "인구증감":-7.9,
            "인구총점":20.681,
            "일자리":16.09,
            "소득수준":56.78,
            "일자리총점":28.297,
            "가치 총점":39.2632,
            "매매실거래년":20210903.0,
            "매매실거래가":33500.0,
            "전세실거래년":20210331.0,
            "전세실거래가":16000.0,
            "전세가율":86.49,
            "장기전세가율평균":71.65,
            "전세가율거품지수":-14.84,
            "검색코드":7156,
            "세대수":162.0,
            "준공년월":"2001-06-25",
            "준공년차":22.0,
            "가까운역이름":"당리",
            "가까운역거리":268.13,
            "역세권여부":"역세권",
            "30분이내주요거점역":0,
            "30분거점역이름":"[]",
            "1시간이내주요거점역":1,
            "1시간거점역이름":"['하단']",
            "3km이내백화점수":0,
            "5km이내아울렛몰수":0,
            "1km이내대형먀트수":1,
            "500m이내은행수":2,
            "500m이내병원수":0,
            "5km이내대형병원수":4,
            "500m이내공원수":0,
            "3km이내혐오시설수":0,
            "초등학교학업성취도":90.04,
            "중학교학업성취도":80.1,
            "용적률":0,
            "건폐율":0,
            "Y":35.101735,
            "X":128.97178,
            "rank":76.0,
            "area_info":"24평(79.53), 32평(106.52), 41평(138.76)",
            "last_sales":"2021-09-03,33500.0,41평(138.76)",
            "rank_history":[
                [
                    "202202",
                    76
                ],
                [
                    "202201",
                    81
                ]
            ],
            "rank_gap":5
        },
        {
            "index":164,
            "아파트명":"국제",
            "투자타입":"재건축",
            "전용면적(m2)":"97.84",
            "전용면적(평)":"29평",
            "법정동주소":"부산시 사하구 괴정동 491-9",
            "도로명주소":"부산시 사하구 사하로141번길 20",
            "세대수":0,
            "입주년차":"--",
            "용적률점수":60,
            "건폐율점수":20,
            "세대당주차수":"--",
            "난방방식":"--",
            "공급면적":70,
            "전용률":80,
            "욕실수":"--",
            "현관타입":"--",
            "주거총점":35.5,
            "지역구공급총점":0.0,
            "역세권":50,
            "30분내 이동가능 거점":0,
            "1시간내 이동가능 거점":0,
            "교통총점":25.0,
            "백화점":0,
            "아울렛몰":0,
            "대형마트":80,
            "은행":20,
            "병원":0,
            "종합병원":100,
            "공원":0,
            "혐오시설":0,
            "인프라총점":34.0,
            "초등학군":90.0,
            "중학군":45.8,
            "학군총점":54.64,
            "인구수":32.93,
            "인구증감":-7.9,
            "인구총점":20.681,
            "일자리":16.09,
            "소득수준":56.78,
            "일자리총점":28.297,
            "가치 총점":39.217,
            "매매실거래년":20201029.0,
            "매매실거래가":29000.0,
            "전세실거래년":20200622.0,
            "전세실거래가":15000.0,
            "전세가율":52.63,
            "장기전세가율평균":71.65,
            "전세가율거품지수":19.02,
            "검색코드":6153,
            "세대수":176.0,
            "준공년월":"1985-06-05",
            "준공년차":38.0,
            "가까운역이름":"괴정",
            "가까운역거리":543.06,
            "역세권여부":"준역세권",
            "30분이내주요거점역":0,
            "30분거점역이름":"[]",
            "1시간이내주요거점역":0,
            "1시간거점역이름":"[]",
            "3km이내백화점수":0,
            "5km이내아울렛몰수":0,
            "1km이내대형먀트수":1,
            "500m이내은행수":2,
            "500m이내병원수":0,
            "5km이내대형병원수":7,
            "500m이내공원수":0,
            "3km이내혐오시설수":0,
            "초등학교학업성취도":90.0,
            "중학교학업성취도":75.0,
            "용적률":192,
            "건폐율":43,
            "Y":35.095083,
            "X":128.991815,
            "rank":77.0,
            "area_info":"29평(97.84), 31평(105.75)",
            "last_sales":"2020-10-29,29000.0,31평(105.75)",
            "rank_history":[
                [
                    "202202",
                    77
                ],
                [
                    "202201",
                    65
                ]
            ],
            "rank_gap":-12
        },
        {
            "index":540,
            "아파트명":"혜성",
            "투자타입":"일반",
            "전용면적(m2)":"76.59",
            "전용면적(평)":"23평",
            "법정동주소":"부산시 사하구 당리동 17-2",
            "도로명주소":"부산시 사하구 제석로 127",
            "세대수":50,
            "입주년차":0,
            "용적률점수":"--",
            "건폐율점수":"--",
            "세대당주차수":30,
            "난방방식":30,
            "공급면적":"--",
            "전용률":"--",
            "욕실수":50,
            "현관타입":10,
            "주거총점":31.0,
            "지역구공급총점":0.0,
            "역세권":50,
            "30분내 이동가능 거점":0,
            "1시간내 이동가능 거점":0,
            "교통총점":25.0,
            "백화점":0,
            "아울렛몰":0,
            "대형마트":80,
            "은행":0,
            "병원":0,
            "종합병원":100,
            "공원":80,
            "혐오시설":0,
            "인프라총점":34.4,
            "초등학군":90.0,
            "중학군":49.42,
            "학군총점":57.536,
            "인구수":32.93,
            "인구증감":-7.9,
            "인구총점":20.681,
            "일자리":16.09,
            "소득수준":56.78,
            "일자리총점":28.297,
            "가치 총점":39.0808,
            "매매실거래년":20220120.0,
            "매매실거래가":13100.0,
            "전세실거래년":20211220.0,
            "전세실거래가":13200.0,
            "전세가율":100.76,
            "장기전세가율평균":71.65,
            "전세가율거품지수":-29.11,
            "검색코드":6702,
            "세대수":423.0,
            "준공년월":"1996-01-30",
            "준공년차":27.0,
            "가까운역이름":"당리",
            "가까운역거리":900.43,
            "역세권여부":"준역세권",
            "30분이내주요거점역":0,
            "30분거점역이름":"[]",
            "1시간이내주요거점역":0,
            "1시간거점역이름":"[]",
            "3km이내백화점수":0,
            "5km이내아울렛몰수":0,
            "1km이내대형먀트수":1,
            "500m이내은행수":0,
            "500m이내병원수":0,
            "5km이내대형병원수":5,
            "500m이내공원수":1,
            "3km이내혐오시설수":0,
            "초등학교학업성취도":90.0,
            "중학교학업성취도":80.1,
            "용적률":307,
            "건폐율":19,
            "Y":35.109937,
            "X":128.979808,
            "rank":78.0,
            "area_info":"23평(76.59), 32평(107.85)",
            "last_sales":"2022-01-20,13100.0,23평(76.59)",
            "rank_history":[
                [
                    "202202",
                    78
                ],
                [
                    "202201",
                    80
                ]
            ],
            "rank_gap":2
        },
        {
            "index":559,
            "아파트명":"신익강변타운",
            "투자타입":"재건축",
            "전용면적(m2)":"90.16",
            "전용면적(평)":"27평",
            "법정동주소":"부산시 사하구 신평동 408",
            "도로명주소":"부산시 사하구 하신중앙로 180",
            "세대수":90,
            "입주년차":"--",
            "용적률점수":0,
            "건폐율점수":0,
            "세대당주차수":"--",
            "난방방식":"--",
            "공급면적":70,
            "전용률":80,
            "욕실수":"--",
            "현관타입":"--",
            "주거총점":34.5,
            "지역구공급총점":0.0,
            "역세권":80,
            "30분내 이동가능 거점":0,
            "1시간내 이동가능 거점":0,
            "교통총점":40.0,
            "백화점":0,
            "아울렛몰":0,
            "대형마트":0,
            "은행":20,
            "병원":0,
            "종합병원":100,
            "공원":80,
            "혐오시설":0,
            "인프라총점":24.4,
            "초등학군":89.99,
            "중학군":48.76,
            "학군총점":57.006,
            "인구수":32.93,
            "인구증감":-7.9,
            "인구총점":20.681,
            "일자리":16.09,
            "소득수준":56.78,
            "일자리총점":28.297,
            "가치 총점":39.0468,
            "매매실거래년":20210626.0,
            "매매실거래가":32000.0,
            "전세실거래년":20220108.0,
            "전세실거래가":14000.0,
            "전세가율":99.29,
            "장기전세가율평균":71.65,
            "전세가율거품지수":-27.64,
            "검색코드":6844,
            "세대수":937.0,
            "준공년월":"1992-03-25",
            "준공년차":31.0,
            "가까운역이름":"신평",
            "가까운역거리":316.65,
            "역세권여부":"역세권",
            "30분이내주요거점역":0,
            "30분거점역이름":"[]",
            "1시간이내주요거점역":0,
            "1시간거점역이름":"[]",
            "3km이내백화점수":0,
            "5km이내아울렛몰수":0,
            "1km이내대형먀트수":0,
            "500m이내은행수":2,
            "500m이내병원수":0,
            "5km이내대형병원수":2,
            "500m이내공원수":1,
            "3km이내혐오시설수":0,
            "초등학교학업성취도":89.99,
            "중학교학업성취도":79.6,
            "용적률":0,
            "건폐율":0,
            "Y":35.096418,
            "X":128.963781,
            "rank":79.0,
            "area_info":"27평(90.16), 28평(94.05), 29평(97.67), 30평(101.21), 31평(102.63), 31평(102.61), 31평(103.42), 31평(103.18), 32평(109.09), 35평(116.14), 39평(129.77), 40평(132.98), 41평(136.81), 42평(141.92), 47평(157.67), 51평(170.71)",
            "last_sales":"2021-06-26,32000.0,51평(170.71)",
            "rank_history":[
                [
                    "202202",
                    79
                ],
                [
                    "202201",
                    88
                ]
            ],
            "rank_gap":9
        },
        {
            "index":457,
            "아파트명":"당리신익",
            "투자타입":"재건축",
            "전용면적(m2)":"99.46",
            "전용면적(평)":"30평",
            "법정동주소":"부산시 사하구 당리동 407",
            "도로명주소":"부산시 사하구 승학로 123-4",
            "세대수":30,
            "입주년차":"--",
            "용적률점수":0,
            "건폐율점수":0,
            "세대당주차수":"--",
            "난방방식":"--",
            "공급면적":90,
            "전용률":80,
            "욕실수":"--",
            "현관타입":"--",
            "주거총점":17.5,
            "지역구공급총점":0.0,
            "역세권":80,
            "30분내 이동가능 거점":0,
            "1시간내 이동가능 거점":10,
            "교통총점":42.0,
            "백화점":0,
            "아울렛몰":0,
            "대형마트":80,
            "은행":20,
            "병원":0,
            "종합병원":100,
            "공원":100,
            "혐오시설":0,
            "인프라총점":37.0,
            "초등학군":90.0,
            "중학군":49.42,
            "학군총점":57.536,
            "인구수":32.93,
            "인구증감":-7.9,
            "인구총점":20.681,
            "일자리":16.09,
            "소득수준":56.78,
            "일자리총점":28.297,
            "가치 총점":39.0358,
            "매매실거래년":20211026.0,
            "매매실거래가":33000.0,
            "전세실거래년":20210823.0,
            "전세실거래가":14000.0,
            "전세가율":75.68,
            "장기전세가율평균":71.65,
            "전세가율거품지수":-4.03,
            "검색코드":6552,
            "세대수":300.0,
            "준공년월":"1992-01-24",
            "준공년차":31.0,
            "가까운역이름":"당리",
            "가까운역거리":468.79,
            "역세권여부":"역세권",
            "30분이내주요거점역":0,
            "30분거점역이름":"[]",
            "1시간이내주요거점역":1,
            "1시간거점역이름":"['하단']",
            "3km이내백화점수":0,
            "5km이내아울렛몰수":0,
            "1km이내대형먀트수":1,
            "500m이내은행수":2,
            "500m이내병원수":0,
            "5km이내대형병원수":5,
            "500m이내공원수":2,
            "3km이내혐오시설수":0,
            "초등학교학업성취도":90.0,
            "중학교학업성취도":80.1,
            "용적률":0,
            "건폐율":0,
            "Y":35.104329,
            "X":128.978765,
            "rank":80.0,
            "area_info":"30평(99.46), 31평(103.49), 41평(135.89), 41평(137.02), 42평(140.25), 44평(147.16), 47평(156.4), 47평(156.38), 47평(158.23), 50평(167.32), 59평(197.39), 59평(197.17), 63평(209.84), 82평(272.91)",
            "last_sales":"2021-10-26,33000.0,63평(209.84)",
            "rank_history":[
                [
                    "202202",
                    80
                ],
                [
                    "202201",
                    89
                ]
            ],
            "rank_gap":9
        },
        {
            "index":750,
            "아파트명":"가락타운1단지",
            "투자타입":"재건축",
            "전용면적(m2)":"89.71",
            "전용면적(평)":"27평",
            "법정동주소":"부산시 사하구 하단동 1161-2",
            "도로명주소":"부산시 사하구 하신번영로 365",
            "세대수":100,
            "입주년차":"--",
            "용적률점수":0,
            "건폐율점수":100,
            "세대당주차수":"--",
            "난방방식":"--",
            "공급면적":70,
            "전용률":80,
            "욕실수":"--",
            "현관타입":"--",
            "주거총점":57.5,
            "지역구공급총점":0.0,
            "역세권":0,
            "30분내 이동가능 거점":0,
            "1시간내 이동가능 거점":10,
            "교통총점":2.0,
            "백화점":0,
            "아울렛몰":0,
            "대형마트":0,
            "은행":0,
            "병원":0,
            "종합병원":80,
            "공원":80,
            "혐오시설":0,
            "인프라총점":18.4,
            "초등학군":90.0,
            "중학군":55.88,
            "학군총점":62.704,
            "인구수":32.93,
            "인구증감":-7.9,
            "인구총점":20.681,
            "일자리":16.09,
            "소득수준":56.78,
            "일자리총점":28.297,
            "가치 총점":39.0062,
            "매매실거래년":20211105.0,
            "매매실거래가":41000.0,
            "전세실거래년":20210624.0,
            "전세실거래가":20000.0,
            "전세가율":60.61,
            "장기전세가율평균":71.65,
            "전세가율거품지수":11.04,
            "검색코드":9826,
            "세대수":1746.0,
            "준공년월":"1992-09-14",
            "준공년차":31.0,
            "가까운역이름":"하단",
            "가까운역거리":1005.44,
            "역세권여부":"비역세권",
            "30분이내주요거점역":0,
            "30분거점역이름":"[]",
            "1시간이내주요거점역":1,
            "1시간거점역이름":"['하단']",
            "3km이내백화점수":0,
            "5km이내아울렛몰수":0,
            "1km이내대형먀트수":0,
            "500m이내은행수":0,
            "500m이내병원수":0,
            "5km이내대형병원수":1,
            "500m이내공원수":1,
            "3km이내혐오시설수":0,
            "초등학교학업성취도":90.0,
            "중학교학업성취도":90.8,
            "용적률":243,
            "건폐율":18,
            "Y":35.112726,
            "X":128.959087,
            "rank":81.0,
            "area_info":"27평(89.71), 31평(104.11), 31평(104.16)",
            "last_sales":"2021-11-05,41000.0,31평(104.16)",
            "rank_history":[
                [
                    "202202",
                    81
                ],
                [
                    "202201",
                    54
                ]
            ],
            "rank_gap":-27
        },
        {
            "index":680,
            "아파트명":"장림대동맨션",
            "투자타입":"일반",
            "전용면적(m2)":"87.56",
            "전용면적(평)":"26평",
            "법정동주소":"부산시 사하구 장림동 307",
            "도로명주소":"부산시 사하구 다대로 289",
            "세대수":0,
            "입주년차":0,
            "용적률점수":"--",
            "건폐율점수":"--",
            "세대당주차수":0,
            "난방방식":30,
            "공급면적":"--",
            "전용률":"--",
            "욕실수":100,
            "현관타입":100,
            "주거총점":23.0,
            "지역구공급총점":0.0,
            "역세권":80,
            "30분내 이동가능 거점":0,
            "1시간내 이동가능 거점":0,
            "교통총점":40.0,
            "백화점":0,
            "아울렛몰":0,
            "대형마트":80,
            "은행":0,
            "병원":0,
            "종합병원":100,
            "공원":0,
            "혐오시설":0,
            "인프라총점":32.0,
            "초등학군":89.97,
            "중학군":49.64,
            "학군총점":57.706,
            "인구수":32.93,
            "인구증감":-7.9,
            "인구총점":20.681,
            "일자리":16.09,
            "소득수준":56.78,
            "일자리총점":28.297,
            "가치 총점":38.6618,
            "매매실거래년":20211231.0,
            "매매실거래가":17800.0,
            "전세실거래년":20191026.0,
            "전세실거래가":10000.0,
            "전세가율":71.43,
            "장기전세가율평균":71.65,
            "전세가율거품지수":0.22,
            "검색코드":10407,
            "세대수":101.0,
            "준공년월":"1993-10-06",
            "준공년차":30.0,
            "가까운역이름":"신장림",
            "가까운역거리":239.3,
            "역세권여부":"역세권",
            "30분이내주요거점역":0,
            "30분거점역이름":"[]",
            "1시간이내주요거점역":0,
            "1시간거점역이름":"[]",
            "3km이내백화점수":0,
            "5km이내아울렛몰수":0,
            "1km이내대형먀트수":1,
            "500m이내은행수":1,
            "500m이내병원수":0,
            "5km이내대형병원수":2,
            "500m이내공원수":0,
            "3km이내혐오시설수":0,
            "초등학교학업성취도":89.97,
            "중학교학업성취도":80.6,
            "용적률":394,
            "건폐율":45,
            "Y":35.076784,
            "X":128.977427,
            "rank":82.0,
            "area_info":"26평(87.56), 28평(95.52), 29평(97.62), 31평(102.95)",
            "last_sales":"2021-12-31,17800.0,29평(97.62)",
            "rank_history":[
                [
                    "202202",
                    82
                ],
                [
                    "202201",
                    90
                ]
            ],
            "rank_gap":8
        },
        {
            "index":107,
            "아파트명":"괴정경동메르빌",
            "투자타입":"일반",
            "전용면적(m2)":"112.78",
            "전용면적(평)":"34평",
            "법정동주소":"부산시 사하구 괴정동 619-16",
            "도로명주소":"부산시 사하구 괴정로244번길 57",
            "세대수":0,
            "입주년차":40,
            "용적률점수":"--",
            "건폐율점수":"--",
            "세대당주차수":30,
            "난방방식":30,
            "공급면적":"--",
            "전용률":"--",
            "욕실수":100,
            "현관타입":100,
            "주거총점":35.5,
            "지역구공급총점":0.0,
            "역세권":50,
            "30분내 이동가능 거점":0,
            "1시간내 이동가능 거점":0,
            "교통총점":25.0,
            "백화점":0,
            "아울렛몰":0,
            "대형마트":80,
            "은행":0,
            "병원":0,
            "종합병원":100,
            "공원":0,
            "혐오시설":0,
            "인프라총점":32.0,
            "초등학군":89.97,
            "중학군":45.8,
            "학군총점":54.634,
            "인구수":32.93,
            "인구증감":-7.9,
            "인구총점":20.681,
            "일자리":16.09,
            "소득수준":56.78,
            "일자리총점":28.297,
            "가치 총점":38.6152,
            "매매실거래년":20211126.0,
            "매매실거래가":23000.0,
            "전세실거래년":20210702.0,
            "전세실거래가":18000.0,
            "전세가율":78.26,
            "장기전세가율평균":71.65,
            "전세가율거품지수":-6.61,
            "검색코드":25445,
            "세대수":163.0,
            "준공년월":"2006-12-04",
            "준공년차":17.0,
            "가까운역이름":"사하",
            "가까운역거리":728.6,
            "역세권여부":"준역세권",
            "30분이내주요거점역":0,
            "30분거점역이름":"[]",
            "1시간이내주요거점역":0,
            "1시간거점역이름":"[]",
            "3km이내백화점수":0,
            "5km이내아울렛몰수":0,
            "1km이내대형먀트수":1,
            "500m이내은행수":0,
            "500m이내병원수":0,
            "5km이내대형병원수":6,
            "500m이내공원수":0,
            "3km이내혐오시설수":0,
            "초등학교학업성취도":89.97,
            "중학교학업성취도":75.0,
            "용적률":199,
            "건폐율":15,
            "Y":35.094065,
            "X":128.987339,
            "rank":83.0,
            "area_info":"34평(112.78), 34평(113.91)",
            "last_sales":"2021-11-26,23000.0,34평(112.78)",
            "rank_history":[
                [
                    "202202",
                    83
                ],
                [
                    "202201",
                    85
                ]
            ],
            "rank_gap":2
        },
        {
            "index":758,
            "아파트명":"가락타운3단지",
            "투자타입":"재건축",
            "전용면적(m2)":"102.91",
            "전용면적(평)":"31평",
            "법정동주소":"부산시 사하구 하단동 1176",
            "도로명주소":"부산시 사하구 하신중앙로 265",
            "세대수":100,
            "입주년차":"--",
            "용적률점수":0,
            "건폐율점수":0,
            "세대당주차수":"--",
            "난방방식":"--",
            "공급면적":90,
            "전용률":80,
            "욕실수":"--",
            "현관타입":"--",
            "주거총점":38.5,
            "지역구공급총점":0.0,
            "역세권":50,
            "30분내 이동가능 거점":0,
            "1시간내 이동가능 거점":10,
            "교통총점":27.0,
            "백화점":0,
            "아울렛몰":0,
            "대형마트":0,
            "은행":70,
            "병원":0,
            "종합병원":80,
            "공원":100,
            "혐오시설":0,
            "인프라총점":26.0,
            "초등학군":89.99,
            "중학군":48.76,
            "학군총점":57.006,
            "인구수":32.93,
            "인구증감":-7.9,
            "인구총점":20.681,
            "일자리":16.09,
            "소득수준":56.78,
            "일자리총점":28.297,
            "가치 총점":38.5768,
            "매매실거래년":20220109.0,
            "매매실거래가":35500.0,
            "전세실거래년":20220107.0,
            "전세실거래가":23500.0,
            "전세가율":66.2,
            "장기전세가율평균":71.65,
            "전세가율거품지수":5.45,
            "검색코드":9828,
            "세대수":2132.0,
            "준공년월":"1992-09-14",
            "준공년차":31.0,
            "가까운역이름":"신평",
            "가까운역거리":737.49,
            "역세권여부":"준역세권",
            "30분이내주요거점역":0,
            "30분거점역이름":"[]",
            "1시간이내주요거점역":1,
            "1시간거점역이름":"['하단']",
            "3km이내백화점수":0,
            "5km이내아울렛몰수":0,
            "1km이내대형먀트수":0,
            "500m이내은행수":3,
            "500m이내병원수":0,
            "5km이내대형병원수":1,
            "500m이내공원수":2,
            "3km이내혐오시설수":0,
            "초등학교학업성취도":89.99,
            "중학교학업성취도":79.6,
            "용적률":0,
            "건폐율":0,
            "Y":35.101831,
            "X":128.959848,
            "rank":84.0,
            "area_info":"31평(102.91), 31평(102.96)",
            "last_sales":"2022-01-09,35500.0,31평(102.91)",
            "rank_history":[
                [
                    "202202",
                    84
                ],
                [
                    "202201",
                    77
                ]
            ],
            "rank_gap":-7
        },
        {
            "index":129,
            "아파트명":"괴정자유2차",
            "투자타입":"일반",
            "전용면적(m2)":"99.92",
            "전용면적(평)":"30평",
            "법정동주소":"부산시 사하구 괴정동 1064-1",
            "도로명주소":"부산시 사하구 승학로233번길 50",
            "세대수":0,
            "입주년차":0,
            "용적률점수":"--",
            "건폐율점수":"--",
            "세대당주차수":0,
            "난방방식":30,
            "공급면적":"--",
            "전용률":"--",
            "욕실수":100,
            "현관타입":100,
            "주거총점":23.0,
            "지역구공급총점":0.0,
            "역세권":80,
            "30분내 이동가능 거점":0,
            "1시간내 이동가능 거점":0,
            "교통총점":40.0,
            "백화점":0,
            "아울렛몰":0,
            "대형마트":80,
            "은행":0,
            "병원":0,
            "종합병원":100,
            "공원":0,
            "혐오시설":0,
            "인프라총점":32.0,
            "초등학군":90.01,
            "중학군":49.0,
            "학군총점":57.202,
            "인구수":32.93,
            "인구증감":-7.9,
            "인구총점":20.681,
            "일자리":16.09,
            "소득수준":56.78,
            "일자리총점":28.297,
            "가치 총점":38.5106,
            "매매실거래년":20210814.0,
            "매매실거래가":25700.0,
            "전세실거래년":null,
            "전세실거래가":null,
            "전세가율":null,
            "장기전세가율평균":71.65,
            "전세가율거품지수":null,
            "검색코드":6238,
            "세대수":235.0,
            "준공년월":"1997-02-01",
            "준공년차":26.0,
            "가까운역이름":"괴정",
            "가까운역거리":452.2,
            "역세권여부":"역세권",
            "30분이내주요거점역":0,
            "30분거점역이름":"[]",
            "1시간이내주요거점역":0,
            "1시간거점역이름":"[]",
            "3km이내백화점수":0,
            "5km이내아울렛몰수":0,
            "1km이내대형먀트수":1,
            "500m이내은행수":1,
            "500m이내병원수":0,
            "5km이내대형병원수":6,
            "500m이내공원수":0,
            "3km이내혐오시설수":0,
            "초등학교학업성취도":90.01,
            "중학교학업성취도":78.8,
            "용적률":252,
            "건폐율":33,
            "Y":35.103657,
            "X":128.990482,
            "rank":85.0,
            "area_info":"30평(99.92), 30평(100.38), 44평(148.43), 58평(191.93)",
            "last_sales":"2021-08-14,25700.0,58평(191.93)",
            "rank_history":[
                [
                    "202202",
                    85
                ],
                [
                    "202201",
                    84
                ]
            ],
            "rank_gap":-1
        },
        {
            "index":441,
            "아파트명":"당리동원베네스트1차",
            "투자타입":"일반",
            "전용면적(m2)":"75.94",
            "전용면적(평)":"22평",
            "법정동주소":"부산시 사하구 당리동 16-7",
            "도로명주소":"부산시 사하구 제석로 160",
            "세대수":50,
            "입주년차":40,
            "용적률점수":"--",
            "건폐율점수":"--",
            "세대당주차수":30,
            "난방방식":30,
            "공급면적":"--",
            "전용률":"--",
            "욕실수":100,
            "현관타입":100,
            "주거총점":53.0,
            "지역구공급총점":0.0,
            "역세권":0,
            "30분내 이동가능 거점":0,
            "1시간내 이동가능 거점":0,
            "교통총점":0.0,
            "백화점":0,
            "아울렛몰":0,
            "대형마트":0,
            "은행":70,
            "병원":0,
            "종합병원":100,
            "공원":0,
            "혐오시설":0,
            "인프라총점":27.0,
            "초등학군":90.0,
            "중학군":49.0,
            "학군총점":57.2,
            "인구수":32.93,
            "인구증감":-7.9,
            "인구총점":20.681,
            "일자리":16.09,
            "소득수준":56.78,
            "일자리총점":28.297,
            "가치 총점":38.51,
            "매매실거래년":20211220.0,
            "매매실거래가":17500.0,
            "전세실거래년":20210727.0,
            "전세실거래가":15000.0,
            "전세가율":83.33,
            "장기전세가율평균":71.65,
            "전세가율거품지수":-11.68,
            "검색코드":10986,
            "세대수":499.0,
            "준공년월":"2005-02-05",
            "준공년차":18.0,
            "가까운역이름":"사하",
            "가까운역거리":1159.58,
            "역세권여부":"비역세권",
            "30분이내주요거점역":0,
            "30분거점역이름":"[]",
            "1시간이내주요거점역":0,
            "1시간거점역이름":"[]",
            "3km이내백화점수":0,
            "5km이내아울렛몰수":0,
            "1km이내대형먀트수":0,
            "500m이내은행수":3,
            "500m이내병원수":0,
            "5km이내대형병원수":6,
            "500m이내공원수":0,
            "3km이내혐오시설수":0,
            "초등학교학업성취도":90.0,
            "중학교학업성취도":78.8,
            "용적률":214,
            "건폐율":20,
            "Y":35.110161,
            "X":128.98444,
            "rank":86.0,
            "area_info":"22평(75.94), 28평(94.46), 31평(103.39), 44평(148.46)",
            "last_sales":"2021-12-20,17500.0,28평(94.46)",
            "rank_history":[
                [
                    "202202",
                    86
                ],
                [
                    "202201",
                    52
                ]
            ],
            "rank_gap":-34
        },
        {
            "index":593,
            "아파트명":"신평삼한사랑채",
            "투자타입":"일반",
            "전용면적(m2)":"111.33",
            "전용면적(평)":"33평",
            "법정동주소":"부산시 사하구 신평동 668",
            "도로명주소":"부산시 사하구 신산북로 5",
            "세대수":0,
            "입주년차":80,
            "용적률점수":"--",
            "건폐율점수":"--",
            "세대당주차수":30,
            "난방방식":30,
            "공급면적":"--",
            "전용률":"--",
            "욕실수":100,
            "현관타입":100,
            "주거총점":43.5,
            "지역구공급총점":0.0,
            "역세권":50,
            "30분내 이동가능 거점":0,
            "1시간내 이동가능 거점":0,
            "교통총점":25.0,
            "백화점":0,
            "아울렛몰":0,
            "대형마트":0,
            "은행":20,
            "병원":0,
            "종합병원":100,
            "공원":0,
            "혐오시설":0,
            "인프라총점":22.0,
            "초등학군":89.95,
            "중학군":48.76,
            "학군총점":56.998,
            "인구수":32.93,
            "인구증감":-7.9,
            "인구총점":20.681,
            "일자리":16.09,
            "소득수준":56.78,
            "일자리총점":28.297,
            "가치 총점":38.3244,
            "매매실거래년":20220124.0,
            "매매실거래가":30000.0,
            "전세실거래년":20211231.0,
            "전세실거래가":18900.0,
            "전세가율":63.0,
            "장기전세가율평균":71.65,
            "전세가율거품지수":8.65,
            "검색코드":109575,
            "세대수":298.0,
            "준공년월":"2016-10-14",
            "준공년차":7.0,
            "가까운역이름":"신평",
            "가까운역거리":529.74,
            "역세권여부":"준역세권",
            "30분이내주요거점역":0,
            "30분거점역이름":"[]",
            "1시간이내주요거점역":0,
            "1시간거점역이름":"[]",
            "3km이내백화점수":0,
            "5km이내아울렛몰수":0,
            "1km이내대형먀트수":0,
            "500m이내은행수":2,
            "500m이내병원수":0,
            "5km이내대형병원수":3,
            "500m이내공원수":0,
            "3km이내혐오시설수":0,
            "초등학교학업성취도":89.95,
            "중학교학업성취도":79.6,
            "용적률":253,
            "건폐율":13,
            "Y":35.093336,
            "X":128.965962,
            "rank":87.0,
            "area_info":"33평(111.33)",
            "last_sales":"2022-01-24,30000.0,33평(111.33)",
            "rank_history":[
                [
                    "202202",
                    87
                ],
                [
                    "202201",
                    78
                ]
            ],
            "rank_gap":-9
        },
        {
            "index":684,
            "아파트명":"장림로얄베스토피아",
            "투자타입":"일반",
            "전용면적(m2)":"78.99",
            "전용면적(평)":"23평",
            "법정동주소":"부산시 사하구 장림동 185-29",
            "도로명주소":"부산시 사하구 다대로227번길 45",
            "세대수":0,
            "입주년차":0,
            "용적률점수":"--",
            "건폐율점수":"--",
            "세대당주차수":0,
            "난방방식":30,
            "공급면적":"--",
            "전용률":"--",
            "욕실수":50,
            "현관타입":100,
            "주거총점":18.0,
            "지역구공급총점":0.0,
            "역세권":80,
            "30분내 이동가능 거점":0,
            "1시간내 이동가능 거점":0,
            "교통총점":40.0,
            "백화점":0,
            "아울렛몰":0,
            "대형마트":100,
            "은행":0,
            "병원":0,
            "종합병원":100,
            "공원":0,
            "혐오시설":0,
            "인프라총점":35.0,
            "초등학군":89.96,
            "중학군":49.64,
            "학군총점":57.704,
            "인구수":32.93,
            "인구증감":-7.9,
            "인구총점":20.681,
            "일자리":16.09,
            "소득수준":56.78,
            "일자리총점":28.297,
            "가치 총점":38.3112,
            "매매실거래년":20211203.0,
            "매매실거래가":13000.0,
            "전세실거래년":20200506.0,
            "전세실거래가":13000.0,
            "전세가율":114.04,
            "장기전세가율평균":71.65,
            "전세가율거품지수":-42.39,
            "검색코드":6915,
            "세대수":187.0,
            "준공년월":"1993-07-28",
            "준공년차":30.0,
            "가까운역이름":"장림",
            "가까운역거리":233.77,
            "역세권여부":"역세권",
            "30분이내주요거점역":0,
            "30분거점역이름":"[]",
            "1시간이내주요거점역":0,
            "1시간거점역이름":"[]",
            "3km이내백화점수":0,
            "5km이내아울렛몰수":0,
            "1km이내대형먀트수":2,
            "500m이내은행수":1,
            "500m이내병원수":0,
            "5km이내대형병원수":3,
            "500m이내공원수":0,
            "3km이내혐오시설수":0,
            "초등학교학업성취도":89.96,
            "중학교학업성취도":80.6,
            "용적률":251,
            "건폐율":34,
            "Y":35.080217,
            "X":128.978784,
            "rank":88.0,
            "area_info":"23평(78.99), 30평(100.55), 31평(103.47), 31평(103.95), 31평(104.37), 41평(138.53)",
            "last_sales":"2021-12-03,13000.0,31평(103.47)",
            "rank_history":[
                [
                    "202202",
                    88
                ],
                [
                    "202201",
                    93
                ]
            ],
            "rank_gap":5
        },
        {
            "index":422,
            "아파트명":"삼환2차",
            "투자타입":"일반",
            "전용면적(m2)":"105.9",
            "전용면적(평)":"32평",
            "법정동주소":"부산시 사하구 다대동 94",
            "도로명주소":"부산시 사하구 다대로381번길 41",
            "세대수":0,
            "입주년차":20,
            "용적률점수":"--",
            "건폐율점수":"--",
            "세대당주차수":30,
            "난방방식":30,
            "공급면적":"--",
            "전용률":"--",
            "욕실수":100,
            "현관타입":100,
            "주거총점":31.5,
            "지역구공급총점":0.0,
            "역세권":80,
            "30분내 이동가능 거점":0,
            "1시간내 이동가능 거점":0,
            "교통총점":40.0,
            "백화점":0,
            "아울렛몰":0,
            "대형마트":0,
            "은행":0,
            "병원":0,
            "종합병원":100,
            "공원":100,
            "혐오시설":0,
            "인프라총점":23.0,
            "초등학군":89.97,
            "중학군":49.88,
            "학군총점":57.898,
            "인구수":32.93,
            "인구증감":-7.9,
            "인구총점":20.681,
            "일자리":16.09,
            "소득수준":56.78,
            "일자리총점":28.297,
            "가치 총점":38.1444,
            "매매실거래년":20220117.0,
            "매매실거래가":21000.0,
            "전세실거래년":20211130.0,
            "전세실거래가":16000.0,
            "전세가율":76.19,
            "장기전세가율평균":71.65,
            "전세가율거품지수":-4.54,
            "검색코드":6540,
            "세대수":268.0,
            "준공년월":"1999-09-21",
            "준공년차":24.0,
            "가까운역이름":"낫개",
            "가까운역거리":379.02,
            "역세권여부":"역세권",
            "30분이내주요거점역":0,
            "30분거점역이름":"[]",
            "1시간이내주요거점역":0,
            "1시간거점역이름":"[]",
            "3km이내백화점수":0,
            "5km이내아울렛몰수":0,
            "1km이내대형먀트수":0,
            "500m이내은행수":0,
            "500m이내병원수":0,
            "5km이내대형병원수":2,
            "500m이내공원수":8,
            "3km이내혐오시설수":0,
            "초등학교학업성취도":89.97,
            "중학교학업성취도":80.6,
            "용적률":67,
            "건폐율":4,
            "Y":35.067929,
            "X":128.982365,
            "rank":89.0,
            "area_info":"32평(105.9)",
            "last_sales":"2022-01-17,21000.0,32평(105.9)",
            "rank_history":[
                [
                    "202202",
                    89
                ],
                [
                    "202201",
                    95
                ]
            ],
            "rank_gap":6
        },
        {
            "index":520,
            "아파트명":"신동아(33-4)",
            "투자타입":"일반",
            "전용면적(m2)":"75.81",
            "전용면적(평)":"22평",
            "법정동주소":"부산시 사하구 당리동 33-4",
            "도로명주소":"부산시 사하구 제석로95번길 22-3",
            "세대수":0,
            "입주년차":0,
            "용적률점수":"--",
            "건폐율점수":"--",
            "세대당주차수":0,
            "난방방식":30,
            "공급면적":"--",
            "전용률":"--",
            "욕실수":50,
            "현관타입":100,
            "주거총점":18.0,
            "지역구공급총점":0.0,
            "역세권":50,
            "30분내 이동가능 거점":0,
            "1시간내 이동가능 거점":0,
            "교통총점":25.0,
            "백화점":0,
            "아울렛몰":0,
            "대형마트":80,
            "은행":0,
            "병원":0,
            "종합병원":100,
            "공원":80,
            "혐오시설":0,
            "인프라총점":34.4,
            "초등학군":90.02,
            "중학군":57.48,
            "학군총점":63.988,
            "인구수":32.93,
            "인구증감":-7.9,
            "인구총점":20.681,
            "일자리":16.09,
            "소득수준":56.78,
            "일자리총점":28.297,
            "가치 총점":37.7664,
            "매매실거래년":20211117.0,
            "매매실거래가":9700.0,
            "전세실거래년":20180326.0,
            "전세실거래가":7000.0,
            "전세가율":72.16,
            "장기전세가율평균":71.65,
            "전세가율거품지수":-0.51,
            "검색코드":6582,
            "세대수":120.0,
            "준공년월":"1996-12-02",
            "준공년차":27.0,
            "가까운역이름":"당리",
            "가까운역거리":818.7,
            "역세권여부":"준역세권",
            "30분이내주요거점역":0,
            "30분거점역이름":"[]",
            "1시간이내주요거점역":0,
            "1시간거점역이름":"[]",
            "3km이내백화점수":0,
            "5km이내아울렛몰수":0,
            "1km이내대형먀트수":1,
            "500m이내은행수":0,
            "500m이내병원수":0,
            "5km이내대형병원수":5,
            "500m이내공원수":1,
            "3km이내혐오시설수":0,
            "초등학교학업성취도":90.02,
            "중학교학업성취도":93.0,
            "용적률":199,
            "건폐율":19,
            "Y":35.110207,
            "X":128.977585,
            "rank":90.0,
            "area_info":"22평(75.81), 32평(107.28)",
            "last_sales":"2021-11-17,9700.0,22평(75.81)",
            "rank_history":[
                [
                    "202202",
                    90
                ],
                [
                    "202201",
                    100
                ]
            ],
            "rank_gap":10
        },
        {
            "index":445,
            "아파트명":"당리동원베네스트2차",
            "투자타입":"일반",
            "전용면적(m2)":"105.77",
            "전용면적(평)":"31평",
            "법정동주소":"부산시 사하구 당리동 16-12",
            "도로명주소":"부산시 사하구 제석로 171",
            "세대수":50,
            "입주년차":40,
            "용적률점수":"--",
            "건폐율점수":"--",
            "세대당주차수":60,
            "난방방식":30,
            "공급면적":"--",
            "전용률":"--",
            "욕실수":100,
            "현관타입":100,
            "주거총점":57.5,
            "지역구공급총점":0.0,
            "역세권":0,
            "30분내 이동가능 거점":0,
            "1시간내 이동가능 거점":0,
            "교통총점":0.0,
            "백화점":0,
            "아울렛몰":0,
            "대형마트":0,
            "은행":0,
            "병원":0,
            "종합병원":100,
            "공원":0,
            "혐오시설":0,
            "인프라총점":20.0,
            "초등학군":90.0,
            "중학군":49.0,
            "학군총점":57.2,
            "인구수":32.93,
            "인구증감":-7.9,
            "인구총점":20.681,
            "일자리":16.09,
            "소득수준":56.78,
            "일자리총점":28.297,
            "가치 총점":37.535,
            "매매실거래년":20211211.0,
            "매매실거래가":36750.0,
            "전세실거래년":20210106.0,
            "전세실거래가":20000.0,
            "전세가율":92.59,
            "장기전세가율평균":71.65,
            "전세가율거품지수":-20.94,
            "검색코드":13600,
            "세대수":432.0,
            "준공년월":"2006-01-18",
            "준공년차":17.0,
            "가까운역이름":"당리",
            "가까운역거리":1270.91,
            "역세권여부":"비역세권",
            "30분이내주요거점역":0,
            "30분거점역이름":"[]",
            "1시간이내주요거점역":0,
            "1시간거점역이름":"[]",
            "3km이내백화점수":0,
            "5km이내아울렛몰수":0,
            "1km이내대형먀트수":0,
            "500m이내은행수":0,
            "500m이내병원수":0,
            "5km이내대형병원수":6,
            "500m이내공원수":0,
            "3km이내혐오시설수":0,
            "초등학교학업성취도":90.0,
            "중학교학업성취도":78.8,
            "용적률":256,
            "건폐율":18,
            "Y":35.111546,
            "X":128.9837,
            "rank":91.0,
            "area_info":"31평(105.77), 37평(125.1), 45평(149.38), 54평(180.11)",
            "last_sales":"2021-12-11,36750.0,54평(180.11)",
            "rank_history":[
                [
                    "202202",
                    91
                ],
                [
                    "202201",
                    63
                ]
            ],
            "rank_gap":-28
        },
        {
            "index":722,
            "아파트명":"장림현대(60-42)",
            "투자타입":"일반",
            "전용면적(m2)":"74.95",
            "전용면적(평)":"22평",
            "법정동주소":"부산시 사하구 장림동 60-42",
            "도로명주소":"부산시 사하구 두송로 47",
            "세대수":0,
            "입주년차":0,
            "용적률점수":"--",
            "건폐율점수":"--",
            "세대당주차수":0,
            "난방방식":30,
            "공급면적":"--",
            "전용률":"--",
            "욕실수":50,
            "현관타입":100,
            "주거총점":18.0,
            "지역구공급총점":0.0,
            "역세권":80,
            "30분내 이동가능 거점":0,
            "1시간내 이동가능 거점":0,
            "교통총점":40.0,
            "백화점":0,
            "아울렛몰":0,
            "대형마트":80,
            "은행":0,
            "병원":0,
            "종합병원":100,
            "공원":0,
            "혐오시설":0,
            "인프라총점":32.0,
            "초등학군":89.96,
            "중학군":49.64,
            "학군총점":57.704,
            "인구수":32.93,
            "인구증감":-7.9,
            "인구총점":20.681,
            "일자리":16.09,
            "소득수준":56.78,
            "일자리총점":28.297,
            "가치 총점":37.4112,
            "매매실거래년":20211028.0,
            "매매실거래가":17200.0,
            "전세실거래년":20200217.0,
            "전세실거래가":7000.0,
            "전세가율":70.0,
            "장기전세가율평균":71.65,
            "전세가율거품지수":1.65,
            "검색코드":6941,
            "세대수":152.0,
            "준공년월":"1995-07-15",
            "준공년차":28.0,
            "가까운역이름":"장림",
            "가까운역거리":469.37,
            "역세권여부":"역세권",
            "30분이내주요거점역":0,
            "30분거점역이름":"[]",
            "1시간이내주요거점역":0,
            "1시간거점역이름":"[]",
            "3km이내백화점수":0,
            "5km이내아울렛몰수":0,
            "1km이내대형먀트수":1,
            "500m이내은행수":1,
            "500m이내병원수":0,
            "5km이내대형병원수":3,
            "500m이내공원수":0,
            "3km이내혐오시설수":0,
            "초등학교학업성취도":89.96,
            "중학교학업성취도":80.6,
            "용적률":370,
            "건폐율":40,
            "Y":35.07902,
            "X":128.98105,
            "rank":92.0,
            "area_info":"22평(74.95), 22평(74.07), 22평(74.22), 31평(105.72), 34평(113.26), 42평(141.95)",
            "last_sales":"2021-10-28,17200.0,42평(141.95)",
            "rank_history":[
                [
                    "202202",
                    92
                ],
                [
                    "202201",
                    102
                ]
            ],
            "rank_gap":10
        },
        {
            "index":193,
            "아파트명":"동진그린힐",
            "투자타입":"일반",
            "전용면적(m2)":"74.71",
            "전용면적(평)":"22평",
            "법정동주소":"부산시 사하구 괴정동 1207-4",
            "도로명주소":"부산시 사하구 장평로 378",
            "세대수":0,
            "입주년차":0,
            "용적률점수":"--",
            "건폐율점수":"--",
            "세대당주차수":0,
            "난방방식":30,
            "공급면적":"--",
            "전용률":"--",
            "욕실수":50,
            "현관타입":100,
            "주거총점":18.0,
            "지역구공급총점":0.0,
            "역세권":80,
            "30분내 이동가능 거점":0,
            "1시간내 이동가능 거점":0,
            "교통총점":40.0,
            "백화점":0,
            "아울렛몰":0,
            "대형마트":80,
            "은행":0,
            "병원":0,
            "종합병원":100,
            "공원":0,
            "혐오시설":0,
            "인프라총점":32.0,
            "초등학군":89.97,
            "중학군":49.42,
            "학군총점":57.53,
            "인구수":32.93,
            "인구증감":-7.9,
            "인구총점":20.681,
            "일자리":16.09,
            "소득수준":56.78,
            "일자리총점":28.297,
            "가치 총점":37.359,
            "매매실거래년":20210907.0,
            "매매실거래가":16500.0,
            "전세실거래년":20210511.0,
            "전세실거래가":9000.0,
            "전세가율":64.75,
            "장기전세가율평균":71.65,
            "전세가율거품지수":6.9,
            "검색코드":6323,
            "세대수":207.0,
            "준공년월":"1995-06-08",
            "준공년차":28.0,
            "가까운역이름":"사하",
            "가까운역거리":453.98,
            "역세권여부":"역세권",
            "30분이내주요거점역":0,
            "30분거점역이름":"[]",
            "1시간이내주요거점역":0,
            "1시간거점역이름":"[]",
            "3km이내백화점수":0,
            "5km이내아울렛몰수":0,
            "1km이내대형먀트수":1,
            "500m이내은행수":0,
            "500m이내병원수":0,
            "5km이내대형병원수":5,
            "500m이내공원수":0,
            "3km이내혐오시설수":0,
            "초등학교학업성취도":89.97,
            "중학교학업성취도":80.1,
            "용적률":0,
            "건폐율":0,
            "Y":35.09638,
            "X":128.98061,
            "rank":93.0,
            "area_info":"22평(74.71), 29평(97.39), 32평(105.79)",
            "last_sales":"2021-09-07,16500.0,29평(97.39)",
            "rank_history":[
                [
                    "202202",
                    93
                ],
                [
                    "202201",
                    116
                ]
            ],
            "rank_gap":23
        },
        {
            "index":423,
            "아파트명":"성원",
            "투자타입":"일반",
            "전용면적(m2)":"123.39",
            "전용면적(평)":"37평",
            "법정동주소":"부산시 사하구 다대동 1552-19",
            "도로명주소":"부산시 사하구 다대낙조1길 42",
            "세대수":50,
            "입주년차":0,
            "용적률점수":"--",
            "건폐율점수":"--",
            "세대당주차수":80,
            "난방방식":30,
            "공급면적":"--",
            "전용률":"--",
            "욕실수":100,
            "현관타입":100,
            "주거총점":52.5,
            "지역구공급총점":0.0,
            "역세권":80,
            "30분내 이동가능 거점":0,
            "1시간내 이동가능 거점":0,
            "교통총점":40.0,
            "백화점":0,
            "아울렛몰":0,
            "대형마트":0,
            "은행":0,
            "병원":0,
            "종합병원":0,
            "공원":100,
            "혐오시설":0,
            "인프라총점":3.0,
            "초등학군":89.96,
            "중학군":49.54,
            "학군총점":57.624,
            "인구수":32.93,
            "인구증감":-7.9,
            "인구총점":20.681,
            "일자리":16.09,
            "소득수준":56.78,
            "일자리총점":28.297,
            "가치 총점":37.3122,
            "매매실거래년":20220104.0,
            "매매실거래가":55000.0,
            "전세실거래년":20210912.0,
            "전세실거래가":27500.0,
            "전세가율":83.33,
            "장기전세가율평균":71.65,
            "전세가율거품지수":-11.68,
            "검색코드":6452,
            "세대수":546.0,
            "준공년월":"1998-09-26",
            "준공년차":25.0,
            "가까운역이름":"다대포해수욕장",
            "가까운역거리":295.62,
            "역세권여부":"역세권",
            "30분이내주요거점역":0,
            "30분거점역이름":"[]",
            "1시간이내주요거점역":0,
            "1시간거점역이름":"[]",
            "3km이내백화점수":0,
            "5km이내아울렛몰수":0,
            "1km이내대형먀트수":0,
            "500m이내은행수":0,
            "500m이내병원수":0,
            "5km이내대형병원수":0,
            "500m이내공원수":3,
            "3km이내혐오시설수":0,
            "초등학교학업성취도":89.96,
            "중학교학업성취도":81.1,
            "용적률":246,
            "건폐율":13,
            "Y":35.049144,
            "X":128.9688,
            "rank":94.0,
            "area_info":"37평(123.39), 48평(161.25)",
            "last_sales":"2022-01-04,55000.0,48평(161.25)",
            "rank_history":[
                [
                    "202202",
                    94
                ],
                [
                    "202201",
                    104
                ]
            ],
            "rank_gap":10
        },
        {
            "index":134,
            "아파트명":"괴정한신",
            "투자타입":"일반",
            "전용면적(m2)":"79.53",
            "전용면적(평)":"24평",
            "법정동주소":"부산시 사하구 괴정동 795-14",
            "도로명주소":"부산시 사하구 승학로 221",
            "세대수":0,
            "입주년차":0,
            "용적률점수":"--",
            "건폐율점수":"--",
            "세대당주차수":0,
            "난방방식":30,
            "공급면적":"--",
            "전용률":"--",
            "욕실수":50,
            "현관타입":100,
            "주거총점":18.0,
            "지역구공급총점":0.0,
            "역세권":80,
            "30분내 이동가능 거점":0,
            "1시간내 이동가능 거점":0,
            "교통총점":40.0,
            "백화점":0,
            "아울렛몰":0,
            "대형마트":80,
            "은행":0,
            "병원":0,
            "종합병원":100,
            "공원":0,
            "혐오시설":0,
            "인프라총점":32.0,
            "초등학군":90.01,
            "중학군":49.0,
            "학군총점":57.202,
            "인구수":32.93,
            "인구증감":-7.9,
            "인구총점":20.681,
            "일자리":16.09,
            "소득수준":56.78,
            "일자리총점":28.297,
            "가치 총점":37.2606,
            "매매실거래년":20210823.0,
            "매매실거래가":18000.0,
            "전세실거래년":20210602.0,
            "전세실거래가":16000.0,
            "전세가율":88.89,
            "장기전세가율평균":71.65,
            "전세가율거품지수":-17.24,
            "검색코드":6253,
            "세대수":225.0,
            "준공년월":"1997-11-14",
            "준공년차":26.0,
            "가까운역이름":"괴정",
            "가까운역거리":402.74,
            "역세권여부":"역세권",
            "30분이내주요거점역":0,
            "30분거점역이름":"[]",
            "1시간이내주요거점역":0,
            "1시간거점역이름":"[]",
            "3km이내백화점수":0,
            "5km이내아울렛몰수":0,
            "1km이내대형먀트수":1,
            "500m이내은행수":0,
            "500m이내병원수":0,
            "5km이내대형병원수":6,
            "500m이내공원수":0,
            "3km이내혐오시설수":0,
            "초등학교학업성취도":90.01,
            "중학교학업성취도":78.8,
            "용적률":0,
            "건폐율":0,
            "Y":35.10144,
            "X":128.98846,
            "rank":95.0,
            "area_info":"24평(79.53), 32평(106.68), 51평(170.65)",
            "last_sales":"2021-08-23,18000.0,24평(79.53)",
            "rank_history":[
                [
                    "202202",
                    95
                ],
                [
                    "202201",
                    97
                ]
            ],
            "rank_gap":2
        },
        {
            "index":380,
            "아파트명":"다대자유",
            "투자타입":"일반",
            "전용면적(m2)":"76.77",
            "전용면적(평)":"23평",
            "법정동주소":"부산시 사하구 다대동 382-3",
            "도로명주소":"부산시 사하구 다대로 617",
            "세대수":90,
            "입주년차":0,
            "용적률점수":"--",
            "건폐율점수":"--",
            "세대당주차수":0,
            "난방방식":30,
            "공급면적":"--",
            "전용률":"--",
            "욕실수":50,
            "현관타입":10,
            "주거총점":40.5,
            "지역구공급총점":0.0,
            "역세권":50,
            "30분내 이동가능 거점":0,
            "1시간내 이동가능 거점":0,
            "교통총점":25.0,
            "백화점":0,
            "아울렛몰":0,
            "대형마트":0,
            "은행":0,
            "병원":0,
            "종합병원":80,
            "공원":80,
            "혐오시설":0,
            "인프라총점":18.4,
            "초등학군":89.96,
            "중학군":51.7,
            "학군총점":59.352,
            "인구수":32.93,
            "인구증감":-7.9,
            "인구총점":20.681,
            "일자리":16.09,
            "소득수준":56.78,
            "일자리총점":28.297,
            "가치 총점":37.2006,
            "매매실거래년":20211230.0,
            "매매실거래가":22000.0,
            "전세실거래년":20210703.0,
            "전세실거래가":12500.0,
            "전세가율":49.02,
            "장기전세가율평균":71.65,
            "전세가율거품지수":22.63,
            "검색코드":6460,
            "세대수":987.0,
            "준공년월":"1993-10-05",
            "준공년차":30.0,
            "가까운역이름":"다대포항",
            "가까운역거리":627.38,
            "역세권여부":"준역세권",
            "30분이내주요거점역":0,
            "30분거점역이름":"[]",
            "1시간이내주요거점역":0,
            "1시간거점역이름":"[]",
            "3km이내백화점수":0,
            "5km이내아울렛몰수":0,
            "1km이내대형먀트수":0,
            "500m이내은행수":0,
            "500m이내병원수":0,
            "5km이내대형병원수":1,
            "500m이내공원수":1,
            "3km이내혐오시설수":0,
            "초등학교학업성취도":89.96,
            "중학교학업성취도":81.9,
            "용적률":339,
            "건폐율":26,
            "Y":35.052083,
            "X":128.9722,
            "rank":96.0,
            "area_info":"23평(76.77), 31평(102.63), 42평(141.69), 50평(166.6)",
            "last_sales":"2021-12-30,22000.0,31평(102.63)",
            "rank_history":[
                [
                    "202202",
                    96
                ],
                [
                    "202201",
                    92
                ]
            ],
            "rank_gap":-4
        },
        {
            "index":816,
            "아파트명":"하단지오피아",
            "투자타입":"일반",
            "전용면적(m2)":"77.34",
            "전용면적(평)":"23평",
            "법정동주소":"부산시 사하구 하단동 520-1",
            "도로명주소":"부산시 사하구 낙동남로1357번길 46",
            "세대수":0,
            "입주년차":40,
            "용적률점수":"--",
            "건폐율점수":"--",
            "세대당주차수":0,
            "난방방식":30,
            "공급면적":"--",
            "전용률":"--",
            "욕실수":50,
            "현관타입":100,
            "주거총점":26.0,
            "지역구공급총점":0.0,
            "역세권":50,
            "30분내 이동가능 거점":0,
            "1시간내 이동가능 거점":10,
            "교통총점":27.0,
            "백화점":0,
            "아울렛몰":0,
            "대형마트":0,
            "은행":70,
            "병원":0,
            "종합병원":80,
            "공원":80,
            "혐오시설":0,
            "인프라총점":25.4,
            "초등학군":89.98,
            "중학군":55.88,
            "학군총점":62.7,
            "인구수":32.93,
            "인구증감":-7.9,
            "인구총점":20.681,
            "일자리":16.09,
            "소득수준":56.78,
            "일자리총점":28.297,
            "가치 총점":36.98,
            "매매실거래년":20211012.0,
            "매매실거래가":24500.0,
            "전세실거래년":20211113.0,
            "전세실거래가":12000.0,
            "전세가율":48.98,
            "장기전세가율평균":71.65,
            "전세가율거품지수":22.67,
            "검색코드":24992,
            "세대수":114.0,
            "준공년월":"2006-11-24",
            "준공년차":17.0,
            "가까운역이름":"하단",
            "가까운역거리":614.4,
            "역세권여부":"준역세권",
            "30분이내주요거점역":0,
            "30분거점역이름":"[]",
            "1시간이내주요거점역":1,
            "1시간거점역이름":"['하단']",
            "3km이내백화점수":0,
            "5km이내아울렛몰수":0,
            "1km이내대형먀트수":0,
            "500m이내은행수":3,
            "500m이내병원수":0,
            "5km이내대형병원수":1,
            "500m이내공원수":1,
            "3km이내혐오시설수":0,
            "초등학교학업성취도":89.98,
            "중학교학업성취도":90.8,
            "용적률":376,
            "건폐율":56,
            "Y":35.10836,
            "X":128.96055,
            "rank":97.0,
            "area_info":"23평(77.34), 26평(88.39), 42평(139.09)",
            "last_sales":"2021-10-12,24500.0,23평(77.34)",
            "rank_history":[
                [
                    "202202",
                    97
                ],
                [
                    "202201",
                    91
                ]
            ],
            "rank_gap":-6
        },
        {
            "index":178,
            "아파트명":"동주",
            "투자타입":"재건축",
            "전용면적(m2)":"62.28",
            "전용면적(평)":"18평",
            "법정동주소":"부산시 사하구 괴정동 365-3",
            "도로명주소":"부산시 사하구 사리로8번길 36",
            "세대수":0,
            "입주년차":"--",
            "용적률점수":0,
            "건폐율점수":0,
            "세대당주차수":"--",
            "난방방식":"--",
            "공급면적":50,
            "전용률":100,
            "욕실수":"--",
            "현관타입":"--",
            "주거총점":7.5,
            "지역구공급총점":0.0,
            "역세권":80,
            "30분내 이동가능 거점":0,
            "1시간내 이동가능 거점":10,
            "교통총점":42.0,
            "백화점":0,
            "아울렛몰":0,
            "대형마트":80,
            "은행":0,
            "병원":0,
            "종합병원":100,
            "공원":0,
            "혐오시설":0,
            "인프라총점":32.0,
            "초등학군":90.01,
            "중학군":57.06,
            "학군총점":63.65,
            "인구수":32.93,
            "인구증감":-7.9,
            "인구총점":20.681,
            "일자리":16.09,
            "소득수준":56.78,
            "일자리총점":28.297,
            "가치 총점":36.87,
            "매매실거래년":20210805.0,
            "매매실거래가":27000.0,
            "전세실거래년":20210825.0,
            "전세실거래가":10000.0,
            "전세가율":47.85,
            "장기전세가율평균":71.65,
            "전세가율거품지수":23.8,
            "검색코드":24915,
            "세대수":134.0,
            "준공년월":"1979-12-26",
            "준공년차":44.0,
            "가까운역이름":"대티",
            "가까운역거리":250.0,
            "역세권여부":"역세권",
            "30분이내주요거점역":0,
            "30분거점역이름":"[]",
            "1시간이내주요거점역":1,
            "1시간거점역이름":"['하단']",
            "3km이내백화점수":0,
            "5km이내아울렛몰수":0,
            "1km이내대형먀트수":1,
            "500m이내은행수":0,
            "500m이내병원수":0,
            "5km이내대형병원수":7,
            "500m이내공원수":0,
            "3km이내혐오시설수":0,
            "초등학교학업성취도":90.01,
            "중학교학업성취도":90.1,
            "용적률":0,
            "건폐율":0,
            "Y":35.101482,
            "X":129.001775,
            "rank":98.0,
            "area_info":"18평(62.28), 19평(65.59), 21평(69.75), 21평(70.61), 21평(71.67), 22평(72.76), 21평(72.56), 23평(77.92), 24평(80.56), 25평(83.24), 25평(84.73), 27평(90.01), 27평(91.4), 27평(91.34), 41평(138.48)",
            "last_sales":"2021-08-05,27000.0,27평(91.4)",
            "rank_history":[
                [
                    "202202",
                    98
                ],
                [
                    "202201",
                    126
                ]
            ],
            "rank_gap":28
        },
        {
            "index":649,
            "아파트명":"동원타워맨션",
            "투자타입":"일반",
            "전용면적(m2)":"64.75",
            "전용면적(평)":"19평",
            "법정동주소":"부산시 사하구 장림동 25",
            "도로명주소":"부산시 사하구 다대로277번길 56",
            "세대수":0,
            "입주년차":0,
            "용적률점수":"--",
            "건폐율점수":"--",
            "세대당주차수":0,
            "난방방식":30,
            "공급면적":"--",
            "전용률":"--",
            "욕실수":50,
            "현관타입":100,
            "주거총점":18.0,
            "지역구공급총점":0.0,
            "역세권":80,
            "30분내 이동가능 거점":0,
            "1시간내 이동가능 거점":0,
            "교통총점":40.0,
            "백화점":0,
            "아울렛몰":0,
            "대형마트":80,
            "은행":0,
            "병원":0,
            "종합병원":100,
            "공원":0,
            "혐오시설":0,
            "인프라총점":32.0,
            "초등학군":89.97,
            "중학군":46.52,
            "학군총점":55.21,
            "인구수":32.93,
            "인구증감":-7.9,
            "인구총점":20.681,
            "일자리":16.09,
            "소득수준":56.78,
            "일자리총점":28.297,
            "가치 총점":36.663,
            "매매실거래년":20211228.0,
            "매매실거래가":13000.0,
            "전세실거래년":20211118.0,
            "전세실거래가":7000.0,
            "전세가율":87.5,
            "장기전세가율평균":71.65,
            "전세가율거품지수":-15.85,
            "검색코드":10238,
            "세대수":216.0,
            "준공년월":"1993-11-18",
            "준공년차":30.0,
            "가까운역이름":"신장림",
            "가까운역거리":401.61,
            "역세권여부":"역세권",
            "30분이내주요거점역":0,
            "30분거점역이름":"[]",
            "1시간이내주요거점역":0,
            "1시간거점역이름":"[]",
            "3km이내백화점수":0,
            "5km이내아울렛몰수":0,
            "1km이내대형먀트수":1,
            "500m이내은행수":1,
            "500m이내병원수":0,
            "5km이내대형병원수":3,
            "500m이내공원수":0,
            "3km이내혐오시설수":0,
            "초등학교학업성취도":89.97,
            "중학교학업성취도":75.4,
            "용적률":330,
            "건폐율":86,
            "Y":35.076136,
            "X":128.980665,
            "rank":99.0,
            "area_info":"19평(64.75), 29평(96.7), 31평(103.04)",
            "last_sales":"2021-12-28,13000.0,31평(103.04)",
            "rank_history":[
                [
                    "202202",
                    99
                ],
                [
                    "202201",
                    103
                ]
            ],
            "rank_gap":4
        },
        {
            "index":290,
            "아파트명":"협진신태양",
            "투자타입":"재건축",
            "전용면적(m2)":"70.98",
            "전용면적(평)":"21평",
            "법정동주소":"부산시 사하구 괴정동 220",
            "도로명주소":"부산시 사하구 사리로 71",
            "세대수":0,
            "입주년차":"--",
            "용적률점수":0,
            "건폐율점수":0,
            "세대당주차수":"--",
            "난방방식":"--",
            "공급면적":50,
            "전용률":100,
            "욕실수":"--",
            "현관타입":"--",
            "주거총점":7.5,
            "지역구공급총점":0.0,
            "역세권":80,
            "30분내 이동가능 거점":0,
            "1시간내 이동가능 거점":0,
            "교통총점":40.0,
            "백화점":0,
            "아울렛몰":0,
            "대형마트":80,
            "은행":0,
            "병원":0,
            "종합병원":100,
            "공원":0,
            "혐오시설":0,
            "인프라총점":32.0,
            "초등학군":89.99,
            "중학군":57.06,
            "학군총점":63.646,
            "인구수":32.93,
            "인구증감":-7.9,
            "인구총점":20.681,
            "일자리":16.09,
            "소득수준":56.78,
            "일자리총점":28.297,
            "가치 총점":36.5688,
            "매매실거래년":20210505.0,
            "매매실거래가":21700.0,
            "전세실거래년":null,
            "전세실거래가":null,
            "전세가율":null,
            "장기전세가율평균":71.65,
            "전세가율거품지수":null,
            "검색코드":6411,
            "세대수":105.0,
            "준공년월":"1983-03-15",
            "준공년차":40.0,
            "가까운역이름":"대티",
            "가까운역거리":436.75,
            "역세권여부":"역세권",
            "30분이내주요거점역":0,
            "30분거점역이름":"[]",
            "1시간이내주요거점역":0,
            "1시간거점역이름":"[]",
            "3km이내백화점수":0,
            "5km이내아울렛몰수":0,
            "1km이내대형먀트수":1,
            "500m이내은행수":0,
            "500m이내병원수":0,
            "5km이내대형병원수":9,
            "500m이내공원수":0,
            "3km이내혐오시설수":0,
            "초등학교학업성취도":89.99,
            "중학교학업성취도":90.1,
            "용적률":0,
            "건폐율":0,
            "Y":35.106821,
            "X":128.99821,
            "rank":100.0,
            "area_info":"21평(70.98), 22평(73.99), 23평(78.62), 27평(91.22)",
            "last_sales":"2021-05-05,21700.0,27평(91.22)",
            "rank_history":[
                [
                    "202202",
                    100
                ],
                [
                    "202201",
                    133
                ]
            ],
            "rank_gap":33
        },
        {
            "index":361,
            "아파트명":"다대대우",
            "투자타입":"일반",
            "전용면적(m2)":"124.36",
            "전용면적(평)":"37평",
            "법정동주소":"부산시 사하구 다대동 1552",
            "도로명주소":"부산시 사하구 다대낙조1길 12",
            "세대수":50,
            "입주년차":0,
            "용적률점수":"--",
            "건폐율점수":"--",
            "세대당주차수":60,
            "난방방식":30,
            "공급면적":"--",
            "전용률":"--",
            "욕실수":100,
            "현관타입":100,
            "주거총점":49.5,
            "지역구공급총점":0.0,
            "역세권":80,
            "30분내 이동가능 거점":0,
            "1시간내 이동가능 거점":0,
            "교통총점":40.0,
            "백화점":0,
            "아울렛몰":0,
            "대형마트":0,
            "은행":0,
            "병원":0,
            "종합병원":0,
            "공원":100,
            "혐오시설":0,
            "인프라총점":3.0,
            "초등학군":89.96,
            "중학군":49.54,
            "학군총점":57.624,
            "인구수":32.93,
            "인구증감":-7.9,
            "인구총점":20.681,
            "일자리":16.09,
            "소득수준":56.78,
            "일자리총점":28.297,
            "가치 총점":36.5622,
            "매매실거래년":20211224.0,
            "매매실거래가":39000.0,
            "전세실거래년":20211208.0,
            "전세실거래가":25000.0,
            "전세가율":64.1,
            "장기전세가율평균":71.65,
            "전세가율거품지수":7.55,
            "검색코드":6435,
            "세대수":546.0,
            "준공년월":"1998-09-12",
            "준공년차":25.0,
            "가까운역이름":"다대포해수욕장",
            "가까운역거리":184.68,
            "역세권여부":"역세권",
            "30분이내주요거점역":0,
            "30분거점역이름":"[]",
            "1시간이내주요거점역":0,
            "1시간거점역이름":"[]",
            "3km이내백화점수":0,
            "5km이내아울렛몰수":0,
            "1km이내대형먀트수":0,
            "500m이내은행수":0,
            "500m이내병원수":0,
            "5km이내대형병원수":0,
            "500m이내공원수":4,
            "3km이내혐오시설수":0,
            "초등학교학업성취도":89.96,
            "중학교학업성취도":81.1,
            "용적률":248,
            "건폐율":13,
            "Y":35.049428,
            "X":128.967094,
            "rank":101.0,
            "area_info":"37평(124.36), 48평(161.0)",
            "last_sales":"2021-12-24,39000.0,37평(124.36)",
            "rank_history":[
                [
                    "202202",
                    101
                ],
                [
                    "202201",
                    114
                ]
            ],
            "rank_gap":13
        },
        {
            "index":326,
            "아파트명":"구평자유1차",
            "투자타입":"일반",
            "전용면적(m2)":"65.39",
            "전용면적(평)":"19평",
            "법정동주소":"부산시 사하구 구평동 17",
            "도로명주소":"부산시 사하구 을숙도대로709번길 31",
            "세대수":50,
            "입주년차":20,
            "용적률점수":"--",
            "건폐율점수":"--",
            "세대당주차수":30,
            "난방방식":30,
            "공급면적":"--",
            "전용률":"--",
            "욕실수":50,
            "현관타입":10,
            "주거총점":35.0,
            "지역구공급총점":0.0,
            "역세권":0,
            "30분내 이동가능 거점":0,
            "1시간내 이동가능 거점":0,
            "교통총점":0.0,
            "백화점":0,
            "아울렛몰":0,
            "대형마트":80,
            "은행":0,
            "병원":0,
            "종합병원":100,
            "공원":100,
            "혐오시설":0,
            "인프라총점":35.0,
            "초등학군":90.06,
            "중학군":49.54,
            "학군총점":57.644,
            "인구수":32.93,
            "인구증감":-7.9,
            "인구총점":20.681,
            "일자리":16.09,
            "소득수준":56.78,
            "일자리총점":28.297,
            "가치 총점":36.5432,
            "매매실거래년":20211231.0,
            "매매실거래가":7000.0,
            "전세실거래년":20200914.0,
            "전세실거래가":8500.0,
            "전세가율":121.43,
            "장기전세가율평균":71.65,
            "전세가율거품지수":-49.78,
            "검색코드":6418,
            "세대수":584.0,
            "준공년월":"1999-03-05",
            "준공년차":24.0,
            "가까운역이름":"장림",
            "가까운역거리":1001.7,
            "역세권여부":"비역세권",
            "30분이내주요거점역":0,
            "30분거점역이름":"[]",
            "1시간이내주요거점역":0,
            "1시간거점역이름":"[]",
            "3km이내백화점수":0,
            "5km이내아울렛몰수":0,
            "1km이내대형먀트수":1,
            "500m이내은행수":0,
            "500m이내병원수":0,
            "5km이내대형병원수":5,
            "500m이내공원수":2,
            "3km이내혐오시설수":0,
            "초등학교학업성취도":90.06,
            "중학교학업성취도":80.1,
            "용적률":206,
            "건폐율":18,
            "Y":35.088095,
            "X":128.985414,
            "rank":102.0,
            "area_info":"19평(65.39), 23평(78.47), 33평(110.69)",
            "last_sales":"2021-12-31,7000.0,19평(65.39)",
            "rank_history":[
                [
                    "202202",
                    102
                ],
                [
                    "202201",
                    71
                ]
            ],
            "rank_gap":-31
        },
        {
            "index":199,
            "아파트명":"사남신익",
            "투자타입":"재건축",
            "전용면적(m2)":"90.59",
            "전용면적(평)":"27평",
            "법정동주소":"부산시 사하구 괴정동 697-11",
            "도로명주소":"부산시 사하구 장평로 410",
            "세대수":0,
            "입주년차":"--",
            "용적률점수":20,
            "건폐율점수":0,
            "세대당주차수":"--",
            "난방방식":"--",
            "공급면적":70,
            "전용률":60,
            "욕실수":"--",
            "현관타입":"--",
            "주거총점":14.5,
            "지역구공급총점":0.0,
            "역세권":80,
            "30분내 이동가능 거점":0,
            "1시간내 이동가능 거점":0,
            "교통총점":40.0,
            "백화점":0,
            "아울렛몰":0,
            "대형마트":80,
            "은행":0,
            "병원":0,
            "종합병원":100,
            "공원":0,
            "혐오시설":0,
            "인프라총점":32.0,
            "초등학군":89.97,
            "중학군":49.0,
            "학군총점":57.194,
            "인구수":32.93,
            "인구증감":-7.9,
            "인구총점":20.681,
            "일자리":16.09,
            "소득수준":56.78,
            "일자리총점":28.297,
            "가치 총점":36.3832,
            "매매실거래년":20210623.0,
            "매매실거래가":24000.0,
            "전세실거래년":null,
            "전세실거래가":null,
            "전세가율":null,
            "장기전세가율평균":71.65,
            "전세가율거품지수":null,
            "검색코드":13757,
            "세대수":139.0,
            "준공년월":"1992-03-28",
            "준공년차":31.0,
            "가까운역이름":"사하",
            "가까운역거리":443.08,
            "역세권여부":"역세권",
            "30분이내주요거점역":0,
            "30분거점역이름":"[]",
            "1시간이내주요거점역":0,
            "1시간거점역이름":"[]",
            "3km이내백화점수":0,
            "5km이내아울렛몰수":0,
            "1km이내대형먀트수":1,
            "500m이내은행수":0,
            "500m이내병원수":0,
            "5km이내대형병원수":5,
            "500m이내공원수":0,
            "3km이내혐오시설수":0,
            "초등학교학업성취도":89.97,
            "중학교학업성취도":78.8,
            "용적률":202,
            "건폐율":40,
            "Y":35.095806,
            "X":128.983917,
            "rank":103.0,
            "area_info":"27평(90.59), 29평(96.44), 29평(97.64), 32평(106.56), 33평(111.32), 39평(130.34), 45평(151.07)",
            "last_sales":"2021-06-23,24000.0,45평(151.07)",
            "rank_history":[
                [
                    "202202",
                    103
                ],
                [
                    "202201",
                    130
                ]
            ],
            "rank_gap":27
        },
        {
            "index":792,
            "아파트명":"더휴(도시형)",
            "투자타입":"일반",
            "전용면적(m2)":"17.33",
            "전용면적(평)":"5평",
            "법정동주소":"부산시 사하구 하단동 497-36",
            "도로명주소":"부산시 사하구 낙동대로 532",
            "세대수":0,
            "입주년차":80,
            "용적률점수":"--",
            "건폐율점수":"--",
            "세대당주차수":0,
            "난방방식":30,
            "공급면적":"--",
            "전용률":"--",
            "욕실수":50,
            "현관타입":10,
            "주거총점":25.0,
            "지역구공급총점":0.0,
            "역세권":50,
            "30분내 이동가능 거점":0,
            "1시간내 이동가능 거점":10,
            "교통총점":27.0,
            "백화점":0,
            "아울렛몰":0,
            "대형마트":0,
            "은행":0,
            "병원":0,
            "종합병원":100,
            "공원":80,
            "혐오시설":0,
            "인프라총점":22.4,
            "초등학군":90.0,
            "중학군":57.48,
            "학군총점":63.984,
            "인구수":32.93,
            "인구증감":-7.9,
            "인구총점":20.681,
            "일자리":16.09,
            "소득수준":56.78,
            "일자리총점":28.297,
            "가치 총점":36.2152,
            "매매실거래년":20211230.0,
            "매매실거래가":9000.0,
            "전세실거래년":null,
            "전세실거래가":null,
            "전세가율":null,
            "장기전세가율평균":71.65,
            "전세가율거품지수":null,
            "검색코드":119610,
            "세대수":142.0,
            "준공년월":"2017-04-19",
            "준공년차":6.0,
            "가까운역이름":"하단",
            "가까운역거리":597.0,
            "역세권여부":"준역세권",
            "30분이내주요거점역":0,
            "30분거점역이름":"[]",
            "1시간이내주요거점역":1,
            "1시간거점역이름":"['하단']",
            "3km이내백화점수":0,
            "5km이내아울렛몰수":0,
            "1km이내대형먀트수":0,
            "500m이내은행수":1,
            "500m이내병원수":0,
            "5km이내대형병원수":2,
            "500m이내공원수":1,
            "3km이내혐오시설수":0,
            "초등학교학업성취도":90.0,
            "중학교학업성취도":93.0,
            "용적률":496,
            "건폐율":59,
            "Y":35.111477,
            "X":128.965348,
            "rank":104.0,
            "area_info":"5평(17.33), 6평(22.74)",
            "last_sales":"2021-12-30,9000.0,6평(22.74)",
            "rank_history":[
                [
                    "202202",
                    104
                ],
                [
                    "202201",
                    113
                ]
            ],
            "rank_gap":9
        },
        {
            "index":522,
            "아파트명":"우림그린맨션",
            "투자타입":"재건축",
            "전용면적(m2)":"98.21",
            "전용면적(평)":"29평",
            "법정동주소":"부산시 사하구 당리동 33-3",
            "도로명주소":"부산시 사하구 제석로95번길 22-5",
            "세대수":0,
            "입주년차":"--",
            "용적률점수":0,
            "건폐율점수":20,
            "세대당주차수":"--",
            "난방방식":"--",
            "공급면적":70,
            "전용률":80,
            "욕실수":"--",
            "현관타입":"--",
            "주거총점":11.5,
            "지역구공급총점":0.0,
            "역세권":50,
            "30분내 이동가능 거점":0,
            "1시간내 이동가능 거점":0,
            "교통총점":25.0,
            "백화점":0,
            "아울렛몰":0,
            "대형마트":80,
            "은행":0,
            "병원":0,
            "종합병원":100,
            "공원":80,
            "혐오시설":0,
            "인프라총점":34.4,
            "초등학군":90.0,
            "중학군":57.48,
            "학군총점":63.984,
            "인구수":32.93,
            "인구증감":-7.9,
            "인구총점":20.681,
            "일자리":16.09,
            "소득수준":56.78,
            "일자리총점":28.297,
            "가치 총점":36.1402,
            "매매실거래년":20211122.0,
            "매매실거래가":24000.0,
            "전세실거래년":null,
            "전세실거래가":null,
            "전세가율":null,
            "장기전세가율평균":71.65,
            "전세가율거품지수":null,
            "검색코드":6665,
            "세대수":194.0,
            "준공년월":"1991-05-27",
            "준공년차":32.0,
            "가까운역이름":"당리",
            "가까운역거리":846.52,
            "역세권여부":"준역세권",
            "30분이내주요거점역":0,
            "30분거점역이름":"[]",
            "1시간이내주요거점역":0,
            "1시간거점역이름":"[]",
            "3km이내백화점수":0,
            "5km이내아울렛몰수":0,
            "1km이내대형먀트수":1,
            "500m이내은행수":0,
            "500m이내병원수":0,
            "5km이내대형병원수":5,
            "500m이내공원수":1,
            "3km이내혐오시설수":0,
            "초등학교학업성취도":90.0,
            "중학교학업성취도":93.0,
            "용적률":256,
            "건폐율":43,
            "Y":35.110101,
            "X":128.978472,
            "rank":105.0,
            "area_info":"29평(98.21), 31평(103.33), 43평(144.76)",
            "last_sales":"2021-11-22,24000.0,43평(144.76)",
            "rank_history":[
                [
                    "202202",
                    105
                ],
                [
                    "202201",
                    115
                ]
            ],
            "rank_gap":10
        },
        {
            "index":794,
            "아파트명":"청목미르피아",
            "투자타입":"일반",
            "전용면적(m2)":"35.6",
            "전용면적(평)":"10평",
            "법정동주소":"부산시 사하구 하단동 487-1",
            "도로명주소":"부산시 사하구 낙동대로549번길 29",
            "세대수":0,
            "입주년차":40,
            "용적률점수":"--",
            "건폐율점수":"--",
            "세대당주차수":30,
            "난방방식":30,
            "공급면적":"--",
            "전용률":"--",
            "욕실수":50,
            "현관타입":100,
            "주거총점":30.5,
            "지역구공급총점":0.0,
            "역세권":50,
            "30분내 이동가능 거점":0,
            "1시간내 이동가능 거점":10,
            "교통총점":27.0,
            "백화점":0,
            "아울렛몰":0,
            "대형마트":0,
            "은행":0,
            "병원":0,
            "종합병원":80,
            "공원":80,
            "혐오시설":0,
            "인프라총점":18.4,
            "초등학군":90.0,
            "중학군":55.88,
            "학군총점":62.704,
            "인구수":32.93,
            "인구증감":-7.9,
            "인구총점":20.681,
            "일자리":16.09,
            "소득수준":56.78,
            "일자리총점":28.297,
            "가치 총점":36.0062,
            "매매실거래년":20211013.0,
            "매매실거래가":33200.0,
            "전세실거래년":20111212.0,
            "전세실거래가":3500.0,
            "전세가율":44.3,
            "장기전세가율평균":71.65,
            "전세가율거품지수":27.35,
            "검색코드":12029,
            "세대수":110.0,
            "준공년월":"2004-02-27",
            "준공년차":19.0,
            "가까운역이름":"하단",
            "가까운역거리":815.3,
            "역세권여부":"준역세권",
            "30분이내주요거점역":0,
            "30분거점역이름":"[]",
            "1시간이내주요거점역":1,
            "1시간거점역이름":"['하단']",
            "3km이내백화점수":0,
            "5km이내아울렛몰수":0,
            "1km이내대형먀트수":0,
            "500m이내은행수":1,
            "500m이내병원수":0,
            "5km이내대형병원수":1,
            "500m이내공원수":1,
            "3km이내혐오시설수":0,
            "초등학교학업성취도":90.0,
            "중학교학업성취도":90.8,
            "용적률":241,
            "건폐율":36,
            "Y":35.112421,
            "X":128.961968,
            "rank":106.0,
            "area_info":"10평(35.6), 18평(60.37), 31평(105.74)",
            "last_sales":"2021-10-13,33200.0,31평(105.74)",
            "rank_history":[
                [
                    "202202",
                    106
                ],
                [
                    "202201",
                    112
                ]
            ],
            "rank_gap":6
        },
        {
            "index":245,
            "아파트명":"신익타운",
            "투자타입":"재건축",
            "전용면적(m2)":"79.27",
            "전용면적(평)":"23평",
            "법정동주소":"부산시 사하구 괴정동 398-22",
            "도로명주소":"부산시 사하구 오작로 46",
            "세대수":0,
            "입주년차":"--",
            "용적률점수":0,
            "건폐율점수":0,
            "세대당주차수":"--",
            "난방방식":"--",
            "공급면적":50,
            "전용률":60,
            "욕실수":"--",
            "현관타입":"--",
            "주거총점":5.5,
            "지역구공급총점":0.0,
            "역세권":50,
            "30분내 이동가능 거점":0,
            "1시간내 이동가능 거점":0,
            "교통총점":25.0,
            "백화점":0,
            "아울렛몰":0,
            "대형마트":80,
            "은행":70,
            "병원":0,
            "종합병원":100,
            "공원":0,
            "혐오시설":0,
            "인프라총점":39.0,
            "초등학군":90.01,
            "중학군":57.06,
            "학군총점":63.65,
            "인구수":32.93,
            "인구증감":-7.9,
            "인구총점":20.681,
            "일자리":16.09,
            "소득수준":56.78,
            "일자리총점":28.297,
            "가치 총점":35.92,
            "매매실거래년":20211112.0,
            "매매실거래가":12500.0,
            "전세실거래년":20141204.0,
            "전세실거래가":10000.0,
            "전세가율":80.0,
            "장기전세가율평균":71.65,
            "전세가율거품지수":-8.35,
            "검색코드":6225,
            "세대수":228.0,
            "준공년월":"1992-03-28",
            "준공년차":31.0,
            "가까운역이름":"대티",
            "가까운역거리":515.03,
            "역세권여부":"준역세권",
            "30분이내주요거점역":0,
            "30분거점역이름":"[]",
            "1시간이내주요거점역":0,
            "1시간거점역이름":"[]",
            "3km이내백화점수":0,
            "5km이내아울렛몰수":0,
            "1km이내대형먀트수":1,
            "500m이내은행수":3,
            "500m이내병원수":0,
            "5km이내대형병원수":7,
            "500m이내공원수":0,
            "3km이내혐오시설수":0,
            "초등학교학업성취도":90.01,
            "중학교학업성취도":90.1,
            "용적률":300,
            "건폐율":72,
            "Y":35.098641,
            "X":128.998692,
            "rank":107.0,
            "area_info":"23평(79.27), 24평(80.26), 28평(92.64), 30평(99.39), 30평(99.99), 38평(127.85), 44평(147.3), 48평(160.75)",
            "last_sales":"2021-11-12,12500.0,23평(79.27)",
            "rank_history":[
                [
                    "202202",
                    107
                ],
                [
                    "202201",
                    98
                ]
            ],
            "rank_gap":-9
        },
        {
            "index":694,
            "아파트명":"장림신도",
            "투자타입":"일반",
            "전용면적(m2)":"100.05",
            "전용면적(평)":"30평",
            "법정동주소":"부산시 사하구 장림동 60-34",
            "도로명주소":"부산시 사하구 두송로 57",
            "세대수":0,
            "입주년차":0,
            "용적률점수":"--",
            "건폐율점수":"--",
            "세대당주차수":0,
            "난방방식":30,
            "공급면적":"--",
            "전용률":"--",
            "욕실수":50,
            "현관타입":100,
            "주거총점":18.0,
            "지역구공급총점":0.0,
            "역세권":50,
            "30분내 이동가능 거점":0,
            "1시간내 이동가능 거점":0,
            "교통총점":25.0,
            "백화점":0,
            "아울렛몰":0,
            "대형마트":80,
            "은행":0,
            "병원":0,
            "종합병원":100,
            "공원":80,
            "혐오시설":0,
            "인프라총점":34.4,
            "초등학군":89.96,
            "중학군":49.64,
            "학군총점":57.704,
            "인구수":32.93,
            "인구증감":-7.9,
            "인구총점":20.681,
            "일자리":16.09,
            "소득수준":56.78,
            "일자리총점":28.297,
            "가치 총점":35.8812,
            "매매실거래년":20220107.0,
            "매매실거래가":10000.0,
            "전세실거래년":20220127.0,
            "전세실거래가":8300.0,
            "전세가율":93.26,
            "장기전세가율평균":71.65,
            "전세가율거품지수":-21.61,
            "검색코드":7078,
            "세대수":119.0,
            "준공년월":"1993-04-30",
            "준공년차":30.0,
            "가까운역이름":"장림",
            "가까운역거리":568.16,
            "역세권여부":"준역세권",
            "30분이내주요거점역":0,
            "30분거점역이름":"[]",
            "1시간이내주요거점역":0,
            "1시간거점역이름":"[]",
            "3km이내백화점수":0,
            "5km이내아울렛몰수":0,
            "1km이내대형먀트수":1,
            "500m이내은행수":0,
            "500m이내병원수":0,
            "5km이내대형병원수":3,
            "500m이내공원수":1,
            "3km이내혐오시설수":0,
            "초등학교학업성취도":89.96,
            "중학교학업성취도":80.6,
            "용적률":244,
            "건폐율":22,
            "Y":35.07906,
            "X":128.98249,
            "rank":108.0,
            "area_info":"30평(100.05), 30평(101.79), 31평(103.56), 32평(106.67), 32평(107.33), 33평(110.18)",
            "last_sales":"2022-01-07,10000.0,31평(103.56)",
            "rank_history":[
                [
                    "202202",
                    108
                ],
                [
                    "202201",
                    96
                ]
            ],
            "rank_gap":-12
        },
        {
            "index":215,
            "아파트명":"삼풍",
            "투자타입":"재건축",
            "전용면적(m2)":"59.51",
            "전용면적(평)":"18평",
            "법정동주소":"부산시 사하구 괴정동 487-6",
            "도로명주소":"부산시 사하구 사하로 157",
            "세대수":0,
            "입주년차":"--",
            "용적률점수":0,
            "건폐율점수":0,
            "세대당주차수":"--",
            "난방방식":"--",
            "공급면적":50,
            "전용률":80,
            "욕실수":"--",
            "현관타입":"--",
            "주거총점":6.5,
            "지역구공급총점":0.0,
            "역세권":80,
            "30분내 이동가능 거점":0,
            "1시간내 이동가능 거점":0,
            "교통총점":40.0,
            "백화점":0,
            "아울렛몰":0,
            "대형마트":80,
            "은행":70,
            "병원":0,
            "종합병원":100,
            "공원":0,
            "혐오시설":0,
            "인프라총점":39.0,
            "초등학군":90.0,
            "중학군":45.8,
            "학군총점":54.64,
            "인구수":32.93,
            "인구증감":-7.9,
            "인구총점":20.681,
            "일자리":16.09,
            "소득수준":56.78,
            "일자리총점":28.297,
            "가치 총점":35.717,
            "매매실거래년":20211207.0,
            "매매실거래가":30000.0,
            "전세실거래년":null,
            "전세실거래가":null,
            "전세가율":null,
            "장기전세가율평균":71.65,
            "전세가율거품지수":null,
            "검색코드":17754,
            "세대수":102.0,
            "준공년월":"1978-05-06",
            "준공년차":45.0,
            "가까운역이름":"괴정",
            "가까운역거리":441.95,
            "역세권여부":"역세권",
            "30분이내주요거점역":0,
            "30분거점역이름":"[]",
            "1시간이내주요거점역":0,
            "1시간거점역이름":"[]",
            "3km이내백화점수":0,
            "5km이내아울렛몰수":0,
            "1km이내대형먀트수":1,
            "500m이내은행수":3,
            "500m이내병원수":0,
            "5km이내대형병원수":7,
            "500m이내공원수":0,
            "3km이내혐오시설수":0,
            "초등학교학업성취도":90.0,
            "중학교학업성취도":75.0,
            "용적률":0,
            "건폐율":0,
            "Y":35.095968,
            "X":128.992769,
            "rank":109.0,
            "area_info":"18평(59.51), 19평(65.83), 19평(65.85), 22평(73.19), 22평(74.09), 22평(74.58), 23평(78.12), 23평(78.15), 24평(82.62), 30평(99.97)",
            "last_sales":"2021-12-07,30000.0,30평(99.97)",
            "rank_history":[
                [
                    "202202",
                    109
                ],
                [
                    "202201",
                    105
                ]
            ],
            "rank_gap":-4
        },
        {
            "index":492,
            "아파트명":"당리형제",
            "투자타입":"일반",
            "전용면적(m2)":"84.85",
            "전용면적(평)":"25평",
            "법정동주소":"부산시 사하구 당리동 39-18",
            "도로명주소":"부산시 사하구 제석로95번길 21",
            "세대수":0,
            "입주년차":0,
            "용적률점수":"--",
            "건폐율점수":"--",
            "세대당주차수":0,
            "난방방식":30,
            "공급면적":"--",
            "전용률":"--",
            "욕실수":50,
            "현관타입":10,
            "주거총점":9.0,
            "지역구공급총점":0.0,
            "역세권":50,
            "30분내 이동가능 거점":0,
            "1시간내 이동가능 거점":0,
            "교통총점":25.0,
            "백화점":0,
            "아울렛몰":0,
            "대형마트":80,
            "은행":0,
            "병원":0,
            "종합병원":100,
            "공원":100,
            "혐오시설":0,
            "인프라총점":35.0,
            "초등학군":90.02,
            "중학군":57.48,
            "학군총점":63.988,
            "인구수":32.93,
            "인구증감":-7.9,
            "인구총점":20.681,
            "일자리":16.09,
            "소득수준":56.78,
            "일자리총점":28.297,
            "가치 총점":35.6964,
            "매매실거래년":20211204.0,
            "매매실거래가":15500.0,
            "전세실거래년":20210705.0,
            "전세실거래가":10000.0,
            "전세가율":81.3,
            "장기전세가율평균":71.65,
            "전세가율거품지수":-9.65,
            "검색코드":6695,
            "세대수":183.0,
            "준공년월":"1998-11-24",
            "준공년차":25.0,
            "가까운역이름":"당리",
            "가까운역거리":676.13,
            "역세권여부":"준역세권",
            "30분이내주요거점역":0,
            "30분거점역이름":"[]",
            "1시간이내주요거점역":0,
            "1시간거점역이름":"[]",
            "3km이내백화점수":0,
            "5km이내아울렛몰수":0,
            "1km이내대형먀트수":1,
            "500m이내은행수":0,
            "500m이내병원수":0,
            "5km이내대형병원수":4,
            "500m이내공원수":2,
            "3km이내혐오시설수":0,
            "초등학교학업성취도":90.02,
            "중학교학업성취도":93.0,
            "용적률":351,
            "건폐율":34,
            "Y":35.10904,
            "X":128.976935,
            "rank":110.0,
            "area_info":"25평(84.85), 29평(97.16), 31평(103.33), 32평(107.46)",
            "last_sales":"2021-12-04,15500.0,32평(107.46)",
            "rank_history":[
                [
                    "202202",
                    110
                ],
                [
                    "202201",
                    108
                ]
            ],
            "rank_gap":-2
        },
        {
            "index":575,
            "아파트명":"신평럭키무지개타운",
            "투자타입":"재건축",
            "전용면적(m2)":"74.31",
            "전용면적(평)":"22평",
            "법정동주소":"부산시 사하구 신평동 206-5",
            "도로명주소":"부산시 사하구 신산북로43번길 43",
            "세대수":50,
            "입주년차":"--",
            "용적률점수":0,
            "건폐율점수":0,
            "세대당주차수":"--",
            "난방방식":"--",
            "공급면적":50,
            "전용률":60,
            "욕실수":"--",
            "현관타입":"--",
            "주거총점":20.5,
            "지역구공급총점":0.0,
            "역세권":50,
            "30분내 이동가능 거점":0,
            "1시간내 이동가능 거점":0,
            "교통총점":25.0,
            "백화점":0,
            "아울렛몰":0,
            "대형마트":80,
            "은행":0,
            "병원":0,
            "종합병원":100,
            "공원":0,
            "혐오시설":0,
            "인프라총점":32.0,
            "초등학군":89.95,
            "중학군":48.76,
            "학군총점":56.998,
            "인구수":32.93,
            "인구증감":-7.9,
            "인구총점":20.681,
            "일자리":16.09,
            "소득수준":56.78,
            "일자리총점":28.297,
            "가치 총점":35.5744,
            "매매실거래년":20211214.0,
            "매매실거래가":19000.0,
            "전세실거래년":20210116.0,
            "전세실거래가":8500.0,
            "전세가율":74.24,
            "장기전세가율평균":71.65,
            "전세가율거품지수":-2.59,
            "검색코드":6717,
            "세대수":505.0,
            "준공년월":"1990-07-25",
            "준공년차":33.0,
            "가까운역이름":"동매",
            "가까운역거리":504.71,
            "역세권여부":"준역세권",
            "30분이내주요거점역":0,
            "30분거점역이름":"[]",
            "1시간이내주요거점역":0,
            "1시간거점역이름":"[]",
            "3km이내백화점수":0,
            "5km이내아울렛몰수":0,
            "1km이내대형먀트수":1,
            "500m이내은행수":1,
            "500m이내병원수":0,
            "5km이내대형병원수":3,
            "500m이내공원수":0,
            "3km이내혐오시설수":0,
            "초등학교학업성취도":89.95,
            "중학교학업성취도":79.6,
            "용적률":0,
            "건폐율":0,
            "Y":35.092929,
            "X":128.969559,
            "rank":111.0,
            "area_info":"22평(74.31), 23평(78.26), 25평(84.54), 30평(102.1), 31평(104.15), 50평(166.14), 54평(180.84)",
            "last_sales":"2021-12-14,19000.0,54평(180.84)",
            "rank_history":[
                [
                    "202202",
                    111
                ],
                [
                    "202201",
                    107
                ]
            ],
            "rank_gap":-4
        },
        {
            "index":426,
            "아파트명":"우신",
            "투자타입":"재건축",
            "전용면적(m2)":"44.69",
            "전용면적(평)":"13평",
            "법정동주소":"부산시 사하구 다대동 960",
            "도로명주소":"부산시 사하구 윤공단로17번길 29",
            "세대수":0,
            "입주년차":"--",
            "용적률점수":100,
            "건폐율점수":40,
            "세대당주차수":"--",
            "난방방식":"--",
            "공급면적":50,
            "전용률":80,
            "욕실수":"--",
            "현관타입":"--",
            "주거총점":54.5,
            "지역구공급총점":0.0,
            "역세권":50,
            "30분내 이동가능 거점":0,
            "1시간내 이동가능 거점":0,
            "교통총점":25.0,
            "백화점":0,
            "아울렛몰":0,
            "대형마트":0,
            "은행":0,
            "병원":0,
            "종합병원":0,
            "공원":100,
            "혐오시설":0,
            "인프라총점":3.0,
            "초등학군":89.99,
            "중학군":49.54,
            "학군총점":57.63,
            "인구수":32.93,
            "인구증감":-7.9,
            "인구총점":20.681,
            "일자리":16.09,
            "소득수준":56.78,
            "일자리총점":28.297,
            "가치 총점":35.564,
            "매매실거래년":"18000101",
            "매매실거래가":null,
            "전세실거래년":null,
            "전세실거래가":null,
            "전세가율":null,
            "장기전세가율평균":71.65,
            "전세가율거품지수":null,
            "검색코드":14974,
            "세대수":237.0,
            "준공년월":"1986-12-12",
            "준공년차":37.0,
            "가까운역이름":"다대포항",
            "가까운역거리":572.05,
            "역세권여부":"준역세권",
            "30분이내주요거점역":0,
            "30분거점역이름":"[]",
            "1시간이내주요거점역":0,
            "1시간거점역이름":"[]",
            "3km이내백화점수":0,
            "5km이내아울렛몰수":0,
            "1km이내대형먀트수":0,
            "500m이내은행수":1,
            "500m이내병원수":0,
            "5km이내대형병원수":0,
            "500m이내공원수":4,
            "3km이내혐오시설수":0,
            "초등학교학업성취도":89.99,
            "중학교학업성취도":81.1,
            "용적률":91,
            "건폐율":39,
            "Y":35.053471,
            "X":128.967689,
            "rank":112.0,
            "area_info":"13평(44.69), 13평(45.85), 15평(51.66), 16평(52.92), 15평(52.02), 16평(53.28), 17평(57.24), 17평(57.78), 18평(62.46), 18평(62.1)",
            "last_sales":"1800-01-01,nan,13평(44.69)",
            "rank_history":[
                [
                    "202202",
                    112
                ],
                [
                    "202201",
                    94
                ]
            ],
            "rank_gap":-18
        },
        {
            "index":709,
            "아파트명":"장림우림그린맨션",
            "투자타입":"재건축",
            "전용면적(m2)":"85.71",
            "전용면적(평)":"25평",
            "법정동주소":"부산시 사하구 장림동 244-6",
            "도로명주소":"부산시 사하구 두송로 25",
            "세대수":0,
            "입주년차":"--",
            "용적률점수":0,
            "건폐율점수":0,
            "세대당주차수":"--",
            "난방방식":"--",
            "공급면적":70,
            "전용률":60,
            "욕실수":"--",
            "현관타입":"--",
            "주거총점":6.5,
            "지역구공급총점":0.0,
            "역세권":80,
            "30분내 이동가능 거점":0,
            "1시간내 이동가능 거점":0,
            "교통총점":40.0,
            "백화점":0,
            "아울렛몰":0,
            "대형마트":100,
            "은행":0,
            "병원":0,
            "종합병원":100,
            "공원":0,
            "혐오시설":0,
            "인프라총점":35.0,
            "초등학군":89.96,
            "중학군":49.64,
            "학군총점":57.704,
            "인구수":32.93,
            "인구증감":-7.9,
            "인구총점":20.681,
            "일자리":16.09,
            "소득수준":56.78,
            "일자리총점":28.297,
            "가치 총점":35.4362,
            "매매실거래년":20210814.0,
            "매매실거래가":10500.0,
            "전세실거래년":null,
            "전세실거래가":null,
            "전세가율":null,
            "장기전세가율평균":71.65,
            "전세가율거품지수":null,
            "검색코드":6928,
            "세대수":255.0,
            "준공년월":"1992-01-28",
            "준공년차":31.0,
            "가까운역이름":"장림",
            "가까운역거리":336.23,
            "역세권여부":"역세권",
            "30분이내주요거점역":0,
            "30분거점역이름":"[]",
            "1시간이내주요거점역":0,
            "1시간거점역이름":"[]",
            "3km이내백화점수":0,
            "5km이내아울렛몰수":0,
            "1km이내대형먀트수":2,
            "500m이내은행수":1,
            "500m이내병원수":0,
            "5km이내대형병원수":3,
            "500m이내공원수":0,
            "3km이내혐오시설수":0,
            "초등학교학업성취도":89.96,
            "중학교학업성취도":80.6,
            "용적률":0,
            "건폐율":0,
            "Y":35.079304,
            "X":128.979113,
            "rank":113.0,
            "area_info":"25평(85.71), 26평(87.82), 29평(96.9), 31평(102.91)",
            "last_sales":"2021-08-14,10500.0,31평(102.91)",
            "rank_history":[
                [
                    "202202",
                    113
                ],
                [
                    "202201",
                    120
                ]
            ],
            "rank_gap":7
        },
        {
            "index":628,
            "아파트명":"경동메르빌",
            "투자타입":"일반",
            "전용면적(m2)":"70.64",
            "전용면적(평)":"21평",
            "법정동주소":"부산시 사하구 장림동 2",
            "도로명주소":"부산시 사하구 다대로277번길 124",
            "세대수":0,
            "입주년차":20,
            "용적률점수":"--",
            "건폐율점수":"--",
            "세대당주차수":0,
            "난방방식":30,
            "공급면적":"--",
            "전용률":"--",
            "욕실수":50,
            "현관타입":100,
            "주거총점":22.0,
            "지역구공급총점":0.0,
            "역세권":50,
            "30분내 이동가능 거점":0,
            "1시간내 이동가능 거점":0,
            "교통총점":25.0,
            "백화점":0,
            "아울렛몰":0,
            "대형마트":80,
            "은행":0,
            "병원":0,
            "종합병원":100,
            "공원":0,
            "혐오시설":0,
            "인프라총점":32.0,
            "초등학군":89.97,
            "중학군":46.52,
            "학군총점":55.21,
            "인구수":32.93,
            "인구증감":-7.9,
            "인구총점":20.681,
            "일자리":16.09,
            "소득수준":56.78,
            "일자리총점":28.297,
            "가치 총점":35.413,
            "매매실거래년":20220124.0,
            "매매실거래가":9600.0,
            "전세실거래년":20210303.0,
            "전세실거래가":8000.0,
            "전세가율":100.0,
            "장기전세가율평균":71.65,
            "전세가율거품지수":-28.35,
            "검색코드":10408,
            "세대수":261.0,
            "준공년월":"2002-11-22",
            "준공년차":21.0,
            "가까운역이름":"신장림",
            "가까운역거리":610.69,
            "역세권여부":"준역세권",
            "30분이내주요거점역":0,
            "30분거점역이름":"[]",
            "1시간이내주요거점역":0,
            "1시간거점역이름":"[]",
            "3km이내백화점수":0,
            "5km이내아울렛몰수":0,
            "1km이내대형먀트수":1,
            "500m이내은행수":0,
            "500m이내병원수":0,
            "5km이내대형병원수":3,
            "500m이내공원수":0,
            "3km이내혐오시설수":0,
            "초등학교학업성취도":89.97,
            "중학교학업성취도":75.4,
            "용적률":281,
            "건폐율":19,
            "Y":35.0755,
            "X":128.98324,
            "rank":114.0,
            "area_info":"21평(70.64), 23평(79.33), 23평(79.33)",
            "last_sales":"2022-01-24,9600.0,23평(79.33)",
            "rank_history":[
                [
                    "202202",
                    114
                ],
                [
                    "202201",
                    109
                ]
            ],
            "rank_gap":-5
        },
        {
            "index":74,
            "아파트명":"영동힐타운",
            "투자타입":"일반",
            "전용면적(m2)":"56.32",
            "전용면적(평)":"17평",
            "법정동주소":"부산시 사하구 감천동 12-108",
            "도로명주소":"부산시 사하구 옥천로 87",
            "세대수":0,
            "입주년차":20,
            "용적률점수":"--",
            "건폐율점수":"--",
            "세대당주차수":0,
            "난방방식":30,
            "공급면적":"--",
            "전용률":"--",
            "욕실수":50,
            "현관타입":10,
            "주거총점":13.0,
            "지역구공급총점":0.0,
            "역세권":0,
            "30분내 이동가능 거점":0,
            "1시간내 이동가능 거점":0,
            "교통총점":0.0,
            "백화점":100,
            "아울렛몰":0,
            "대형마트":0,
            "은행":0,
            "병원":0,
            "종합병원":100,
            "공원":0,
            "혐오시설":0,
            "인프라총점":50.0,
            "초등학군":89.98,
            "중학군":48.66,
            "학군총점":56.924,
            "인구수":32.93,
            "인구증감":-7.9,
            "인구총점":20.681,
            "일자리":16.09,
            "소득수준":56.78,
            "일자리총점":28.297,
            "가치 총점":35.3272,
            "매매실거래년":20211023.0,
            "매매실거래가":15800.0,
            "전세실거래년":null,
            "전세실거래가":null,
            "전세가율":null,
            "장기전세가율평균":71.65,
            "전세가율거품지수":null,
            "검색코드":14968,
            "세대수":176.0,
            "준공년월":"2003-06-20",
            "준공년차":20.0,
            "가까운역이름":"토성",
            "가까운역거리":1169.7,
            "역세권여부":"비역세권",
            "30분이내주요거점역":0,
            "30분거점역이름":"[]",
            "1시간이내주요거점역":0,
            "1시간거점역이름":"[]",
            "3km이내백화점수":1,
            "5km이내아울렛몰수":0,
            "1km이내대형먀트수":0,
            "500m이내은행수":1,
            "500m이내병원수":0,
            "5km이내대형병원수":7,
            "500m이내공원수":0,
            "3km이내혐오시설수":0,
            "초등학교학업성취도":89.98,
            "중학교학업성취도":79.9,
            "용적률":385,
            "건폐율":29,
            "Y":35.094223,
            "X":129.009737,
            "rank":115.0,
            "area_info":"17평(56.32), 26평(86.21), 26평(86.04), 32평(107.93), 34평(113.19)",
            "last_sales":"2021-10-23,15800.0,34평(113.19)",
            "rank_history":[
                [
                    "202202",
                    0
                ],
                [
                    "202201",
                    9999
                ]
            ],
            "rank_gap":9999
        },
        {
            "index":403,
            "아파트명":"대건",
            "투자타입":"재건축",
            "전용면적(m2)":"59.12",
            "전용면적(평)":"17평",
            "법정동주소":"부산시 사하구 다대동 930",
            "도로명주소":"부산시 사하구 윤공단로 103",
            "세대수":50,
            "입주년차":"--",
            "용적률점수":0,
            "건폐율점수":0,
            "세대당주차수":"--",
            "난방방식":"--",
            "공급면적":50,
            "전용률":60,
            "욕실수":"--",
            "현관타입":"--",
            "주거총점":20.5,
            "지역구공급총점":0.0,
            "역세권":80,
            "30분내 이동가능 거점":0,
            "1시간내 이동가능 거점":0,
            "교통총점":40.0,
            "백화점":0,
            "아울렛몰":0,
            "대형마트":0,
            "은행":20,
            "병원":0,
            "종합병원":80,
            "공원":100,
            "혐오시설":0,
            "인프라총점":21.0,
            "초등학군":89.99,
            "중학군":51.7,
            "학군총점":59.358,
            "인구수":32.93,
            "인구증감":-7.9,
            "인구총점":20.681,
            "일자리":16.09,
            "소득수준":56.78,
            "일자리총점":28.297,
            "가치 총점":35.2324,
            "매매실거래년":"18000101",
            "매매실거래가":null,
            "전세실거래년":null,
            "전세실거래가":null,
            "전세가율":null,
            "장기전세가율평균":71.65,
            "전세가율거품지수":null,
            "검색코드":6531,
            "세대수":417.0,
            "준공년월":"1991-02-08",
            "준공년차":32.0,
            "가까운역이름":"다대포항",
            "가까운역거리":301.95,
            "역세권여부":"역세권",
            "30분이내주요거점역":0,
            "30분거점역이름":"[]",
            "1시간이내주요거점역":0,
            "1시간거점역이름":"[]",
            "3km이내백화점수":0,
            "5km이내아울렛몰수":0,
            "1km이내대형먀트수":0,
            "500m이내은행수":2,
            "500m이내병원수":0,
            "5km이내대형병원수":1,
            "500m이내공원수":4,
            "3km이내혐오시설수":0,
            "초등학교학업성취도":89.99,
            "중학교학업성취도":81.9,
            "용적률":0,
            "건폐율":0,
            "Y":35.059697,
            "X":128.969089,
            "rank":116.0,
            "area_info":"17평(59.12), 18평(62.6), 19평(63.88), 21평(69.48), 34평(112.73), 35평(115.82)",
            "last_sales":"1800-01-01,nan,17평(59.12)",
            "rank_history":[
                [
                    "202202",
                    116
                ],
                [
                    "202201",
                    122
                ]
            ],
            "rank_gap":6
        },
        {
            "index":610,
            "아파트명":"원우",
            "투자타입":"일반",
            "전용면적(m2)":"86.55",
            "전용면적(평)":"26평",
            "법정동주소":"부산시 사하구 신평동 414-10",
            "도로명주소":"부산시 사하구 비봉로 29",
            "세대수":0,
            "입주년차":20,
            "용적률점수":"--",
            "건폐율점수":"--",
            "세대당주차수":0,
            "난방방식":30,
            "공급면적":"--",
            "전용률":"--",
            "욕실수":50,
            "현관타입":100,
            "주거총점":22.0,
            "지역구공급총점":0.0,
            "역세권":80,
            "30분내 이동가능 거점":0,
            "1시간내 이동가능 거점":0,
            "교통총점":40.0,
            "백화점":0,
            "아울렛몰":0,
            "대형마트":0,
            "은행":20,
            "병원":0,
            "종합병원":100,
            "공원":0,
            "혐오시설":0,
            "인프라총점":22.0,
            "초등학군":89.99,
            "중학군":48.76,
            "학군총점":57.006,
            "인구수":32.93,
            "인구증감":-7.9,
            "인구총점":20.681,
            "일자리":16.09,
            "소득수준":56.78,
            "일자리총점":28.297,
            "가치 총점":35.2018,
            "매매실거래년":20211214.0,
            "매매실거래가":17800.0,
            "전세실거래년":20211215.0,
            "전세실거래가":13000.0,
            "전세가율":73.03,
            "장기전세가율평균":71.65,
            "전세가율거품지수":-1.38,
            "검색코드":9981,
            "세대수":276.0,
            "준공년월":"2001-06-07",
            "준공년차":22.0,
            "가까운역이름":"신평",
            "가까운역거리":477.44,
            "역세권여부":"역세권",
            "30분이내주요거점역":0,
            "30분거점역이름":"[]",
            "1시간이내주요거점역":0,
            "1시간거점역이름":"[]",
            "3km이내백화점수":0,
            "5km이내아울렛몰수":0,
            "1km이내대형먀트수":0,
            "500m이내은행수":2,
            "500m이내병원수":0,
            "5km이내대형병원수":3,
            "500m이내공원수":0,
            "3km이내혐오시설수":0,
            "초등학교학업성취도":89.99,
            "중학교학업성취도":79.6,
            "용적률":311,
            "건폐율":17,
            "Y":35.097998,
            "X":128.964629,
            "rank":117.0,
            "area_info":"26평(86.55), 29평(98.69), 31평(103.82)",
            "last_sales":"2021-12-14,17800.0,26평(86.55)",
            "rank_history":[
                [
                    "202202",
                    117
                ],
                [
                    "202201",
                    125
                ]
            ],
            "rank_gap":8
        },
        {
            "index":636,
            "아파트명":"극동정림",
            "투자타입":"일반",
            "전용면적(m2)":"79.56",
            "전용면적(평)":"24평",
            "법정동주소":"부산시 사하구 장림동 426",
            "도로명주소":"부산시 사하구 다대로 339",
            "세대수":50,
            "입주년차":0,
            "용적률점수":"--",
            "건폐율점수":"--",
            "세대당주차수":0,
            "난방방식":30,
            "공급면적":"--",
            "전용률":"--",
            "욕실수":50,
            "현관타입":10,
            "주거총점":26.5,
            "지역구공급총점":0.0,
            "역세권":80,
            "30분내 이동가능 거점":0,
            "1시간내 이동가능 거점":0,
            "교통총점":40.0,
            "백화점":0,
            "아울렛몰":0,
            "대형마트":0,
            "은행":0,
            "병원":0,
            "종합병원":100,
            "공원":0,
            "혐오시설":0,
            "인프라총점":20.0,
            "초등학군":89.97,
            "중학군":46.52,
            "학군총점":55.21,
            "인구수":32.93,
            "인구증감":-7.9,
            "인구총점":20.681,
            "일자리":16.09,
            "소득수준":56.78,
            "일자리총점":28.297,
            "가치 총점":35.188,
            "매매실거래년":20211224.0,
            "매매실거래가":11800.0,
            "전세실거래년":20210911.0,
            "전세실거래가":9000.0,
            "전세가율":78.26,
            "장기전세가율평균":71.65,
            "전세가율거품지수":-6.61,
            "검색코드":6951,
            "세대수":472.0,
            "준공년월":"1995-12-20",
            "준공년차":28.0,
            "가까운역이름":"신장림",
            "가까운역거리":263.24,
            "역세권여부":"역세권",
            "30분이내주요거점역":0,
            "30분거점역이름":"[]",
            "1시간이내주요거점역":0,
            "1시간거점역이름":"[]",
            "3km이내백화점수":0,
            "5km이내아울렛몰수":0,
            "1km이내대형먀트수":0,
            "500m이내은행수":1,
            "500m이내병원수":0,
            "5km이내대형병원수":2,
            "500m이내공원수":0,
            "3km이내혐오시설수":0,
            "초등학교학업성취도":89.97,
            "중학교학업성취도":75.4,
            "용적률":368,
            "건폐율":43,
            "Y":35.072581,
            "X":128.977772,
            "rank":118.0,
            "area_info":"24평(79.56), 28평(93.74), 31평(105.35), 42평(138.9)",
            "last_sales":"2021-12-24,11800.0,28평(93.74)",
            "rank_history":[
                [
                    "202202",
                    118
                ],
                [
                    "202201",
                    131
                ]
            ],
            "rank_gap":13
        },
        {
            "index":690,
            "아파트명":"장림삼경",
            "투자타입":"일반",
            "전용면적(m2)":"81.23",
            "전용면적(평)":"24평",
            "법정동주소":"부산시 사하구 장림동 60-20",
            "도로명주소":"부산시 사하구 다대로277번길 141",
            "세대수":0,
            "입주년차":0,
            "용적률점수":"--",
            "건폐율점수":"--",
            "세대당주차수":0,
            "난방방식":30,
            "공급면적":"--",
            "전용률":"--",
            "욕실수":50,
            "현관타입":100,
            "주거총점":18.0,
            "지역구공급총점":0.0,
            "역세권":50,
            "30분내 이동가능 거점":0,
            "1시간내 이동가능 거점":0,
            "교통총점":25.0,
            "백화점":0,
            "아울렛몰":0,
            "대형마트":80,
            "은행":0,
            "병원":0,
            "종합병원":100,
            "공원":0,
            "혐오시설":0,
            "인프라총점":32.0,
            "초등학군":89.97,
            "중학군":49.64,
            "학군총점":57.706,
            "인구수":32.93,
            "인구증감":-7.9,
            "인구총점":20.681,
            "일자리":16.09,
            "소득수준":56.78,
            "일자리총점":28.297,
            "가치 총점":35.1618,
            "매매실거래년":20211219.0,
            "매매실거래가":7600.0,
            "전세실거래년":20220108.0,
            "전세실거래가":7300.0,
            "전세가율":96.05,
            "장기전세가율평균":71.65,
            "전세가율거품지수":-24.4,
            "검색코드":7071,
            "세대수":298.0,
            "준공년월":"1993-04-03",
            "준공년차":30.0,
            "가까운역이름":"신장림",
            "가까운역거리":594.46,
            "역세권여부":"준역세권",
            "30분이내주요거점역":0,
            "30분거점역이름":"[]",
            "1시간이내주요거점역":0,
            "1시간거점역이름":"[]",
            "3km이내백화점수":0,
            "5km이내아울렛몰수":0,
            "1km이내대형먀트수":1,
            "500m이내은행수":0,
            "500m이내병원수":0,
            "5km이내대형병원수":3,
            "500m이내공원수":0,
            "3km이내혐오시설수":0,
            "초등학교학업성취도":89.97,
            "중학교학업성취도":80.6,
            "용적률":0,
            "건폐율":0,
            "Y":35.076977,
            "X":128.982528,
            "rank":119.0,
            "area_info":"24평(81.23), 30평(100.53), 36평(119.05), 40평(135.07)",
            "last_sales":"2021-12-19,7600.0,24평(81.23)",
            "rank_history":[
                [
                    "202202",
                    119
                ],
                [
                    "202201",
                    106
                ]
            ],
            "rank_gap":-13
        },
        {
            "index":669,
            "아파트명":"삼경제일",
            "투자타입":"일반",
            "전용면적(m2)":"74.34",
            "전용면적(평)":"22평",
            "법정동주소":"부산시 사하구 장림동 60-39",
            "도로명주소":"부산시 사하구 두송로 68",
            "세대수":0,
            "입주년차":0,
            "용적률점수":"--",
            "건폐율점수":"--",
            "세대당주차수":0,
            "난방방식":30,
            "공급면적":"--",
            "전용률":"--",
            "욕실수":50,
            "현관타입":100,
            "주거총점":18.0,
            "지역구공급총점":0.0,
            "역세권":50,
            "30분내 이동가능 거점":0,
            "1시간내 이동가능 거점":0,
            "교통총점":25.0,
            "백화점":0,
            "아울렛몰":0,
            "대형마트":80,
            "은행":0,
            "병원":0,
            "종합병원":100,
            "공원":0,
            "혐오시설":0,
            "인프라총점":32.0,
            "초등학군":89.96,
            "중학군":49.64,
            "학군총점":57.704,
            "인구수":32.93,
            "인구증감":-7.9,
            "인구총점":20.681,
            "일자리":16.09,
            "소득수준":56.78,
            "일자리총점":28.297,
            "가치 총점":35.1612,
            "매매실거래년":20210512.0,
            "매매실거래가":13800.0,
            "전세실거래년":20170815.0,
            "전세실거래가":7500.0,
            "전세가율":93.75,
            "장기전세가율평균":71.65,
            "전세가율거품지수":-22.1,
            "검색코드":9760,
            "세대수":146.0,
            "준공년월":"1994-12-10",
            "준공년차":29.0,
            "가까운역이름":"신장림",
            "가까운역거리":598.11,
            "역세권여부":"준역세권",
            "30분이내주요거점역":0,
            "30분거점역이름":"[]",
            "1시간이내주요거점역":0,
            "1시간거점역이름":"[]",
            "3km이내백화점수":0,
            "5km이내아울렛몰수":0,
            "1km이내대형먀트수":1,
            "500m이내은행수":0,
            "500m이내병원수":0,
            "5km이내대형병원수":3,
            "500m이내공원수":0,
            "3km이내혐오시설수":0,
            "초등학교학업성취도":89.96,
            "중학교학업성취도":80.6,
            "용적률":319,
            "건폐율":26,
            "Y":35.077512,
            "X":128.982228,
            "rank":120.0,
            "area_info":"22평(74.34), 22평(75.13), 22평(75.17), 28평(95.01), 33평(112.05)",
            "last_sales":"2021-05-12,13800.0,33평(112.05)",
            "rank_history":[
                [
                    "202202",
                    120
                ],
                [
                    "202201",
                    102
                ]
            ],
            "rank_gap":-18
        },
        {
            "index":343,
            "아파트명":"다대남도",
            "투자타입":"재건축",
            "전용면적(m2)":"56.08",
            "전용면적(평)":"16평",
            "법정동주소":"부산시 사하구 다대동 959",
            "도로명주소":"부산시 사하구 윤공단로 25",
            "세대수":0,
            "입주년차":"--",
            "용적률점수":100,
            "건폐율점수":20,
            "세대당주차수":"--",
            "난방방식":"--",
            "공급면적":50,
            "전용률":80,
            "욕실수":"--",
            "현관타입":"--",
            "주거총점":50.5,
            "지역구공급총점":0.0,
            "역세권":50,
            "30분내 이동가능 거점":0,
            "1시간내 이동가능 거점":0,
            "교통총점":25.0,
            "백화점":0,
            "아울렛몰":0,
            "대형마트":0,
            "은행":0,
            "병원":0,
            "종합병원":0,
            "공원":100,
            "혐오시설":0,
            "인프라총점":3.0,
            "초등학군":89.99,
            "중학군":51.7,
            "학군총점":59.358,
            "인구수":32.93,
            "인구증감":-7.9,
            "인구총점":20.681,
            "일자리":16.09,
            "소득수준":56.78,
            "일자리총점":28.297,
            "가치 총점":35.0824,
            "매매실거래년":"18000101",
            "매매실거래가":null,
            "전세실거래년":null,
            "전세실거래가":null,
            "전세가율":null,
            "장기전세가율평균":71.65,
            "전세가율거품지수":null,
            "검색코드":14973,
            "세대수":132.0,
            "준공년월":"1990-10-11",
            "준공년차":33.0,
            "가까운역이름":"다대포항",
            "가까운역거리":511.52,
            "역세권여부":"준역세권",
            "30분이내주요거점역":0,
            "30분거점역이름":"[]",
            "1시간이내주요거점역":0,
            "1시간거점역이름":"[]",
            "3km이내백화점수":0,
            "5km이내아울렛몰수":0,
            "1km이내대형먀트수":0,
            "500m이내은행수":1,
            "500m이내병원수":0,
            "5km이내대형병원수":0,
            "500m이내공원수":4,
            "3km이내혐오시설수":0,
            "초등학교학업성취도":89.99,
            "중학교학업성취도":81.9,
            "용적률":124,
            "건폐율":43,
            "Y":35.054502,
            "X":128.967241,
            "rank":121.0,
            "area_info":"16평(56.08), 25평(83.13), 26평(86.71), 26평(89.07), 27평(91.42), 27평(91.06), 27평(92.14), 27평(92.15), 28평(93.52), 29평(97.94), 29평(97.2), 30평(99.65)",
            "last_sales":"1800-01-01,nan,16평(56.08)",
            "rank_history":[
                [
                    "202202",
                    121
                ],
                [
                    "202201",
                    101
                ]
            ],
            "rank_gap":-20
        },
        {
            "index":272,
            "아파트명":"자유3차",
            "투자타입":"일반",
            "전용면적(m2)":"80.53",
            "전용면적(평)":"24평",
            "법정동주소":"부산시 사하구 괴정동 1065",
            "도로명주소":"부산시 사하구 승학로233번길 33",
            "세대수":0,
            "입주년차":0,
            "용적률점수":"--",
            "건폐율점수":"--",
            "세대당주차수":0,
            "난방방식":30,
            "공급면적":"--",
            "전용률":"--",
            "욕실수":50,
            "현관타입":10,
            "주거총점":9.0,
            "지역구공급총점":0.0,
            "역세권":80,
            "30분내 이동가능 거점":0,
            "1시간내 이동가능 거점":0,
            "교통총점":40.0,
            "백화점":0,
            "아울렛몰":0,
            "대형마트":80,
            "은행":0,
            "병원":0,
            "종합병원":100,
            "공원":0,
            "혐오시설":0,
            "인프라총점":32.0,
            "초등학군":90.01,
            "중학군":49.0,
            "학군총점":57.202,
            "인구수":32.93,
            "인구증감":-7.9,
            "인구총점":20.681,
            "일자리":16.09,
            "소득수준":56.78,
            "일자리총점":28.297,
            "가치 총점":35.0106,
            "매매실거래년":20220112.0,
            "매매실거래가":19500.0,
            "전세실거래년":20211202.0,
            "전세실거래가":10000.0,
            "전세가율":71.43,
            "장기전세가율평균":71.65,
            "전세가율거품지수":0.22,
            "검색코드":6243,
            "세대수":298.0,
            "준공년월":"1997-01-24",
            "준공년차":26.0,
            "가까운역이름":"괴정",
            "가까운역거리":495.16,
            "역세권여부":"역세권",
            "30분이내주요거점역":0,
            "30분거점역이름":"[]",
            "1시간이내주요거점역":0,
            "1시간거점역이름":"[]",
            "3km이내백화점수":0,
            "5km이내아울렛몰수":0,
            "1km이내대형먀트수":1,
            "500m이내은행수":0,
            "500m이내병원수":0,
            "5km이내대형병원수":6,
            "500m이내공원수":0,
            "3km이내혐오시설수":0,
            "초등학교학업성취도":90.01,
            "중학교학업성취도":78.8,
            "용적률":341,
            "건폐율":30,
            "Y":35.103576,
            "X":128.989352,
            "rank":122.0,
            "area_info":"24평(80.53), 32평(106.18), 47평(157.25)",
            "last_sales":"2022-01-12,19500.0,32평(106.18)",
            "rank_history":[
                [
                    "202202",
                    122
                ],
                [
                    "202201",
                    121
                ]
            ],
            "rank_gap":-1
        },
        {
            "index":496,
            "아파트명":"대암가든",
            "투자타입":"재건축",
            "전용면적(m2)":"52.74",
            "전용면적(평)":"15평",
            "법정동주소":"부산시 사하구 당리동 354-2",
            "도로명주소":"부산시 사하구 승학로131번길 43",
            "세대수":0,
            "입주년차":"--",
            "용적률점수":0,
            "건폐율점수":0,
            "세대당주차수":"--",
            "난방방식":"--",
            "공급면적":50,
            "전용률":80,
            "욕실수":"--",
            "현관타입":"--",
            "주거총점":6.5,
            "지역구공급총점":0.0,
            "역세권":50,
            "30분내 이동가능 거점":0,
            "1시간내 이동가능 거점":0,
            "교통총점":25.0,
            "백화점":0,
            "아울렛몰":0,
            "대형마트":80,
            "은행":70,
            "병원":0,
            "종합병원":100,
            "공원":80,
            "혐오시설":0,
            "인프라총점":41.4,
            "초등학군":90.0,
            "중학군":49.0,
            "학군총점":57.2,
            "인구수":32.93,
            "인구증감":-7.9,
            "인구총점":20.681,
            "일자리":16.09,
            "소득수준":56.78,
            "일자리총점":28.297,
            "가치 총점":34.955,
            "매매실거래년":20220104.0,
            "매매실거래가":13200.0,
            "전세실거래년":null,
            "전세실거래가":null,
            "전세가율":null,
            "장기전세가율평균":71.65,
            "전세가율거품지수":null,
            "검색코드":16043,
            "세대수":118.0,
            "준공년월":"1984-09-22",
            "준공년차":39.0,
            "가까운역이름":"사하",
            "가까운역거리":676.55,
            "역세권여부":"준역세권",
            "30분이내주요거점역":0,
            "30분거점역이름":"[]",
            "1시간이내주요거점역":0,
            "1시간거점역이름":"[]",
            "3km이내백화점수":0,
            "5km이내아울렛몰수":0,
            "1km이내대형먀트수":1,
            "500m이내은행수":3,
            "500m이내병원수":0,
            "5km이내대형병원수":5,
            "500m이내공원수":1,
            "3km이내혐오시설수":0,
            "초등학교학업성취도":90.0,
            "중학교학업성취도":78.8,
            "용적률":0,
            "건폐율":0,
            "Y":35.105852,
            "X":128.983346,
            "rank":123.0,
            "area_info":"15평(52.74), 15평(52.74), 16평(54.18), 16평(54.18), 16평(54.72), 16평(55.98), 18평(61.65), 19평(63.09), 20평(68.4), 21평(69.84)",
            "last_sales":"2022-01-04,13200.0,21평(69.84)",
            "rank_history":[
                [
                    "202202",
                    123
                ],
                [
                    "202201",
                    118
                ]
            ],
            "rank_gap":-5
        },
        {
            "index":16,
            "아파트명":"감천유림1차",
            "투자타입":"일반",
            "전용면적(m2)":"80.62",
            "전용면적(평)":"24평",
            "법정동주소":"부산시 사하구 감천동 808",
            "도로명주소":"부산시 사하구 감천로 24",
            "세대수":50,
            "입주년차":0,
            "용적률점수":"--",
            "건폐율점수":"--",
            "세대당주차수":0,
            "난방방식":30,
            "공급면적":"--",
            "전용률":"--",
            "욕실수":50,
            "현관타입":100,
            "주거총점":35.5,
            "지역구공급총점":0.0,
            "역세권":0,
            "30분내 이동가능 거점":0,
            "1시간내 이동가능 거점":0,
            "교통총점":0.0,
            "백화점":0,
            "아울렛몰":0,
            "대형마트":80,
            "은행":0,
            "병원":0,
            "종합병원":100,
            "공원":0,
            "혐오시설":0,
            "인프라총점":32.0,
            "초등학군":90.0,
            "중학군":45.8,
            "학군총점":54.64,
            "인구수":32.93,
            "인구증감":-7.9,
            "인구총점":20.681,
            "일자리":16.09,
            "소득수준":56.78,
            "일자리총점":28.297,
            "가치 총점":34.867,
            "매매실거래년":20220117.0,
            "매매실거래가":23300.0,
            "전세실거래년":20201219.0,
            "전세실거래가":13000.0,
            "전세가율":81.76,
            "장기전세가율평균":71.65,
            "전세가율거품지수":-10.11,
            "검색코드":6130,
            "세대수":477.0,
            "준공년월":"1997-11-14",
            "준공년차":26.0,
            "가까운역이름":"괴정",
            "가까운역거리":1081.21,
            "역세권여부":"비역세권",
            "30분이내주요거점역":0,
            "30분거점역이름":"[]",
            "1시간이내주요거점역":0,
            "1시간거점역이름":"[]",
            "3km이내백화점수":0,
            "5km이내아울렛몰수":0,
            "1km이내대형먀트수":1,
            "500m이내은행수":0,
            "500m이내병원수":0,
            "5km이내대형병원수":7,
            "500m이내공원수":0,
            "3km이내혐오시설수":0,
            "초등학교학업성취도":90.0,
            "중학교학업성취도":75.0,
            "용적률":278,
            "건폐율":15,
            "Y":35.090433,
            "X":128.995005,
            "rank":124.0,
            "area_info":"24평(80.62), 32평(107.22), 43평(144.18)",
            "last_sales":"2022-01-17,23300.0,32평(107.22)",
            "rank_history":[
                [
                    "202202",
                    124
                ],
                [
                    "202201",
                    72
                ]
            ],
            "rank_gap":-52
        },
        {
            "index":657,
            "아파트명":"벽산마마",
            "투자타입":"재건축",
            "전용면적(m2)":"81.11",
            "전용면적(평)":"24평",
            "법정동주소":"부산시 사하구 장림동 532",
            "도로명주소":"부산시 사하구 장평로41번길 19",
            "세대수":50,
            "입주년차":"--",
            "용적률점수":0,
            "건폐율점수":80,
            "세대당주차수":"--",
            "난방방식":"--",
            "공급면적":70,
            "전용률":60,
            "욕실수":"--",
            "현관타입":"--",
            "주거총점":37.5,
            "지역구공급총점":0.0,
            "역세권":50,
            "30분내 이동가능 거점":0,
            "1시간내 이동가능 거점":0,
            "교통총점":25.0,
            "백화점":0,
            "아울렛몰":0,
            "대형마트":0,
            "은행":0,
            "병원":0,
            "종합병원":80,
            "공원":0,
            "혐오시설":0,
            "인프라총점":16.0,
            "초등학군":89.97,
            "중학군":46.52,
            "학군총점":55.21,
            "인구수":32.93,
            "인구증감":-7.9,
            "인구총점":20.681,
            "일자리":16.09,
            "소득수준":56.78,
            "일자리총점":28.297,
            "가치 총점":34.488,
            "매매실거래년":20211030.0,
            "매매실거래가":11600.0,
            "전세실거래년":20211227.0,
            "전세실거래가":7500.0,
            "전세가율":83.33,
            "장기전세가율평균":71.65,
            "전세가율거품지수":-11.68,
            "검색코드":6921,
            "세대수":450.0,
            "준공년월":"1992-09-09",
            "준공년차":31.0,
            "가까운역이름":"신장림",
            "가까운역거리":761.94,
            "역세권여부":"준역세권",
            "30분이내주요거점역":0,
            "30분거점역이름":"[]",
            "1시간이내주요거점역":0,
            "1시간거점역이름":"[]",
            "3km이내백화점수":0,
            "5km이내아울렛몰수":0,
            "1km이내대형먀트수":0,
            "500m이내은행수":0,
            "500m이내병원수":0,
            "5km이내대형병원수":1,
            "500m이내공원수":0,
            "3km이내혐오시설수":0,
            "초등학교학업성취도":89.97,
            "중학교학업성취도":75.4,
            "용적률":259,
            "건폐율":23,
            "Y":35.06887,
            "X":128.97228,
            "rank":125.0,
            "area_info":"24평(81.11), 28평(94.66), 30평(100.95), 38평(126.87), 42평(141.89)",
            "last_sales":"2021-10-30,11600.0,30평(100.95)",
            "rank_history":[
                [
                    "202202",
                    125
                ],
                [
                    "202201",
                    119
                ]
            ],
            "rank_gap":-6
        },
        {
            "index":515,
            "아파트명":"삼성타워맨션",
            "투자타입":"재건축",
            "전용면적(m2)":"88.36",
            "전용면적(평)":"26평",
            "법정동주소":"부산시 사하구 당리동 480-9",
            "도로명주소":"부산시 사하구 마하로 81",
            "세대수":0,
            "입주년차":"--",
            "용적률점수":0,
            "건폐율점수":0,
            "세대당주차수":"--",
            "난방방식":"--",
            "공급면적":70,
            "전용률":80,
            "욕실수":"--",
            "현관타입":"--",
            "주거총점":7.5,
            "지역구공급총점":0.0,
            "역세권":50,
            "30분내 이동가능 거점":0,
            "1시간내 이동가능 거점":0,
            "교통총점":25.0,
            "백화점":0,
            "아울렛몰":0,
            "대형마트":80,
            "은행":70,
            "병원":0,
            "종합병원":100,
            "공원":0,
            "혐오시설":0,
            "인프라총점":39.0,
            "초등학군":90.0,
            "중학군":49.0,
            "학군총점":57.2,
            "인구수":32.93,
            "인구증감":-7.9,
            "인구총점":20.681,
            "일자리":16.09,
            "소득수준":56.78,
            "일자리총점":28.297,
            "가치 총점":34.485,
            "매매실거래년":20211126.0,
            "매매실거래가":22000.0,
            "전세실거래년":20210407.0,
            "전세실거래가":9000.0,
            "전세가율":81.82,
            "장기전세가율평균":71.65,
            "전세가율거품지수":-10.17,
            "검색코드":6571,
            "세대수":210.0,
            "준공년월":"1991-12-19",
            "준공년차":32.0,
            "가까운역이름":"사하",
            "가까운역거리":767.24,
            "역세권여부":"준역세권",
            "30분이내주요거점역":0,
            "30분거점역이름":"[]",
            "1시간이내주요거점역":0,
            "1시간거점역이름":"[]",
            "3km이내백화점수":0,
            "5km이내아울렛몰수":0,
            "1km이내대형먀트수":1,
            "500m이내은행수":3,
            "500m이내병원수":0,
            "5km이내대형병원수":5,
            "500m이내공원수":0,
            "3km이내혐오시설수":0,
            "초등학교학업성취도":90.0,
            "중학교학업성취도":78.8,
            "용적률":0,
            "건폐율":0,
            "Y":35.10664,
            "X":128.98415,
            "rank":126.0,
            "area_info":"26평(88.36), 28평(95.59), 29평(98.39), 29평(98.43), 29평(98.49)",
            "last_sales":"2021-11-26,22000.0,29평(98.39)",
            "rank_history":[
                [
                    "202202",
                    126
                ],
                [
                    "202201",
                    124
                ]
            ],
            "rank_gap":-2
        },
        {
            "index":425,
            "아파트명":"신다대",
            "투자타입":"재건축",
            "전용면적(m2)":"55.02",
            "전용면적(평)":"16평",
            "법정동주소":"부산시 사하구 다대동 113-6",
            "도로명주소":"부산시 사하구 다대로 400",
            "세대수":50,
            "입주년차":"--",
            "용적률점수":0,
            "건폐율점수":0,
            "세대당주차수":"--",
            "난방방식":"--",
            "공급면적":50,
            "전용률":60,
            "욕실수":"--",
            "현관타입":"--",
            "주거총점":20.5,
            "지역구공급총점":0.0,
            "역세권":80,
            "30분내 이동가능 거점":0,
            "1시간내 이동가능 거점":0,
            "교통총점":40.0,
            "백화점":0,
            "아울렛몰":0,
            "대형마트":0,
            "은행":0,
            "병원":0,
            "종합병원":80,
            "공원":100,
            "혐오시설":0,
            "인프라총점":19.0,
            "초등학군":89.97,
            "중학군":49.88,
            "학군총점":57.898,
            "인구수":32.93,
            "인구증감":-7.9,
            "인구총점":20.681,
            "일자리":16.09,
            "소득수준":56.78,
            "일자리총점":28.297,
            "가치 총점":34.1944,
            "매매실거래년":20220125.0,
            "매매실거래가":7500.0,
            "전세실거래년":20220117.0,
            "전세실거래가":7000.0,
            "전세가율":93.33,
            "장기전세가율평균":71.65,
            "전세가율거품지수":-21.68,
            "검색코드":6437,
            "세대수":570.0,
            "준공년월":"1991-12-22",
            "준공년차":32.0,
            "가까운역이름":"낫개",
            "가까운역거리":103.14,
            "역세권여부":"역세권",
            "30분이내주요거점역":0,
            "30분거점역이름":"[]",
            "1시간이내주요거점역":0,
            "1시간거점역이름":"[]",
            "3km이내백화점수":0,
            "5km이내아울렛몰수":0,
            "1km이내대형먀트수":0,
            "500m이내은행수":1,
            "500m이내병원수":0,
            "5km이내대형병원수":1,
            "500m이내공원수":7,
            "3km이내혐오시설수":0,
            "초등학교학업성취도":89.97,
            "중학교학업성취도":80.6,
            "용적률":0,
            "건폐율":0,
            "Y":35.066196,
            "X":128.979242,
            "rank":127.0,
            "area_info":"16평(55.02)",
            "last_sales":"2022-01-25,7500.0,16평(55.02)",
            "rank_history":[
                [
                    "202202",
                    127
                ],
                [
                    "202201",
                    134
                ]
            ],
            "rank_gap":7
        },
        {
            "index":766,
            "아파트명":"남영",
            "투자타입":"재건축",
            "전용면적(m2)":"44.98",
            "전용면적(평)":"13평",
            "법정동주소":"부산시 사하구 하단동 479",
            "도로명주소":"부산시 사하구 낙동대로575번길 30",
            "세대수":50,
            "입주년차":"--",
            "용적률점수":0,
            "건폐율점수":0,
            "세대당주차수":"--",
            "난방방식":"--",
            "공급면적":50,
            "전용률":100,
            "욕실수":"--",
            "현관타입":"--",
            "주거총점":22.5,
            "지역구공급총점":0.0,
            "역세권":50,
            "30분내 이동가능 거점":0,
            "1시간내 이동가능 거점":10,
            "교통총점":27.0,
            "백화점":0,
            "아울렛몰":0,
            "대형마트":0,
            "은행":0,
            "병원":0,
            "종합병원":80,
            "공원":80,
            "혐오시설":0,
            "인프라총점":18.4,
            "초등학군":90.0,
            "중학군":55.88,
            "학군총점":62.704,
            "인구수":32.93,
            "인구증감":-7.9,
            "인구총점":20.681,
            "일자리":16.09,
            "소득수준":56.78,
            "일자리총점":28.297,
            "가치 총점":34.0062,
            "매매실거래년":"18000101",
            "매매실거래가":null,
            "전세실거래년":null,
            "전세실거래가":null,
            "전세가율":null,
            "장기전세가율평균":71.65,
            "전세가율거품지수":null,
            "검색코드":16062,
            "세대수":519.0,
            "준공년월":"1987-03-25",
            "준공년차":36.0,
            "가까운역이름":"하단",
            "가까운역거리":984.93,
            "역세권여부":"준역세권",
            "30분이내주요거점역":0,
            "30분거점역이름":"[]",
            "1시간이내주요거점역":1,
            "1시간거점역이름":"['하단']",
            "3km이내백화점수":0,
            "5km이내아울렛몰수":0,
            "1km이내대형먀트수":0,
            "500m이내은행수":1,
            "500m이내병원수":0,
            "5km이내대형병원수":1,
            "500m이내공원수":1,
            "3km이내혐오시설수":0,
            "초등학교학업성취도":90.0,
            "중학교학업성취도":90.8,
            "용적률":0,
            "건폐율":0,
            "Y":35.11403,
            "X":128.961636,
            "rank":128.0,
            "area_info":"13평(44.98), 13평(44.98), 15평(49.98), 15평(52.23), 16평(56.03), 17평(56.43), 17평(56.65), 16평(56.03), 16평(56.05), 18평(61.99), 18평(62.18), 19평(64.95), 19평(65.11), 19평(65.51), 19평(65.41)",
            "last_sales":"1800-01-01,nan,13평(44.98)",
            "rank_history":[
                [
                    "202202",
                    128
                ],
                [
                    "202201",
                    136
                ]
            ],
            "rank_gap":8
        },
        {
            "index":402,
            "아파트명":"다송",
            "투자타입":"일반",
            "전용면적(m2)":"56.27",
            "전용면적(평)":"17평",
            "법정동주소":"부산시 사하구 다대동 94-5",
            "도로명주소":"부산시 사하구 다대로381번길 99",
            "세대수":50,
            "입주년차":0,
            "용적률점수":"--",
            "건폐율점수":"--",
            "세대당주차수":0,
            "난방방식":30,
            "공급면적":"--",
            "전용률":"--",
            "욕실수":50,
            "현관타입":10,
            "주거총점":26.5,
            "지역구공급총점":0.0,
            "역세권":50,
            "30분내 이동가능 거점":0,
            "1시간내 이동가능 거점":0,
            "교통총점":25.0,
            "백화점":0,
            "아울렛몰":0,
            "대형마트":0,
            "은행":0,
            "병원":0,
            "종합병원":80,
            "공원":100,
            "혐오시설":0,
            "인프라총점":19.0,
            "초등학군":89.99,
            "중학군":49.88,
            "학군총점":57.902,
            "인구수":32.93,
            "인구증감":-7.9,
            "인구총점":20.681,
            "일자리":16.09,
            "소득수준":56.78,
            "일자리총점":28.297,
            "가치 총점":33.4456,
            "매매실거래년":20220111.0,
            "매매실거래가":6500.0,
            "전세실거래년":20220110.0,
            "전세실거래가":4500.0,
            "전세가율":69.23,
            "장기전세가율평균":71.65,
            "전세가율거품지수":2.42,
            "검색코드":6432,
            "세대수":500.0,
            "준공년월":"1995-05-11",
            "준공년차":28.0,
            "가까운역이름":"낫개",
            "가까운역거리":563.72,
            "역세권여부":"준역세권",
            "30분이내주요거점역":0,
            "30분거점역이름":"[]",
            "1시간이내주요거점역":0,
            "1시간거점역이름":"[]",
            "3km이내백화점수":0,
            "5km이내아울렛몰수":0,
            "1km이내대형먀트수":0,
            "500m이내은행수":1,
            "500m이내병원수":0,
            "5km이내대형병원수":1,
            "500m이내공원수":4,
            "3km이내혐오시설수":0,
            "초등학교학업성취도":89.99,
            "중학교학업성취도":80.6,
            "용적률":0,
            "건폐율":0,
            "Y":35.064818,
            "X":128.985825,
            "rank":129.0,
            "area_info":"17평(56.27)",
            "last_sales":"2022-01-11,6500.0,17평(56.27)",
            "rank_history":[
                [
                    "202202",
                    129
                ],
                [
                    "202201",
                    127
                ]
            ],
            "rank_gap":-2
        },
        {
            "index":334,
            "아파트명":"영생",
            "투자타입":"재건축",
            "전용면적(m2)":"59.4",
            "전용면적(평)":"17평",
            "법정동주소":"부산시 사하구 구평동 106",
            "도로명주소":"부산시 사하구 을숙도대로 741",
            "세대수":0,
            "입주년차":"--",
            "용적률점수":0,
            "건폐율점수":0,
            "세대당주차수":"--",
            "난방방식":"--",
            "공급면적":50,
            "전용률":100,
            "욕실수":"--",
            "현관타입":"--",
            "주거총점":7.5,
            "지역구공급총점":0.0,
            "역세권":50,
            "30분내 이동가능 거점":0,
            "1시간내 이동가능 거점":0,
            "교통총점":25.0,
            "백화점":0,
            "아울렛몰":0,
            "대형마트":80,
            "은행":0,
            "병원":0,
            "종합병원":100,
            "공원":100,
            "혐오시설":0,
            "인프라총점":35.0,
            "초등학군":90.06,
            "중학군":49.54,
            "학군총점":57.644,
            "인구수":32.93,
            "인구증감":-7.9,
            "인구총점":20.681,
            "일자리":16.09,
            "소득수준":56.78,
            "일자리총점":28.297,
            "가치 총점":33.4182,
            "매매실거래년":20211003.0,
            "매매실거래가":8450.0,
            "전세실거래년":20211209.0,
            "전세실거래가":5000.0,
            "전세가율":59.17,
            "장기전세가율평균":71.65,
            "전세가율거품지수":12.48,
            "검색코드":14972,
            "세대수":170.0,
            "준공년월":"1985-09-28",
            "준공년차":38.0,
            "가까운역이름":"장림",
            "가까운역거리":857.41,
            "역세권여부":"준역세권",
            "30분이내주요거점역":0,
            "30분거점역이름":"[]",
            "1시간이내주요거점역":0,
            "1시간거점역이름":"[]",
            "3km이내백화점수":0,
            "5km이내아울렛몰수":0,
            "1km이내대형먀트수":1,
            "500m이내은행수":0,
            "500m이내병원수":0,
            "5km이내대형병원수":5,
            "500m이내공원수":2,
            "3km이내혐오시설수":0,
            "초등학교학업성취도":90.06,
            "중학교학업성취도":80.1,
            "용적률":0,
            "건폐율":0,
            "Y":35.085823,
            "X":128.985507,
            "rank":130.0,
            "area_info":"17평(59.4), 20평(68.91), 22평(73.8), 22평(75.96), 24평(82.44)",
            "last_sales":"2021-10-03,8450.0,17평(59.4)",
            "rank_history":[
                [
                    "202202",
                    130
                ],
                [
                    "202201",
                    135
                ]
            ],
            "rank_gap":5
        },
        {
            "index":339,
            "아파트명":"화신",
            "투자타입":"일반",
            "전용면적(m2)":"104.97",
            "전용면적(평)":"31평",
            "법정동주소":"부산시 사하구 구평동 41-7",
            "도로명주소":"부산시 사하구 사하로 47",
            "세대수":50,
            "입주년차":0,
            "용적률점수":"--",
            "건폐율점수":"--",
            "세대당주차수":0,
            "난방방식":30,
            "공급면적":"--",
            "전용률":"--",
            "욕실수":100,
            "현관타입":100,
            "주거총점":40.5,
            "지역구공급총점":0.0,
            "역세권":0,
            "30분내 이동가능 거점":0,
            "1시간내 이동가능 거점":0,
            "교통총점":0.0,
            "백화점":0,
            "아울렛몰":0,
            "대형마트":0,
            "은행":0,
            "병원":0,
            "종합병원":100,
            "공원":0,
            "혐오시설":0,
            "인프라총점":20.0,
            "초등학군":90.06,
            "중학군":49.54,
            "학군총점":57.644,
            "인구수":32.93,
            "인구증감":-7.9,
            "인구총점":20.681,
            "일자리":16.09,
            "소득수준":56.78,
            "일자리총점":28.297,
            "가치 총점":33.4182,
            "매매실거래년":20220124.0,
            "매매실거래가":18800.0,
            "전세실거래년":20210927.0,
            "전세실거래가":12000.0,
            "전세가율":63.83,
            "장기전세가율평균":71.65,
            "전세가율거품지수":7.82,
            "검색코드":6421,
            "세대수":496.0,
            "준공년월":"1993-05-14",
            "준공년차":30.0,
            "가까운역이름":"장림",
            "가까운역거리":1444.81,
            "역세권여부":"비역세권",
            "30분이내주요거점역":0,
            "30분거점역이름":"[]",
            "1시간이내주요거점역":0,
            "1시간거점역이름":"[]",
            "3km이내백화점수":0,
            "5km이내아울렛몰수":0,
            "1km이내대형먀트수":0,
            "500m이내은행수":0,
            "500m이내병원수":0,
            "5km이내대형병원수":7,
            "500m이내공원수":0,
            "3km이내혐오시설수":0,
            "초등학교학업성취도":90.06,
            "중학교학업성취도":80.1,
            "용적률":373,
            "건폐율":21,
            "Y":35.086137,
            "X":128.992387,
            "rank":130.0,
            "area_info":"31평(104.97), 49평(164.71), 59평(195.75)",
            "last_sales":"2022-01-24,18800.0,31평(104.97)",
            "rank_history":[
                [
                    "202202",
                    130
                ],
                [
                    "202201",
                    99
                ]
            ],
            "rank_gap":-31
        },
        {
            "index":19,
            "아파트명":"감천유림2차",
            "투자타입":"일반",
            "전용면적(m2)":"79.48",
            "전용면적(평)":"24평",
            "법정동주소":"부산시 사하구 감천동 789",
            "도로명주소":"부산시 사하구 사하로 80",
            "세대수":50,
            "입주년차":20,
            "용적률점수":"--",
            "건폐율점수":"--",
            "세대당주차수":30,
            "난방방식":30,
            "공급면적":"--",
            "전용률":"--",
            "욕실수":50,
            "현관타입":100,
            "주거총점":44.0,
            "지역구공급총점":0.0,
            "역세권":0,
            "30분내 이동가능 거점":0,
            "1시간내 이동가능 거점":0,
            "교통총점":0.0,
            "백화점":0,
            "아울렛몰":0,
            "대형마트":0,
            "은행":0,
            "병원":0,
            "종합병원":100,
            "공원":0,
            "혐오시설":0,
            "인프라총점":20.0,
            "초등학군":90.0,
            "중학군":45.8,
            "학군총점":54.64,
            "인구수":32.93,
            "인구증감":-7.9,
            "인구총점":20.681,
            "일자리":16.09,
            "소득수준":56.78,
            "일자리총점":28.297,
            "가치 총점":33.392,
            "매매실거래년":20220106.0,
            "매매실거래가":14500.0,
            "전세실거래년":20220126.0,
            "전세실거래가":12000.0,
            "전세가율":82.76,
            "장기전세가율평균":71.65,
            "전세가율거품지수":-11.11,
            "검색코드":6131,
            "세대수":498.0,
            "준공년월":"1999-08-16",
            "준공년차":24.0,
            "가까운역이름":"괴정",
            "가까운역거리":1214.76,
            "역세권여부":"비역세권",
            "30분이내주요거점역":0,
            "30분거점역이름":"[]",
            "1시간이내주요거점역":0,
            "1시간거점역이름":"[]",
            "3km이내백화점수":0,
            "5km이내아울렛몰수":0,
            "1km이내대형먀트수":0,
            "500m이내은행수":0,
            "500m이내병원수":0,
            "5km이내대형병원수":7,
            "500m이내공원수":0,
            "3km이내혐오시설수":0,
            "초등학교학업성취도":90.0,
            "중학교학업성취도":75.0,
            "용적률":315,
            "건폐율":20,
            "Y":35.089258,
            "X":128.995309,
            "rank":131.0,
            "area_info":"24평(79.48), 24평(79.39), 24평(79.35), 28평(94.25), 32평(106.59), 38평(125.97), 38평(127.08), 41평(136.68), 44평(145.91), 53평(176.19)",
            "last_sales":"2022-01-06,14500.0,24평(79.48)",
            "rank_history":[
                [
                    "202202",
                    131
                ],
                [
                    "202201",
                    86
                ]
            ],
            "rank_gap":-45
        },
        {
            "index":556,
            "아파트명":"삼창강변1차",
            "투자타입":"일반",
            "전용면적(m2)":"79.96",
            "전용면적(평)":"24평",
            "법정동주소":"부산시 사하구 신평동 437",
            "도로명주소":"부산시 사하구 비봉로 37",
            "세대수":0,
            "입주년차":0,
            "용적률점수":"--",
            "건폐율점수":"--",
            "세대당주차수":30,
            "난방방식":30,
            "공급면적":"--",
            "전용률":"--",
            "욕실수":50,
            "현관타입":100,
            "주거총점":22.5,
            "지역구공급총점":0.0,
            "역세권":50,
            "30분내 이동가능 거점":0,
            "1시간내 이동가능 거점":0,
            "교통총점":25.0,
            "백화점":0,
            "아울렛몰":0,
            "대형마트":0,
            "은행":20,
            "병원":0,
            "종합병원":100,
            "공원":0,
            "혐오시설":0,
            "인프라총점":22.0,
            "초등학군":89.99,
            "중학군":48.76,
            "학군총점":57.006,
            "인구수":32.93,
            "인구증감":-7.9,
            "인구총점":20.681,
            "일자리":16.09,
            "소득수준":56.78,
            "일자리총점":28.297,
            "가치 총점":33.0768,
            "매매실거래년":20211231.0,
            "매매실거래가":14700.0,
            "전세실거래년":20211215.0,
            "전세실거래가":12000.0,
            "전세가율":81.63,
            "장기전세가율평균":71.65,
            "전세가율거품지수":-9.98,
            "검색코드":6780,
            "세대수":297.0,
            "준공년월":"1998-01-14",
            "준공년차":25.0,
            "가까운역이름":"신평",
            "가까운역거리":548.92,
            "역세권여부":"준역세권",
            "30분이내주요거점역":0,
            "30분거점역이름":"[]",
            "1시간이내주요거점역":0,
            "1시간거점역이름":"[]",
            "3km이내백화점수":0,
            "5km이내아울렛몰수":0,
            "1km이내대형먀트수":0,
            "500m이내은행수":2,
            "500m이내병원수":0,
            "5km이내대형병원수":3,
            "500m이내공원수":0,
            "3km이내혐오시설수":0,
            "초등학교학업성취도":89.99,
            "중학교학업성취도":79.6,
            "용적률":312,
            "건폐율":21,
            "Y":35.09846,
            "X":128.96518,
            "rank":132.0,
            "area_info":"24평(79.96), 32평(106.33), 43평(144.77)",
            "last_sales":"2021-12-31,14700.0,24평(79.96)",
            "rank_history":[
                [
                    "202202",
                    132
                ],
                [
                    "202201",
                    123
                ]
            ],
            "rank_gap":-9
        },
        {
            "index":13,
            "아파트명":"감천오펠리움",
            "투자타입":"일반",
            "전용면적(m2)":"82.79",
            "전용면적(평)":"25평",
            "법정동주소":"부산시 사하구 감천동 868",
            "도로명주소":"부산시 사하구 감천로105번길 53",
            "세대수":0,
            "입주년차":80,
            "용적률점수":"--",
            "건폐율점수":"--",
            "세대당주차수":0,
            "난방방식":30,
            "공급면적":"--",
            "전용률":"--",
            "욕실수":100,
            "현관타입":100,
            "주거총점":39.0,
            "지역구공급총점":0.0,
            "역세권":0,
            "30분내 이동가능 거점":0,
            "1시간내 이동가능 거점":0,
            "교통총점":0.0,
            "백화점":0,
            "아울렛몰":0,
            "대형마트":0,
            "은행":0,
            "병원":0,
            "종합병원":100,
            "공원":80,
            "혐오시설":0,
            "인프라총점":22.4,
            "초등학군":90.0,
            "중학군":46.66,
            "학군총점":55.328,
            "인구수":32.93,
            "인구증감":-7.9,
            "인구총점":20.681,
            "일자리":16.09,
            "소득수준":56.78,
            "일자리총점":28.297,
            "가치 총점":33.0684,
            "매매실거래년":20220117.0,
            "매매실거래가":17229.0,
            "전세실거래년":20220125.0,
            "전세실거래가":12600.0,
            "전세가율":73.13,
            "장기전세가율평균":71.65,
            "전세가율거품지수":-1.48,
            "검색코드":111193,
            "세대수":145.0,
            "준공년월":"2018-07-18",
            "준공년차":5.0,
            "가까운역이름":"대티",
            "가까운역거리":1397.8,
            "역세권여부":"비역세권",
            "30분이내주요거점역":0,
            "30분거점역이름":"[]",
            "1시간이내주요거점역":0,
            "1시간거점역이름":"[]",
            "3km이내백화점수":0,
            "5km이내아울렛몰수":0,
            "1km이내대형먀트수":0,
            "500m이내은행수":1,
            "500m이내병원수":0,
            "5km이내대형병원수":7,
            "500m이내공원수":1,
            "3km이내혐오시설수":0,
            "초등학교학업성취도":90.0,
            "중학교학업성취도":76.5,
            "용적률":0,
            "건폐율":0,
            "Y":35.090862,
            "X":129.003137,
            "rank":133.0,
            "area_info":"25평(82.79), 25평(83.1), 31평(105.16)",
            "last_sales":"2022-01-17,17229.0,25평(82.79)",
            "rank_history":[
                [
                    "202202",
                    133
                ],
                [
                    "202201",
                    82
                ]
            ],
            "rank_gap":-51
        },
        {
            "index":279,
            "아파트명":"현대신델라맨션",
            "투자타입":"재건축",
            "전용면적(m2)":"85.93",
            "전용면적(평)":"25평",
            "법정동주소":"부산시 사하구 괴정동 342-3",
            "도로명주소":"부산시 사하구 낙동대로 106",
            "세대수":0,
            "입주년차":"--",
            "용적률점수":0,
            "건폐율점수":0,
            "세대당주차수":"--",
            "난방방식":"--",
            "공급면적":70,
            "전용률":80,
            "욕실수":"--",
            "현관타입":"--",
            "주거총점":7.5,
            "지역구공급총점":0.0,
            "역세권":80,
            "30분내 이동가능 거점":0,
            "1시간내 이동가능 거점":0,
            "교통총점":40.0,
            "백화점":0,
            "아울렛몰":0,
            "대형마트":0,
            "은행":0,
            "병원":0,
            "종합병원":100,
            "공원":0,
            "혐오시설":0,
            "인프라총점":20.0,
            "초등학군":90.01,
            "중학군":57.06,
            "학군총점":63.65,
            "인구수":32.93,
            "인구증감":-7.9,
            "인구총점":20.681,
            "일자리":16.09,
            "소득수준":56.78,
            "일자리총점":28.297,
            "가치 총점":32.97,
            "매매실거래년":20220113.0,
            "매매실거래가":26300.0,
            "전세실거래년":20170511.0,
            "전세실거래가":12000.0,
            "전세가율":82.76,
            "장기전세가율평균":71.65,
            "전세가율거품지수":-11.11,
            "검색코드":6283,
            "세대수":131.0,
            "준공년월":"1989-12-05",
            "준공년차":34.0,
            "가까운역이름":"대티",
            "가까운역거리":374.51,
            "역세권여부":"역세권",
            "30분이내주요거점역":0,
            "30분거점역이름":"[]",
            "1시간이내주요거점역":0,
            "1시간거점역이름":"[]",
            "3km이내백화점수":0,
            "5km이내아울렛몰수":0,
            "1km이내대형먀트수":0,
            "500m이내은행수":0,
            "500m이내병원수":0,
            "5km이내대형병원수":8,
            "500m이내공원수":0,
            "3km이내혐오시설수":0,
            "초등학교학업성취도":90.01,
            "중학교학업성취도":90.1,
            "용적률":0,
            "건폐율":0,
            "Y":35.104595,
            "X":129.003667,
            "rank":134.0,
            "area_info":"25평(85.93), 27평(91.46), 29평(97.36), 30평(100.53), 30평(101.22), 30평(102.37), 33평(110.94), 34평(114.91), 34평(115.33), 44평(146.78), 45평(152.0)",
            "last_sales":"2022-01-13,26300.0,45평(152.0)",
            "rank_history":[
                [
                    "202202",
                    134
                ],
                [
                    "202201",
                    144
                ]
            ],
            "rank_gap":10
        },
        {
            "index":360,
            "아파트명":"다대다해",
            "투자타입":"재건축",
            "전용면적(m2)":"51.56",
            "전용면적(평)":"15평",
            "법정동주소":"부산시 사하구 다대동 80-14",
            "도로명주소":"부산시 사하구 다송로 7",
            "세대수":30,
            "입주년차":"--",
            "용적률점수":0,
            "건폐율점수":0,
            "세대당주차수":"--",
            "난방방식":"--",
            "공급면적":50,
            "전용률":80,
            "욕실수":"--",
            "현관타입":"--",
            "주거총점":15.5,
            "지역구공급총점":0.0,
            "역세권":80,
            "30분내 이동가능 거점":0,
            "1시간내 이동가능 거점":0,
            "교통총점":40.0,
            "백화점":0,
            "아울렛몰":0,
            "대형마트":0,
            "은행":0,
            "병원":0,
            "종합병원":80,
            "공원":100,
            "혐오시설":0,
            "인프라총점":19.0,
            "초등학군":89.97,
            "중학군":49.88,
            "학군총점":57.898,
            "인구수":32.93,
            "인구증감":-7.9,
            "인구총점":20.681,
            "일자리":16.09,
            "소득수준":56.78,
            "일자리총점":28.297,
            "가치 총점":32.9444,
            "매매실거래년":20211122.0,
            "매매실거래가":20000.0,
            "전세실거래년":20211128.0,
            "전세실거래가":8500.0,
            "전세가율":42.5,
            "장기전세가율평균":71.65,
            "전세가율거품지수":29.15,
            "검색코드":6455,
            "세대수":372.0,
            "준공년월":"1986-11-03",
            "준공년차":37.0,
            "가까운역이름":"낫개",
            "가까운역거리":241.69,
            "역세권여부":"역세권",
            "30분이내주요거점역":0,
            "30분거점역이름":"[]",
            "1시간이내주요거점역":0,
            "1시간거점역이름":"[]",
            "3km이내백화점수":0,
            "5km이내아울렛몰수":0,
            "1km이내대형먀트수":0,
            "500m이내은행수":1,
            "500m이내병원수":0,
            "5km이내대형병원수":1,
            "500m이내공원수":8,
            "3km이내혐오시설수":0,
            "초등학교학업성취도":89.97,
            "중학교학업성취도":80.6,
            "용적률":0,
            "건폐율":0,
            "Y":35.066863,
            "X":128.981552,
            "rank":135.0,
            "area_info":"15평(51.56)",
            "last_sales":"2021-11-22,20000.0,15평(51.56)",
            "rank_history":[
                [
                    "202202",
                    135
                ],
                [
                    "202201",
                    140
                ]
            ],
            "rank_gap":5
        },
        {
            "index":410,
            "아파트명":"도시몰운대(그린비치)",
            "투자타입":"일반",
            "전용면적(m2)":"68.12",
            "전용면적(평)":"20평",
            "법정동주소":"부산시 사하구 다대동 1550-6",
            "도로명주소":"부산시 사하구 다대낙조2길 216",
            "세대수":100,
            "입주년차":0,
            "용적률점수":"--",
            "건폐율점수":"--",
            "세대당주차수":0,
            "난방방식":30,
            "공급면적":"--",
            "전용률":"--",
            "욕실수":50,
            "현관타입":10,
            "주거총점":44.0,
            "지역구공급총점":0.0,
            "역세권":50,
            "30분내 이동가능 거점":0,
            "1시간내 이동가능 거점":0,
            "교통총점":25.0,
            "백화점":0,
            "아울렛몰":0,
            "대형마트":0,
            "은행":0,
            "병원":0,
            "종합병원":0,
            "공원":100,
            "혐오시설":0,
            "인프라총점":3.0,
            "초등학군":89.96,
            "중학군":49.54,
            "학군총점":57.624,
            "인구수":32.93,
            "인구증감":-7.9,
            "인구총점":20.681,
            "일자리":16.09,
            "소득수준":56.78,
            "일자리총점":28.297,
            "가치 총점":32.9372,
            "매매실거래년":20220118.0,
            "매매실거래가":10400.0,
            "전세실거래년":20220125.0,
            "전세실거래가":9000.0,
            "전세가율":86.54,
            "장기전세가율평균":71.65,
            "전세가율거품지수":-14.89,
            "검색코드":6444,
            "세대수":2960.0,
            "준공년월":"1996-01-10",
            "준공년차":27.0,
            "가까운역이름":"다대포해수욕장",
            "가까운역거리":513.2,
            "역세권여부":"준역세권",
            "30분이내주요거점역":0,
            "30분거점역이름":"[]",
            "1시간이내주요거점역":0,
            "1시간거점역이름":"[]",
            "3km이내백화점수":0,
            "5km이내아울렛몰수":0,
            "1km이내대형먀트수":0,
            "500m이내은행수":0,
            "500m이내병원수":0,
            "5km이내대형병원수":0,
            "500m이내공원수":5,
            "3km이내혐오시설수":0,
            "초등학교학업성취도":89.96,
            "중학교학업성취도":81.1,
            "용적률":0,
            "건폐율":0,
            "Y":35.052092,
            "X":128.968736,
            "rank":136.0,
            "area_info":"20평(68.12)",
            "last_sales":"2022-01-18,10400.0,20평(68.12)",
            "rank_history":[
                [
                    "202202",
                    136
                ],
                [
                    "202201",
                    117
                ]
            ],
            "rank_gap":-19
        },
        {
            "index":597,
            "아파트명":"신평한성임호(3,5동)",
            "투자타입":"일반",
            "전용면적(m2)":"101.43",
            "전용면적(평)":"30평",
            "법정동주소":"부산시 사하구 신평동 100",
            "도로명주소":"부산시 사하구 다대로 109",
            "세대수":0,
            "입주년차":0,
            "용적률점수":"--",
            "건폐율점수":"--",
            "세대당주차수":0,
            "난방방식":30,
            "공급면적":"--",
            "전용률":"--",
            "욕실수":100,
            "현관타입":100,
            "주거총점":23.0,
            "지역구공급총점":0.0,
            "역세권":50,
            "30분내 이동가능 거점":0,
            "1시간내 이동가능 거점":0,
            "교통총점":25.0,
            "백화점":0,
            "아울렛몰":0,
            "대형마트":0,
            "은행":0,
            "병원":0,
            "종합병원":100,
            "공원":0,
            "혐오시설":0,
            "인프라총점":20.0,
            "초등학군":89.99,
            "중학군":49.54,
            "학군총점":57.63,
            "인구수":32.93,
            "인구증감":-7.9,
            "인구총점":20.681,
            "일자리":16.09,
            "소득수준":56.78,
            "일자리총점":28.297,
            "가치 총점":32.789,
            "매매실거래년":"18000101",
            "매매실거래가":null,
            "전세실거래년":null,
            "전세실거래가":null,
            "전세가율":null,
            "장기전세가율평균":71.65,
            "전세가율거품지수":null,
            "검색코드":6784,
            "세대수":217.0,
            "준공년월":"1993-06-18",
            "준공년차":30.0,
            "가까운역이름":"동매",
            "가까운역거리":670.66,
            "역세권여부":"준역세권",
            "30분이내주요거점역":0,
            "30분거점역이름":"[]",
            "1시간이내주요거점역":0,
            "1시간거점역이름":"[]",
            "3km이내백화점수":0,
            "5km이내아울렛몰수":0,
            "1km이내대형먀트수":0,
            "500m이내은행수":0,
            "500m이내병원수":0,
            "5km이내대형병원수":4,
            "500m이내공원수":0,
            "3km이내혐오시설수":0,
            "초등학교학업성취도":89.99,
            "중학교학업성취도":80.1,
            "용적률":0,
            "건폐율":0,
            "Y":35.092646,
            "X":128.979996,
            "rank":137.0,
            "area_info":"30평(101.43), 39평(130.89), 44평(146.75)",
            "last_sales":"1800-01-01,nan,30평(101.43)",
            "rank_history":[
                [
                    "202202",
                    137
                ],
                [
                    "202201",
                    132
                ]
            ],
            "rank_gap":-5
        },
        {
            "index":753,
            "아파트명":"가락타운2단지",
            "투자타입":"재건축",
            "전용면적(m2)":"102.91",
            "전용면적(평)":"31평",
            "법정동주소":"부산시 사하구 하단동 1175",
            "도로명주소":"부산시 사하구 하신번영로 233",
            "세대수":80,
            "입주년차":"--",
            "용적률점수":0,
            "건폐율점수":0,
            "세대당주차수":"--",
            "난방방식":"--",
            "공급면적":90,
            "전용률":80,
            "욕실수":"--",
            "현관타입":"--",
            "주거총점":32.5,
            "지역구공급총점":0.0,
            "역세권":50,
            "30분내 이동가능 거점":0,
            "1시간내 이동가능 거점":0,
            "교통총점":25.0,
            "백화점":0,
            "아울렛몰":0,
            "대형마트":0,
            "은행":70,
            "병원":0,
            "종합병원":0,
            "공원":100,
            "혐오시설":0,
            "인프라총점":10.0,
            "초등학군":89.99,
            "중학군":48.76,
            "학군총점":57.006,
            "인구수":32.93,
            "인구증감":-7.9,
            "인구총점":20.681,
            "일자리":16.09,
            "소득수준":56.78,
            "일자리총점":28.297,
            "가치 총점":31.9768,
            "매매실거래년":20220114.0,
            "매매실거래가":33200.0,
            "전세실거래년":20211119.0,
            "전세실거래가":19000.0,
            "전세가율":57.23,
            "장기전세가율평균":71.65,
            "전세가율거품지수":14.42,
            "검색코드":9827,
            "세대수":848.0,
            "준공년월":"1992-09-14",
            "준공년차":31.0,
            "가까운역이름":"신평",
            "가까운역거리":744.83,
            "역세권여부":"준역세권",
            "30분이내주요거점역":0,
            "30분거점역이름":"[]",
            "1시간이내주요거점역":0,
            "1시간거점역이름":"[]",
            "3km이내백화점수":0,
            "5km이내아울렛몰수":0,
            "1km이내대형먀트수":0,
            "500m이내은행수":3,
            "500m이내병원수":0,
            "5km이내대형병원수":0,
            "500m이내공원수":2,
            "3km이내혐오시설수":0,
            "초등학교학업성취도":89.99,
            "중학교학업성취도":79.6,
            "용적률":0,
            "건폐율":0,
            "Y":35.101417,
            "X":128.957485,
            "rank":138.0,
            "area_info":"31평(102.91), 31평(102.96), 44평(148.46), 45평(148.77), 50평(167.9)",
            "last_sales":"2022-01-14,33200.0,31평(102.91)",
            "rank_history":[
                [
                    "202202",
                    138
                ],
                [
                    "202201",
                    137
                ]
            ],
            "rank_gap":-1
        },
        {
            "index":594,
            "아파트명":"신평한성임호(1,2동)",
            "투자타입":"일반",
            "전용면적(m2)":"99.57",
            "전용면적(평)":"30평",
            "법정동주소":"부산시 사하구 신평동 100",
            "도로명주소":"부산시 사하구 다대로 109",
            "세대수":0,
            "입주년차":0,
            "용적률점수":"--",
            "건폐율점수":"--",
            "세대당주차수":0,
            "난방방식":30,
            "공급면적":"--",
            "전용률":"--",
            "욕실수":50,
            "현관타입":100,
            "주거총점":18.0,
            "지역구공급총점":0.0,
            "역세권":50,
            "30분내 이동가능 거점":0,
            "1시간내 이동가능 거점":0,
            "교통총점":25.0,
            "백화점":0,
            "아울렛몰":0,
            "대형마트":0,
            "은행":0,
            "병원":0,
            "종합병원":100,
            "공원":0,
            "혐오시설":0,
            "인프라총점":20.0,
            "초등학군":89.99,
            "중학군":49.54,
            "학군총점":57.63,
            "인구수":32.93,
            "인구증감":-7.9,
            "인구총점":20.681,
            "일자리":16.09,
            "소득수준":56.78,
            "일자리총점":28.297,
            "가치 총점":31.539,
            "매매실거래년":20211229.0,
            "매매실거래가":14750.0,
            "전세실거래년":20211125.0,
            "전세실거래가":11000.0,
            "전세가율":74.58,
            "장기전세가율평균":71.65,
            "전세가율거품지수":-2.93,
            "검색코드":6799,
            "세대수":282.0,
            "준공년월":"1993-06-18",
            "준공년차":30.0,
            "가까운역이름":"동매",
            "가까운역거리":592.37,
            "역세권여부":"준역세권",
            "30분이내주요거점역":0,
            "30분거점역이름":"[]",
            "1시간이내주요거점역":0,
            "1시간거점역이름":"[]",
            "3km이내백화점수":0,
            "5km이내아울렛몰수":0,
            "1km이내대형먀트수":0,
            "500m이내은행수":1,
            "500m이내병원수":0,
            "5km이내대형병원수":4,
            "500m이내공원수":0,
            "3km이내혐오시설수":0,
            "초등학교학업성취도":89.99,
            "중학교학업성취도":80.1,
            "용적률":263,
            "건폐율":23,
            "Y":35.092736,
            "X":128.978923,
            "rank":139.0,
            "area_info":"30평(99.57), 30평(101.7), 44평(148.5)",
            "last_sales":"2021-12-29,14750.0,30평(99.57)",
            "rank_history":[
                [
                    "202202",
                    139
                ],
                [
                    "202201",
                    139
                ]
            ],
            "rank_gap":0
        },
        {
            "index":256,
            "아파트명":"우신타워",
            "투자타입":"재건축",
            "전용면적(m2)":"72.84",
            "전용면적(평)":"22평",
            "법정동주소":"부산시 사하구 괴정동 614-9",
            "도로명주소":"부산시 사하구 사하로141번나길 35-4",
            "세대수":0,
            "입주년차":"--",
            "용적률점수":0,
            "건폐율점수":0,
            "세대당주차수":"--",
            "난방방식":"--",
            "공급면적":50,
            "전용률":80,
            "욕실수":"--",
            "현관타입":"--",
            "주거총점":6.5,
            "지역구공급총점":0.0,
            "역세권":50,
            "30분내 이동가능 거점":0,
            "1시간내 이동가능 거점":0,
            "교통총점":25.0,
            "백화점":0,
            "아울렛몰":0,
            "대형마트":80,
            "은행":0,
            "병원":0,
            "종합병원":100,
            "공원":0,
            "혐오시설":0,
            "인프라총점":32.0,
            "초등학군":90.0,
            "중학군":45.8,
            "학군총점":54.64,
            "인구수":32.93,
            "인구증감":-7.9,
            "인구총점":20.681,
            "일자리":16.09,
            "소득수준":56.78,
            "일자리총점":28.297,
            "가치 총점":31.367,
            "매매실거래년":20211201.0,
            "매매실거래가":15800.0,
            "전세실거래년":20211106.0,
            "전세실거래가":5300.0,
            "전세가율":62.35,
            "장기전세가율평균":71.65,
            "전세가율거품지수":9.3,
            "검색코드":11748,
            "세대수":250.0,
            "준공년월":"1989-10-12",
            "준공년차":34.0,
            "가까운역이름":"괴정",
            "가까운역거리":725.61,
            "역세권여부":"준역세권",
            "30분이내주요거점역":0,
            "30분거점역이름":"[]",
            "1시간이내주요거점역":0,
            "1시간거점역이름":"[]",
            "3km이내백화점수":0,
            "5km이내아울렛몰수":0,
            "1km이내대형먀트수":1,
            "500m이내은행수":1,
            "500m이내병원수":0,
            "5km이내대형병원수":7,
            "500m이내공원수":0,
            "3km이내혐오시설수":0,
            "초등학교학업성취도":90.0,
            "중학교학업성취도":75.0,
            "용적률":0,
            "건폐율":0,
            "Y":35.093977,
            "X":128.989236,
            "rank":140.0,
            "area_info":"22평(72.84), 22평(72.89), 24평(81.7), 26평(89.22), 27평(91.89), 27평(91.59), 29평(97.27), 30평(101.65)",
            "last_sales":"2021-12-01,15800.0,30평(101.65)",
            "rank_history":[
                [
                    "202202",
                    140
                ],
                [
                    "202201",
                    142
                ]
            ],
            "rank_gap":2
        },
        {
            "index":409,
            "아파트명":"도시두송",
            "투자타입":"일반",
            "전용면적(m2)":"79.31",
            "전용면적(평)":"23평",
            "법정동주소":"부산시 사하구 다대동 96",
            "도로명주소":"부산시 사하구 다대로381번길 105",
            "세대수":0,
            "입주년차":0,
            "용적률점수":"--",
            "건폐율점수":"--",
            "세대당주차수":0,
            "난방방식":30,
            "공급면적":"--",
            "전용률":"--",
            "욕실수":50,
            "현관타입":100,
            "주거총점":18.0,
            "지역구공급총점":0.0,
            "역세권":50,
            "30분내 이동가능 거점":0,
            "1시간내 이동가능 거점":0,
            "교통총점":25.0,
            "백화점":0,
            "아울렛몰":0,
            "대형마트":0,
            "은행":0,
            "병원":0,
            "종합병원":80,
            "공원":100,
            "혐오시설":0,
            "인프라총점":19.0,
            "초등학군":89.99,
            "중학군":49.88,
            "학군총점":57.902,
            "인구수":32.93,
            "인구증감":-7.9,
            "인구총점":20.681,
            "일자리":16.09,
            "소득수준":56.78,
            "일자리총점":28.297,
            "가치 총점":31.3206,
            "매매실거래년":20210716.0,
            "매매실거래가":14000.0,
            "전세실거래년":20210819.0,
            "전세실거래가":8500.0,
            "전세가율":60.71,
            "장기전세가율평균":71.65,
            "전세가율거품지수":10.94,
            "검색코드":14120,
            "세대수":260.0,
            "준공년월":"1998-06-26",
            "준공년차":25.0,
            "가까운역이름":"낫개",
            "가까운역거리":711.73,
            "역세권여부":"준역세권",
            "30분이내주요거점역":0,
            "30분거점역이름":"[]",
            "1시간이내주요거점역":0,
            "1시간거점역이름":"[]",
            "3km이내백화점수":0,
            "5km이내아울렛몰수":0,
            "1km이내대형먀트수":0,
            "500m이내은행수":0,
            "500m이내병원수":0,
            "5km이내대형병원수":1,
            "500m이내공원수":3,
            "3km이내혐오시설수":0,
            "초등학교학업성취도":89.99,
            "중학교학업성취도":80.6,
            "용적률":264,
            "건폐율":17,
            "Y":35.063194,
            "X":128.987033,
            "rank":141.0,
            "area_info":"23평(79.31)",
            "last_sales":"2021-07-16,14000.0,23평(79.31)",
            "rank_history":[
                [
                    "202202",
                    141
                ],
                [
                    "202201",
                    141
                ]
            ],
            "rank_gap":0
        },
        {
            "index":400,
            "아파트명":"다대푸른",
            "투자타입":"일반",
            "전용면적(m2)":"66.94",
            "전용면적(평)":"20평",
            "법정동주소":"부산시 사하구 다대동 1548-13",
            "도로명주소":"부산시 사하구 다대낙조2길 11",
            "세대수":50,
            "입주년차":0,
            "용적률점수":"--",
            "건폐율점수":"--",
            "세대당주차수":0,
            "난방방식":30,
            "공급면적":"--",
            "전용률":"--",
            "욕실수":50,
            "현관타입":10,
            "주거총점":26.5,
            "지역구공급총점":0.0,
            "역세권":80,
            "30분내 이동가능 거점":0,
            "1시간내 이동가능 거점":0,
            "교통총점":40.0,
            "백화점":0,
            "아울렛몰":0,
            "대형마트":0,
            "은행":0,
            "병원":0,
            "종합병원":0,
            "공원":100,
            "혐오시설":0,
            "인프라총점":3.0,
            "초등학군":89.99,
            "중학군":49.54,
            "학군총점":57.63,
            "인구수":32.93,
            "인구증감":-7.9,
            "인구총점":20.681,
            "일자리":16.09,
            "소득수준":56.78,
            "일자리총점":28.297,
            "가치 총점":30.814,
            "매매실거래년":20220119.0,
            "매매실거래가":11500.0,
            "전세실거래년":20220122.0,
            "전세실거래가":8500.0,
            "전세가율":73.91,
            "장기전세가율평균":71.65,
            "전세가율거품지수":-2.26,
            "검색코드":6441,
            "세대수":640.0,
            "준공년월":"1996-06-27",
            "준공년차":27.0,
            "가까운역이름":"다대포해수욕장",
            "가까운역거리":380.62,
            "역세권여부":"역세권",
            "30분이내주요거점역":0,
            "30분거점역이름":"[]",
            "1시간이내주요거점역":0,
            "1시간거점역이름":"[]",
            "3km이내백화점수":0,
            "5km이내아울렛몰수":0,
            "1km이내대형먀트수":0,
            "500m이내은행수":0,
            "500m이내병원수":0,
            "5km이내대형병원수":0,
            "500m이내공원수":6,
            "3km이내혐오시설수":0,
            "초등학교학업성취도":89.99,
            "중학교학업성취도":81.1,
            "용적률":227,
            "건폐율":13,
            "Y":35.05144,
            "X":128.964585,
            "rank":142.0,
            "area_info":"20평(66.94)",
            "last_sales":"2022-01-19,11500.0,20평(66.94)",
            "rank_history":[
                [
                    "202202",
                    142
                ],
                [
                    "202201",
                    148
                ]
            ],
            "rank_gap":6
        },
        {
            "index":29,
            "아파트명":"감천현대",
            "투자타입":"일반",
            "전용면적(m2)":"75.44",
            "전용면적(평)":"22평",
            "법정동주소":"부산시 사하구 감천동 682-1",
            "도로명주소":"부산시 사하구 감천로 38",
            "세대수":0,
            "입주년차":0,
            "용적률점수":"--",
            "건폐율점수":"--",
            "세대당주차수":0,
            "난방방식":30,
            "공급면적":"--",
            "전용률":"--",
            "욕실수":50,
            "현관타입":100,
            "주거총점":18.0,
            "지역구공급총점":0.0,
            "역세권":0,
            "30분내 이동가능 거점":0,
            "1시간내 이동가능 거점":0,
            "교통총점":0.0,
            "백화점":0,
            "아울렛몰":0,
            "대형마트":80,
            "은행":0,
            "병원":0,
            "종합병원":100,
            "공원":0,
            "혐오시설":0,
            "인프라총점":32.0,
            "초등학군":90.0,
            "중학군":46.66,
            "학군총점":55.328,
            "인구수":32.93,
            "인구증감":-7.9,
            "인구총점":20.681,
            "일자리":16.09,
            "소득수준":56.78,
            "일자리총점":28.297,
            "가치 총점":30.6984,
            "매매실거래년":20211201.0,
            "매매실거래가":21000.0,
            "전세실거래년":20211203.0,
            "전세실거래가":7000.0,
            "전세가율":45.16,
            "장기전세가율평균":71.65,
            "전세가율거품지수":26.49,
            "검색코드":6146,
            "세대수":200.0,
            "준공년월":"1994-10-29",
            "준공년차":29.0,
            "가까운역이름":"괴정",
            "가까운역거리":1102.74,
            "역세권여부":"비역세권",
            "30분이내주요거점역":0,
            "30분거점역이름":"[]",
            "1시간이내주요거점역":0,
            "1시간거점역이름":"[]",
            "3km이내백화점수":0,
            "5km이내아울렛몰수":0,
            "1km이내대형먀트수":1,
            "500m이내은행수":0,
            "500m이내병원수":0,
            "5km이내대형병원수":7,
            "500m이내공원수":0,
            "3km이내혐오시설수":0,
            "초등학교학업성취도":90.0,
            "중학교학업성취도":76.5,
            "용적률":385,
            "건폐율":27,
            "Y":35.09061,
            "X":128.99661,
            "rank":143.0,
            "area_info":"22평(75.44), 28평(94.84), 29평(97.89), 31평(104.11), 38평(127.01), 41평(135.55)",
            "last_sales":"2021-12-01,21000.0,38평(127.01)",
            "rank_history":[
                [
                    "202202",
                    143
                ],
                [
                    "202201",
                    110
                ]
            ],
            "rank_gap":-33
        },
        {
            "index":728,
            "아파트명":"장림현대타워",
            "투자타입":"일반",
            "전용면적(m2)":"74.09",
            "전용면적(평)":"22평",
            "법정동주소":"부산시 사하구 장림동 506-5",
            "도로명주소":"부산시 사하구 다대로 365",
            "세대수":0,
            "입주년차":0,
            "용적률점수":"--",
            "건폐율점수":"--",
            "세대당주차수":0,
            "난방방식":30,
            "공급면적":"--",
            "전용률":"--",
            "욕실수":50,
            "현관타입":100,
            "주거총점":18.0,
            "지역구공급총점":0.0,
            "역세권":50,
            "30분내 이동가능 거점":0,
            "1시간내 이동가능 거점":0,
            "교통총점":25.0,
            "백화점":0,
            "아울렛몰":0,
            "대형마트":0,
            "은행":0,
            "병원":0,
            "종합병원":80,
            "공원":100,
            "혐오시설":0,
            "인프라총점":19.0,
            "초등학군":89.97,
            "중학군":46.52,
            "학군총점":55.21,
            "인구수":32.93,
            "인구증감":-7.9,
            "인구총점":20.681,
            "일자리":16.09,
            "소득수준":56.78,
            "일자리총점":28.297,
            "가치 총점":30.513,
            "매매실거래년":20210925.0,
            "매매실거래가":9500.0,
            "전세실거래년":20140822.0,
            "전세실거래가":7000.0,
            "전세가율":73.68,
            "장기전세가율평균":71.65,
            "전세가율거품지수":-2.03,
            "검색코드":9734,
            "세대수":118.0,
            "준공년월":"1993-03-31",
            "준공년차":30.0,
            "가까운역이름":"낫개",
            "가까운역거리":525.71,
            "역세권여부":"준역세권",
            "30분이내주요거점역":0,
            "30분거점역이름":"[]",
            "1시간이내주요거점역":0,
            "1시간거점역이름":"[]",
            "3km이내백화점수":0,
            "5km이내아울렛몰수":0,
            "1km이내대형먀트수":0,
            "500m이내은행수":0,
            "500m이내병원수":0,
            "5km이내대형병원수":1,
            "500m이내공원수":5,
            "3km이내혐오시설수":0,
            "초등학교학업성취도":89.97,
            "중학교학업성취도":75.4,
            "용적률":298,
            "건폐율":16,
            "Y":35.06986,
            "X":128.97799,
            "rank":144.0,
            "area_info":"22평(74.09), 31평(105.38)",
            "last_sales":"2021-09-25,9500.0,22평(74.09)",
            "rank_history":[
                [
                    "202202",
                    144
                ],
                [
                    "202201",
                    143
                ]
            ],
            "rank_gap":-1
        },
        {
            "index":10,
            "아파트명":"감천백산",
            "투자타입":"일반",
            "전용면적(m2)":"76.62",
            "전용면적(평)":"23평",
            "법정동주소":"부산시 사하구 감천동 682",
            "도로명주소":"부산시 사하구 감천로 32",
            "세대수":0,
            "입주년차":0,
            "용적률점수":"--",
            "건폐율점수":"--",
            "세대당주차수":0,
            "난방방식":30,
            "공급면적":"--",
            "전용률":"--",
            "욕실수":50,
            "현관타입":100,
            "주거총점":18.0,
            "지역구공급총점":0.0,
            "역세권":0,
            "30분내 이동가능 거점":0,
            "1시간내 이동가능 거점":0,
            "교통총점":0.0,
            "백화점":0,
            "아울렛몰":0,
            "대형마트":80,
            "은행":0,
            "병원":0,
            "종합병원":100,
            "공원":0,
            "혐오시설":0,
            "인프라총점":32.0,
            "초등학군":90.0,
            "중학군":45.8,
            "학군총점":54.64,
            "인구수":32.93,
            "인구증감":-7.9,
            "인구총점":20.681,
            "일자리":16.09,
            "소득수준":56.78,
            "일자리총점":28.297,
            "가치 총점":30.492,
            "매매실거래년":20211217.0,
            "매매실거래가":17600.0,
            "전세실거래년":20211102.0,
            "전세실거래가":12000.0,
            "전세가율":92.31,
            "장기전세가율평균":71.65,
            "전세가율거품지수":-20.66,
            "검색코드":6104,
            "세대수":224.0,
            "준공년월":"1995-12-19",
            "준공년차":28.0,
            "가까운역이름":"괴정",
            "가까운역거리":1048.33,
            "역세권여부":"비역세권",
            "30분이내주요거점역":0,
            "30분거점역이름":"[]",
            "1시간이내주요거점역":0,
            "1시간거점역이름":"[]",
            "3km이내백화점수":0,
            "5km이내아울렛몰수":0,
            "1km이내대형먀트수":1,
            "500m이내은행수":0,
            "500m이내병원수":0,
            "5km이내대형병원수":7,
            "500m이내공원수":0,
            "3km이내혐오시설수":0,
            "초등학교학업성취도":90.0,
            "중학교학업성취도":75.0,
            "용적률":398,
            "건폐율":30,
            "Y":35.09097,
            "X":128.99605,
            "rank":145.0,
            "area_info":"23평(76.62), 29평(98.22), 30평(102.33)",
            "last_sales":"2021-12-17,17600.0,29평(98.22)",
            "rank_history":[
                [
                    "202202",
                    145
                ],
                [
                    "202201",
                    111
                ]
            ],
            "rank_gap":-34
        },
        {
            "index":760,
            "아파트명":"공작",
            "투자타입":"재건축",
            "전용면적(m2)":"60.0",
            "전용면적(평)":"18평",
            "법정동주소":"부산시 사하구 하단동 870-19",
            "도로명주소":"부산시 사하구 하신번영로380번길 120",
            "세대수":0,
            "입주년차":"--",
            "용적률점수":0,
            "건폐율점수":0,
            "세대당주차수":"--",
            "난방방식":"--",
            "공급면적":50,
            "전용률":100,
            "욕실수":"--",
            "현관타입":"--",
            "주거총점":7.5,
            "지역구공급총점":0.0,
            "역세권":50,
            "30분내 이동가능 거점":0,
            "1시간내 이동가능 거점":10,
            "교통총점":27.0,
            "백화점":0,
            "아울렛몰":0,
            "대형마트":0,
            "은행":0,
            "병원":0,
            "종합병원":80,
            "공원":80,
            "혐오시설":0,
            "인프라총점":18.4,
            "초등학군":89.98,
            "중학군":55.88,
            "학군총점":62.7,
            "인구수":32.93,
            "인구증감":-7.9,
            "인구총점":20.681,
            "일자리":16.09,
            "소득수준":56.78,
            "일자리총점":28.297,
            "가치 총점":30.255,
            "매매실거래년":20210528.0,
            "매매실거래가":12000.0,
            "전세실거래년":null,
            "전세실거래가":null,
            "전세가율":null,
            "장기전세가율평균":71.65,
            "전세가율거품지수":null,
            "검색코드":10629,
            "세대수":110.0,
            "준공년월":"1983-08-17",
            "준공년차":40.0,
            "가까운역이름":"하단",
            "가까운역거리":735.44,
            "역세권여부":"준역세권",
            "30분이내주요거점역":0,
            "30분거점역이름":"[]",
            "1시간이내주요거점역":1,
            "1시간거점역이름":"['하단']",
            "3km이내백화점수":0,
            "5km이내아울렛몰수":0,
            "1km이내대형먀트수":0,
            "500m이내은행수":0,
            "500m이내병원수":0,
            "5km이내대형병원수":1,
            "500m이내공원수":1,
            "3km이내혐오시설수":0,
            "초등학교학업성취도":89.98,
            "중학교학업성취도":90.8,
            "용적률":0,
            "건폐율":0,
            "Y":35.109278,
            "X":128.959606,
            "rank":146.0,
            "area_info":"18평(60.0), 20평(68.4), 20평(69.15), 21평(72.0), 23평(78.28), 24평(80.71)",
            "last_sales":"2021-05-28,12000.0,24평(80.71)",
            "rank_history":[
                [
                    "202202",
                    146
                ],
                [
                    "202201",
                    145
                ]
            ],
            "rank_gap":-1
        },
        {
            "index":384,
            "아파트명":"다대조성하이츠",
            "투자타입":"일반",
            "전용면적(m2)":"107.19",
            "전용면적(평)":"32평",
            "법정동주소":"부산시 사하구 다대동 1548-15",
            "도로명주소":"부산시 사하구 다대낙조2길 7",
            "세대수":0,
            "입주년차":0,
            "용적률점수":"--",
            "건폐율점수":"--",
            "세대당주차수":0,
            "난방방식":30,
            "공급면적":"--",
            "전용률":"--",
            "욕실수":100,
            "현관타입":100,
            "주거총점":23.0,
            "지역구공급총점":0.0,
            "역세권":80,
            "30분내 이동가능 거점":0,
            "1시간내 이동가능 거점":0,
            "교통총점":40.0,
            "백화점":0,
            "아울렛몰":0,
            "대형마트":0,
            "은행":0,
            "병원":0,
            "종합병원":0,
            "공원":100,
            "혐오시설":0,
            "인프라총점":3.0,
            "초등학군":89.96,
            "중학군":49.54,
            "학군총점":57.624,
            "인구수":32.93,
            "인구증감":-7.9,
            "인구총점":20.681,
            "일자리":16.09,
            "소득수준":56.78,
            "일자리총점":28.297,
            "가치 총점":29.9372,
            "매매실거래년":20211019.0,
            "매매실거래가":26500.0,
            "전세실거래년":20220115.0,
            "전세실거래가":19000.0,
            "전세가율":71.7,
            "장기전세가율평균":71.65,
            "전세가율거품지수":-0.05,
            "검색코드":6538,
            "세대수":132.0,
            "준공년월":"1995-10-20",
            "준공년차":28.0,
            "가까운역이름":"다대포해수욕장",
            "가까운역거리":292.0,
            "역세권여부":"역세권",
            "30분이내주요거점역":0,
            "30분거점역이름":"[]",
            "1시간이내주요거점역":0,
            "1시간거점역이름":"[]",
            "3km이내백화점수":0,
            "5km이내아울렛몰수":0,
            "1km이내대형먀트수":0,
            "500m이내은행수":0,
            "500m이내병원수":0,
            "5km이내대형병원수":0,
            "500m이내공원수":6,
            "3km이내혐오시설수":0,
            "초등학교학업성취도":89.96,
            "중학교학업성취도":81.1,
            "용적률":277,
            "건폐율":23,
            "Y":35.05075,
            "X":128.96525,
            "rank":147.0,
            "area_info":"32평(107.19)",
            "last_sales":"2021-10-19,26500.0,32평(107.19)",
            "rank_history":[
                [
                    "202202",
                    147
                ],
                [
                    "202201",
                    149
                ]
            ],
            "rank_gap":2
        },
        {
            "index":631,
            "아파트명":"국제마마",
            "투자타입":"일반",
            "전용면적(m2)":"82.45",
            "전용면적(평)":"24평",
            "법정동주소":"부산시 사하구 장림동 566-12",
            "도로명주소":"부산시 사하구 장평로41번길 51",
            "세대수":0,
            "입주년차":0,
            "용적률점수":"--",
            "건폐율점수":"--",
            "세대당주차수":0,
            "난방방식":30,
            "공급면적":"--",
            "전용률":"--",
            "욕실수":50,
            "현관타입":10,
            "주거총점":9.0,
            "지역구공급총점":0.0,
            "역세권":50,
            "30분내 이동가능 거점":0,
            "1시간내 이동가능 거점":0,
            "교통총점":25.0,
            "백화점":0,
            "아울렛몰":0,
            "대형마트":0,
            "은행":70,
            "병원":0,
            "종합병원":80,
            "공원":0,
            "혐오시설":0,
            "인프라총점":23.0,
            "초등학군":89.97,
            "중학군":46.52,
            "학군총점":55.21,
            "인구수":32.93,
            "인구증감":-7.9,
            "인구총점":20.681,
            "일자리":16.09,
            "소득수준":56.78,
            "일자리총점":28.297,
            "가치 총점":29.463,
            "매매실거래년":20220116.0,
            "매매실거래가":10200.0,
            "전세실거래년":20211213.0,
            "전세실거래가":5000.0,
            "전세가율":59.17,
            "장기전세가율평균":71.65,
            "전세가율거품지수":12.48,
            "검색코드":7075,
            "세대수":288.0,
            "준공년월":"1993-09-06",
            "준공년차":30.0,
            "가까운역이름":"신장림",
            "가까운역거리":743.92,
            "역세권여부":"준역세권",
            "30분이내주요거점역":0,
            "30분거점역이름":"[]",
            "1시간이내주요거점역":0,
            "1시간거점역이름":"[]",
            "3km이내백화점수":0,
            "5km이내아울렛몰수":0,
            "1km이내대형먀트수":0,
            "500m이내은행수":4,
            "500m이내병원수":0,
            "5km이내대형병원수":1,
            "500m이내공원수":0,
            "3km이내혐오시설수":0,
            "초등학교학업성취도":89.97,
            "중학교학업성취도":75.4,
            "용적률":207,
            "건폐율":18,
            "Y":35.070296,
            "X":128.970486,
            "rank":148.0,
            "area_info":"24평(82.45), 26평(86.33), 28평(95.13), 30평(101.37), 32평(106.14)",
            "last_sales":"2022-01-16,10200.0,30평(101.37)",
            "rank_history":[
                [
                    "202202",
                    148
                ],
                [
                    "202201",
                    147
                ]
            ],
            "rank_gap":-1
        },
        {
            "index":79,
            "아파트명":"해태",
            "투자타입":"일반",
            "전용면적(m2)":"79.14",
            "전용면적(평)":"23평",
            "법정동주소":"부산시 사하구 감천동 803-42",
            "도로명주소":"부산시 사하구 사하로 74-6",
            "세대수":0,
            "입주년차":20,
            "용적률점수":"--",
            "건폐율점수":"--",
            "세대당주차수":30,
            "난방방식":30,
            "공급면적":"--",
            "전용률":"--",
            "욕실수":50,
            "현관타입":100,
            "주거총점":26.5,
            "지역구공급총점":0.0,
            "역세권":0,
            "30분내 이동가능 거점":0,
            "1시간내 이동가능 거점":0,
            "교통총점":0.0,
            "백화점":0,
            "아울렛몰":0,
            "대형마트":0,
            "은행":0,
            "병원":0,
            "종합병원":100,
            "공원":0,
            "혐오시설":0,
            "인프라총점":20.0,
            "초등학군":90.06,
            "중학군":46.66,
            "학군총점":55.34,
            "인구수":32.93,
            "인구증감":-7.9,
            "인구총점":20.681,
            "일자리":16.09,
            "소득수준":56.78,
            "일자리총점":28.297,
            "가치 총점":29.227,
            "매매실거래년":20211202.0,
            "매매실거래가":11100.0,
            "전세실거래년":20211228.0,
            "전세실거래가":10000.0,
            "전세가율":90.09,
            "장기전세가율평균":71.65,
            "전세가율거품지수":-18.44,
            "검색코드":6148,
            "세대수":299.0,
            "준공년월":"2000-11-27",
            "준공년차":23.0,
            "가까운역이름":"괴정",
            "가까운역거리":1335.94,
            "역세권여부":"비역세권",
            "30분이내주요거점역":0,
            "30분거점역이름":"[]",
            "1시간이내주요거점역":0,
            "1시간거점역이름":"[]",
            "3km이내백화점수":0,
            "5km이내아울렛몰수":0,
            "1km이내대형먀트수":0,
            "500m이내은행수":0,
            "500m이내병원수":0,
            "5km이내대형병원수":7,
            "500m이내공원수":0,
            "3km이내혐오시설수":0,
            "초등학교학업성취도":90.06,
            "중학교학업성취도":76.5,
            "용적률":322,
            "건폐율":20,
            "Y":35.088244,
            "X":128.995867,
            "rank":149.0,
            "area_info":"23평(79.14), 31평(105.58), 32평(106.38), 41평(136.14)",
            "last_sales":"2021-12-02,11100.0,23평(79.14)",
            "rank_history":[
                [
                    "202202",
                    149
                ],
                [
                    "202201",
                    128
                ]
            ],
            "rank_gap":-21
        },
        {
            "index":38,
            "아파트명":"동일",
            "투자타입":"재건축",
            "전용면적(m2)":"49.76",
            "전용면적(평)":"15평",
            "법정동주소":"부산시 사하구 감천동 648",
            "도로명주소":"부산시 사하구 감천로 53",
            "세대수":0,
            "입주년차":"--",
            "용적률점수":0,
            "건폐율점수":0,
            "세대당주차수":"--",
            "난방방식":"--",
            "공급면적":50,
            "전용률":60,
            "욕실수":"--",
            "현관타입":"--",
            "주거총점":5.5,
            "지역구공급총점":0.0,
            "역세권":0,
            "30분내 이동가능 거점":0,
            "1시간내 이동가능 거점":0,
            "교통총점":0.0,
            "백화점":0,
            "아울렛몰":0,
            "대형마트":80,
            "은행":0,
            "병원":0,
            "종합병원":100,
            "공원":80,
            "혐오시설":0,
            "인프라총점":34.4,
            "초등학군":90.0,
            "중학군":46.66,
            "학군총점":55.328,
            "인구수":32.93,
            "인구증감":-7.9,
            "인구총점":20.681,
            "일자리":16.09,
            "소득수준":56.78,
            "일자리총점":28.297,
            "가치 총점":28.2934,
            "매매실거래년":20211029.0,
            "매매실거래가":8800.0,
            "전세실거래년":20200704.0,
            "전세실거래가":5500.0,
            "전세가율":62.5,
            "장기전세가율평균":71.65,
            "전세가율거품지수":9.15,
            "검색코드":6098,
            "세대수":142.0,
            "준공년월":"1987-10-17",
            "준공년차":36.0,
            "가까운역이름":"괴정",
            "가까운역거리":1133.39,
            "역세권여부":"비역세권",
            "30분이내주요거점역":0,
            "30분거점역이름":"[]",
            "1시간이내주요거점역":0,
            "1시간거점역이름":"[]",
            "3km이내백화점수":0,
            "5km이내아울렛몰수":0,
            "1km이내대형먀트수":1,
            "500m이내은행수":0,
            "500m이내병원수":0,
            "5km이내대형병원수":7,
            "500m이내공원수":1,
            "3km이내혐오시설수":0,
            "초등학교학업성취도":90.0,
            "중학교학업성취도":76.5,
            "용적률":0,
            "건폐율":0,
            "Y":35.090955,
            "X":128.998379,
            "rank":150.0,
            "area_info":"15평(49.76), 17평(58.42), 18평(62.77), 20평(67.59), 21평(71.22), 23평(76.78), 24평(82.6), 25평(85.45), 26평(88.29), 30평(99.72)",
            "last_sales":"2021-10-29,8800.0,15평(49.76)",
            "rank_history":[
                [
                    "202202",
                    150
                ],
                [
                    "202201",
                    138
                ]
            ],
            "rank_gap":-12
        },
        {
            "index":355,
            "아파트명":"다대남아",
            "투자타입":"재건축",
            "전용면적(m2)":"71.7",
            "전용면적(평)":"21평",
            "법정동주소":"부산시 사하구 다대동 952",
            "도로명주소":"부산시 사하구 윤공단로 25-5",
            "세대수":0,
            "입주년차":"--",
            "용적률점수":0,
            "건폐율점수":0,
            "세대당주차수":"--",
            "난방방식":"--",
            "공급면적":50,
            "전용률":80,
            "욕실수":"--",
            "현관타입":"--",
            "주거총점":6.5,
            "지역구공급총점":0.0,
            "역세권":80,
            "30분내 이동가능 거점":0,
            "1시간내 이동가능 거점":0,
            "교통총점":40.0,
            "백화점":0,
            "아울렛몰":0,
            "대형마트":0,
            "은행":20,
            "병원":0,
            "종합병원":0,
            "공원":100,
            "혐오시설":0,
            "인프라총점":5.0,
            "초등학군":89.99,
            "중학군":51.7,
            "학군총점":59.358,
            "인구수":32.93,
            "인구증감":-7.9,
            "인구총점":20.681,
            "일자리":16.09,
            "소득수준":56.78,
            "일자리총점":28.297,
            "가치 총점":26.9324,
            "매매실거래년":"18000101",
            "매매실거래가":null,
            "전세실거래년":null,
            "전세실거래가":null,
            "전세가율":null,
            "장기전세가율평균":71.65,
            "전세가율거품지수":null,
            "검색코드":25193,
            "세대수":108.0,
            "준공년월":"1989-02-18",
            "준공년차":34.0,
            "가까운역이름":"다대포항",
            "가까운역거리":492.04,
            "역세권여부":"역세권",
            "30분이내주요거점역":0,
            "30분거점역이름":"[]",
            "1시간이내주요거점역":0,
            "1시간거점역이름":"[]",
            "3km이내백화점수":0,
            "5km이내아울렛몰수":0,
            "1km이내대형먀트수":0,
            "500m이내은행수":2,
            "500m이내병원수":0,
            "5km이내대형병원수":0,
            "500m이내공원수":4,
            "3km이내혐오시설수":0,
            "초등학교학업성취도":89.99,
            "중학교학업성취도":81.9,
            "용적률":0,
            "건폐율":0,
            "Y":35.055344,
            "X":128.966714,
            "rank":151.0,
            "area_info":"21평(71.7), 23평(77.07), 24평(81.65), 29평(98.18), 30평(99.65)",
            "last_sales":"1800-01-01,nan,21평(71.7)",
            "rank_history":[
                [
                    "202202",
                    151
                ],
                [
                    "202201",
                    151
                ]
            ],
            "rank_gap":0
        },
        {
            "index":0,
            "아파트명":"감천단지",
            "투자타입":"재건축",
            "전용면적(m2)":"57.32",
            "전용면적(평)":"17평",
            "법정동주소":"부산시 사하구 감천동 530",
            "도로명주소":"부산시 사하구 감천로105번길 40",
            "세대수":0,
            "입주년차":"--",
            "용적률점수":0,
            "건폐율점수":0,
            "세대당주차수":"--",
            "난방방식":"--",
            "공급면적":50,
            "전용률":80,
            "욕실수":"--",
            "현관타입":"--",
            "주거총점":6.5,
            "지역구공급총점":0.0,
            "역세권":0,
            "30분내 이동가능 거점":0,
            "1시간내 이동가능 거점":0,
            "교통총점":0.0,
            "백화점":0,
            "아울렛몰":0,
            "대형마트":0,
            "은행":0,
            "병원":0,
            "종합병원":100,
            "공원":80,
            "혐오시설":0,
            "인프라총점":22.4,
            "초등학군":90.0,
            "중학군":46.66,
            "학군총점":55.328,
            "인구수":32.93,
            "인구증감":-7.9,
            "인구총점":20.681,
            "일자리":16.09,
            "소득수준":56.78,
            "일자리총점":28.297,
            "가치 총점":24.9434,
            "매매실거래년":20211204.0,
            "매매실거래가":9200.0,
            "전세실거래년":20210424.0,
            "전세실거래가":6000.0,
            "전세가율":77.92,
            "장기전세가율평균":71.65,
            "전세가율거품지수":-6.27,
            "검색코드":10596,
            "세대수":210.0,
            "준공년월":"1982-11-04",
            "준공년차":41.0,
            "가까운역이름":"대티",
            "가까운역거리":1521.02,
            "역세권여부":"비역세권",
            "30분이내주요거점역":0,
            "30분거점역이름":"[]",
            "1시간이내주요거점역":0,
            "1시간거점역이름":"[]",
            "3km이내백화점수":0,
            "5km이내아울렛몰수":0,
            "1km이내대형먀트수":0,
            "500m이내은행수":1,
            "500m이내병원수":0,
            "5km이내대형병원수":7,
            "500m이내공원수":1,
            "3km이내혐오시설수":0,
            "초등학교학업성취도":90.0,
            "중학교학업성취도":76.5,
            "용적률":0,
            "건폐율":0,
            "Y":35.089959,
            "X":129.004332,
            "rank":152.0,
            "area_info":"17평(57.32), 19평(62.81), 19평(63.14), 19평(63.24), 19평(64.06), 20평(67.9), 21평(71.5), 22평(75.6), 23평(77.85), 27평(90.48)",
            "last_sales":"2021-12-04,9200.0,19평(62.81)",
            "rank_history":[
                [
                    "202202",
                    152
                ],
                [
                    "202201",
                    146
                ]
            ],
            "rank_gap":-6
        },
        {
            "index":52,
            "아파트명":"신흥동백",
            "투자타입":"재건축",
            "전용면적(m2)":"51.66",
            "전용면적(평)":"15평",
            "법정동주소":"부산시 사하구 감천동 361",
            "도로명주소":"부산시 사하구 암남공원로521번길 30",
            "세대수":0,
            "입주년차":"--",
            "용적률점수":0,
            "건폐율점수":0,
            "세대당주차수":"--",
            "난방방식":"--",
            "공급면적":50,
            "전용률":80,
            "욕실수":"--",
            "현관타입":"--",
            "주거총점":6.5,
            "지역구공급총점":0.0,
            "역세권":0,
            "30분내 이동가능 거점":0,
            "1시간내 이동가능 거점":0,
            "교통총점":0.0,
            "백화점":0,
            "아울렛몰":0,
            "대형마트":0,
            "은행":0,
            "병원":0,
            "종합병원":100,
            "공원":0,
            "혐오시설":-50,
            "인프라총점":19.0,
            "초등학군":89.99,
            "중학군":48.02,
            "학군총점":56.414,
            "인구수":32.93,
            "인구증감":-7.9,
            "인구총점":20.681,
            "일자리":16.09,
            "소득수준":56.78,
            "일자리총점":28.297,
            "가치 총점":24.2492,
            "매매실거래년":20190215.0,
            "매매실거래가":9200.0,
            "전세실거래년":null,
            "전세실거래가":null,
            "전세가율":null,
            "장기전세가율평균":71.65,
            "전세가율거품지수":null,
            "검색코드":105988,
            "세대수":176.0,
            "준공년월":"1986-12-12",
            "준공년차":37.0,
            "가까운역이름":"자갈치",
            "가까운역거리":2400.74,
            "역세권여부":"비역세권",
            "30분이내주요거점역":0,
            "30분거점역이름":"[]",
            "1시간이내주요거점역":0,
            "1시간거점역이름":"[]",
            "3km이내백화점수":0,
            "5km이내아울렛몰수":0,
            "1km이내대형먀트수":0,
            "500m이내은행수":1,
            "500m이내병원수":0,
            "5km이내대형병원수":7,
            "500m이내공원수":0,
            "3km이내혐오시설수":1,
            "초등학교학업성취도":89.99,
            "중학교학업성취도":76.7,
            "용적률":0,
            "건폐율":0,
            "Y":35.080188,
            "X":129.009816,
            "rank":153.0,
            "area_info":"15평(51.66), 16평(53.1), 16평(54.86), 16평(55.08), 17평(56.52), 17평(57.96), 17평(58.54), 18평(59.76), 18평(59.58), 18평(61.2), 18평(61.98), 19평(64.71), 19평(65.97), 19평(65.04), 20평(67.75), 20평(68.14), 20평(69.3), 21평(69.69), 21평(70.85), 22평(73.57), 22평(74.24), 22평(75.02)",
            "last_sales":"2019-02-15,9200.0,19평(64.71)",
            "rank_history":[
                [
                    "202202",
                    153
                ],
                [
                    "202201",
                    150
                ]
            ],
            "rank_gap":-3
        }
    ]
}