{
    "schema":{
        "fields":[
            {
                "name":"index",
                "type":"integer"
            },
            {
                "name":"아파트명",
                "type":"string"
            },
            {
                "name":"투자타입",
                "type":"string"
            },
            {
                "name":"전용면적(m2)",
                "type":"string"
            },
            {
                "name":"전용면적(평)",
                "type":"string"
            },
            {
                "name":"법정동주소",
                "type":"string"
            },
            {
                "name":"도로명주소",
                "type":"string"
            },
            {
                "name":"세대수",
                "type":"integer"
            },
            {
                "name":"입주년차",
                "type":"string"
            },
            {
                "name":"용적률점수",
                "type":"string"
            },
            {
                "name":"건폐율점수",
                "type":"string"
            },
            {
                "name":"세대당주차수",
                "type":"string"
            },
            {
                "name":"난방방식",
                "type":"string"
            },
            {
                "name":"공급면적",
                "type":"string"
            },
            {
                "name":"전용률",
                "type":"string"
            },
            {
                "name":"욕실수",
                "type":"string"
            },
            {
                "name":"현관타입",
                "type":"string"
            },
            {
                "name":"주거총점",
                "type":"number"
            },
            {
                "name":"지역구공급총점",
                "type":"number"
            },
            {
                "name":"역세권",
                "type":"integer"
            },
            {
                "name":"30분내 이동가능 거점",
                "type":"integer"
            },
            {
                "name":"1시간내 이동가능 거점",
                "type":"integer"
            },
            {
                "name":"교통총점",
                "type":"number"
            },
            {
                "name":"백화점",
                "type":"integer"
            },
            {
                "name":"아울렛몰",
                "type":"integer"
            },
            {
                "name":"대형마트",
                "type":"integer"
            },
            {
                "name":"은행",
                "type":"integer"
            },
            {
                "name":"병원",
                "type":"integer"
            },
            {
                "name":"종합병원",
                "type":"integer"
            },
            {
                "name":"공원",
                "type":"integer"
            },
            {
                "name":"혐오시설",
                "type":"integer"
            },
            {
                "name":"인프라총점",
                "type":"number"
            },
            {
                "name":"초등학군",
                "type":"number"
            },
            {
                "name":"중학군",
                "type":"number"
            },
            {
                "name":"학군총점",
                "type":"number"
            },
            {
                "name":"인구수",
                "type":"number"
            },
            {
                "name":"인구증감",
                "type":"number"
            },
            {
                "name":"인구총점",
                "type":"number"
            },
            {
                "name":"일자리",
                "type":"number"
            },
            {
                "name":"소득수준",
                "type":"number"
            },
            {
                "name":"일자리총점",
                "type":"number"
            },
            {
                "name":"가치 총점",
                "type":"number"
            },
            {
                "name":"매매실거래년",
                "type":"string"
            },
            {
                "name":"매매실거래가",
                "type":"number"
            },
            {
                "name":"전세실거래년",
                "type":"number"
            },
            {
                "name":"전세실거래가",
                "type":"number"
            },
            {
                "name":"전세가율",
                "type":"number"
            },
            {
                "name":"장기전세가율평균",
                "type":"number"
            },
            {
                "name":"전세가율거품지수",
                "type":"number"
            },
            {
                "name":"검색코드",
                "type":"integer"
            },
            {
                "name":"세대수",
                "type":"number"
            },
            {
                "name":"준공년월",
                "type":"string"
            },
            {
                "name":"준공년차",
                "type":"number"
            },
            {
                "name":"가까운역이름",
                "type":"string"
            },
            {
                "name":"가까운역거리",
                "type":"number"
            },
            {
                "name":"역세권여부",
                "type":"string"
            },
            {
                "name":"30분이내주요거점역",
                "type":"integer"
            },
            {
                "name":"30분거점역이름",
                "type":"string"
            },
            {
                "name":"1시간이내주요거점역",
                "type":"integer"
            },
            {
                "name":"1시간거점역이름",
                "type":"string"
            },
            {
                "name":"3km이내백화점수",
                "type":"integer"
            },
            {
                "name":"5km이내아울렛몰수",
                "type":"integer"
            },
            {
                "name":"1km이내대형먀트수",
                "type":"integer"
            },
            {
                "name":"500m이내은행수",
                "type":"integer"
            },
            {
                "name":"500m이내병원수",
                "type":"integer"
            },
            {
                "name":"5km이내대형병원수",
                "type":"integer"
            },
            {
                "name":"500m이내공원수",
                "type":"integer"
            },
            {
                "name":"3km이내혐오시설수",
                "type":"integer"
            },
            {
                "name":"초등학교학업성취도",
                "type":"number"
            },
            {
                "name":"중학교학업성취도",
                "type":"number"
            },
            {
                "name":"용적률",
                "type":"integer"
            },
            {
                "name":"건폐율",
                "type":"integer"
            },
            {
                "name":"Y",
                "type":"number"
            },
            {
                "name":"X",
                "type":"number"
            },
            {
                "name":"rank",
                "type":"number"
            },
            {
                "name":"area_info",
                "type":"string"
            },
            {
                "name":"last_sales",
                "type":"string"
            },
            {
                "name":"rank_history",
                "type":"string"
            },
            {
                "name":"rank_gap",
                "type":"integer"
            }
        ],
        "primaryKey":[
            "index"
        ],
        "pandas_version":"1.4.0"
    },
    "data":[
        {
            "index":298,
            "아파트명":"삼한골든뷰에듀스테이션",
            "투자타입":"일반",
            "전용면적(m2)":"79.12",
            "전용면적(평)":"23평",
            "법정동주소":"부산시 금정구 부곡동 981",
            "도로명주소":"부산시 금정구 중앙대로1629번길 16",
            "세대수":50,
            "입주년차":100,
            "용적률점수":"--",
            "건폐율점수":"--",
            "세대당주차수":60,
            "난방방식":30,
            "공급면적":"--",
            "전용률":"--",
            "욕실수":100,
            "현관타입":100,
            "주거총점":69.5,
            "지역구공급총점":100.0,
            "역세권":80,
            "30분내 이동가능 거점":0,
            "1시간내 이동가능 거점":10,
            "교통총점":42.0,
            "백화점":100,
            "아울렛몰":0,
            "대형마트":100,
            "은행":0,
            "병원":0,
            "종합병원":100,
            "공원":100,
            "혐오시설":0,
            "인프라총점":68.0,
            "초등학군":90.04,
            "중학군":57.06,
            "학군총점":63.656,
            "인구수":24.34,
            "인구증감":-7.84,
            "인구총점":14.686,
            "일자리":10.73,
            "소득수준":54.24,
            "일자리총점":23.783,
            "가치 총점":63.1718,
            "매매실거래년":20201220.0,
            "매매실거래가":80538.0,
            "전세실거래년":null,
            "전세실거래가":null,
            "전세가율":null,
            "장기전세가율평균":71.83,
            "전세가율거품지수":null,
            "검색코드":119150,
            "세대수":610.0,
            "준공년월":"2021-06-30",
            "준공년차":2.0,
            "가까운역이름":"부산대",
            "가까운역거리":130.82,
            "역세권여부":"역세권",
            "30분이내주요거점역":0,
            "30분거점역이름":"[]",
            "1시간이내주요거점역":1,
            "1시간거점역이름":"['하단']",
            "3km이내백화점수":1,
            "5km이내아울렛몰수":0,
            "1km이내대형먀트수":2,
            "500m이내은행수":0,
            "500m이내병원수":0,
            "5km이내대형병원수":3,
            "500m이내공원수":2,
            "3km이내혐오시설수":0,
            "초등학교학업성취도":90.04,
            "중학교학업성취도":93.3,
            "용적률":764,
            "건폐율":50,
            "Y":35.230534,
            "X":129.090375,
            "rank":1.0,
            "area_info":"23평(79.12), 24평(79.53), 24평(79.54), 24평(80.01), 33평(111.42), 34평(112.48), 42평(141.42)",
            "last_sales":"2020-12-20,80538.0,42평(141.42)",
            "rank_history":[
                [
                    "202202",
                    1
                ],
                [
                    "202201",
                    4
                ]
            ],
            "rank_gap":3
        },
        {
            "index":402,
            "아파트명":"래미안장전",
            "투자타입":"일반",
            "전용면적(m2)":"56.47",
            "전용면적(평)":"17평",
            "법정동주소":"부산시 금정구 장전동 745",
            "도로명주소":"부산시 금정구 금정로 20",
            "세대수":100,
            "입주년차":80,
            "용적률점수":"--",
            "건폐율점수":"--",
            "세대당주차수":30,
            "난방방식":30,
            "공급면적":"--",
            "전용률":"--",
            "욕실수":50,
            "현관타입":10,
            "주거총점":64.5,
            "지역구공급총점":100.0,
            "역세권":80,
            "30분내 이동가능 거점":0,
            "1시간내 이동가능 거점":10,
            "교통총점":42.0,
            "백화점":100,
            "아울렛몰":0,
            "대형마트":100,
            "은행":70,
            "병원":0,
            "종합병원":100,
            "공원":80,
            "혐오시설":0,
            "인프라총점":74.4,
            "초등학군":90.0,
            "중학군":53.32,
            "학군총점":60.656,
            "인구수":24.34,
            "인구증감":-7.84,
            "인구총점":14.686,
            "일자리":10.73,
            "소득수준":54.24,
            "일자리총점":23.783,
            "가치 총점":62.9418,
            "매매실거래년":20201013.0,
            "매매실거래가":150000.0,
            "전세실거래년":null,
            "전세실거래가":null,
            "전세가율":null,
            "장기전세가율평균":71.83,
            "전세가율거품지수":null,
            "검색코드":109188,
            "세대수":1938.0,
            "준공년월":"2017-09-21",
            "준공년차":6.0,
            "가까운역이름":"부산대",
            "가까운역거리":459.31,
            "역세권여부":"역세권",
            "30분이내주요거점역":0,
            "30분거점역이름":"[]",
            "1시간이내주요거점역":1,
            "1시간거점역이름":"['하단']",
            "3km이내백화점수":1,
            "5km이내아울렛몰수":0,
            "1km이내대형먀트수":3,
            "500m이내은행수":3,
            "500m이내병원수":0,
            "5km이내대형병원수":4,
            "500m이내공원수":1,
            "3km이내혐오시설수":0,
            "초등학교학업성취도":90.0,
            "중학교학업성취도":84.8,
            "용적률":288,
            "건폐율":15,
            "Y":35.225976,
            "X":129.087113,
            "rank":2.0,
            "area_info":"17평(56.47), 22평(74.2), 26평(89.05), 26평(89.14), 35평(116.13), 35평(117.19), 35평(117.43), 42평(139.46), 47평(155.69)",
            "last_sales":"2020-10-13,150000.0,47평(155.69)",
            "rank_history":[
                [
                    "202202",
                    2
                ],
                [
                    "202201",
                    1
                ]
            ],
            "rank_gap":-1
        },
        {
            "index":288,
            "아파트명":"부곡푸르지오",
            "투자타입":"일반",
            "전용면적(m2)":"99.99",
            "전용면적(평)":"30평",
            "법정동주소":"부산시 금정구 부곡동 268-2",
            "도로명주소":"부산시 금정구 중앙대로 1617-12",
            "세대수":50,
            "입주년차":40,
            "용적률점수":"--",
            "건폐율점수":"--",
            "세대당주차수":60,
            "난방방식":30,
            "공급면적":"--",
            "전용률":"--",
            "욕실수":100,
            "현관타입":100,
            "주거총점":57.5,
            "지역구공급총점":100.0,
            "역세권":100,
            "30분내 이동가능 거점":0,
            "1시간내 이동가능 거점":10,
            "교통총점":52.0,
            "백화점":100,
            "아울렛몰":0,
            "대형마트":100,
            "은행":0,
            "병원":0,
            "종합병원":100,
            "공원":100,
            "혐오시설":0,
            "인프라총점":68.0,
            "초등학군":90.04,
            "중학군":57.06,
            "학군총점":63.656,
            "인구수":24.34,
            "인구증감":-7.84,
            "인구총점":14.686,
            "일자리":10.73,
            "소득수준":54.24,
            "일자리총점":23.783,
            "가치 총점":61.6718,
            "매매실거래년":20211124.0,
            "매매실거래가":61500.0,
            "전세실거래년":20220113.0,
            "전세실거래가":31500.0,
            "전세가율":53.39,
            "장기전세가율평균":71.83,
            "전세가율거품지수":18.44,
            "검색코드":14814,
            "세대수":540.0,
            "준공년월":"2007-08-16",
            "준공년차":16.0,
            "가까운역이름":"부산대",
            "가까운역거리":73.48,
            "역세권여부":"초역세권",
            "30분이내주요거점역":0,
            "30분거점역이름":"[]",
            "1시간이내주요거점역":1,
            "1시간거점역이름":"['하단']",
            "3km이내백화점수":1,
            "5km이내아울렛몰수":0,
            "1km이내대형먀트수":3,
            "500m이내은행수":1,
            "500m이내병원수":0,
            "5km이내대형병원수":3,
            "500m이내공원수":2,
            "3km이내혐오시설수":0,
            "초등학교학업성취도":90.04,
            "중학교학업성취도":93.3,
            "용적률":903,
            "건폐율":59,
            "Y":35.229599,
            "X":129.090232,
            "rank":3.0,
            "area_info":"30평(99.99), 30평(99.52), 38평(127.21), 51평(171.72)",
            "last_sales":"2021-11-24,61500.0,38평(127.21)",
            "rank_history":[
                [
                    "202202",
                    3
                ],
                [
                    "202201",
                    5
                ]
            ],
            "rank_gap":2
        },
        {
            "index":438,
            "아파트명":"장전금정산SK뷰",
            "투자타입":"일반",
            "전용면적(m2)":"88.97",
            "전용면적(평)":"26평",
            "법정동주소":"부산시 금정구 장전동 713",
            "도로명주소":"부산시 금정구 식물원로 64",
            "세대수":90,
            "입주년차":60,
            "용적률점수":"--",
            "건폐율점수":"--",
            "세대당주차수":60,
            "난방방식":30,
            "공급면적":"--",
            "전용률":"--",
            "욕실수":100,
            "현관타입":100,
            "주거총점":75.5,
            "지역구공급총점":100.0,
            "역세권":50,
            "30분내 이동가능 거점":0,
            "1시간내 이동가능 거점":10,
            "교통총점":27.0,
            "백화점":100,
            "아울렛몰":0,
            "대형마트":100,
            "은행":0,
            "병원":0,
            "종합병원":100,
            "공원":0,
            "혐오시설":0,
            "인프라총점":65.0,
            "초등학군":90.0,
            "중학군":52.3,
            "학군총점":59.84,
            "인구수":24.34,
            "인구증감":-7.84,
            "인구총점":14.686,
            "일자리":10.73,
            "소득수준":54.24,
            "일자리총점":23.783,
            "가치 총점":60.377,
            "매매실거래년":20211229.0,
            "매매실거래가":78700.0,
            "전세실거래년":20211216.0,
            "전세실거래가":31000.0,
            "전세가율":60.78,
            "장기전세가율평균":71.83,
            "전세가율거품지수":11.05,
            "검색코드":26274,
            "세대수":1306.0,
            "준공년월":"2010-08-27",
            "준공년차":13.0,
            "가까운역이름":"부산대",
            "가까운역거리":881.2,
            "역세권여부":"준역세권",
            "30분이내주요거점역":0,
            "30분거점역이름":"[]",
            "1시간이내주요거점역":1,
            "1시간거점역이름":"['하단']",
            "3km이내백화점수":1,
            "5km이내아울렛몰수":0,
            "1km이내대형먀트수":2,
            "500m이내은행수":0,
            "500m이내병원수":0,
            "5km이내대형병원수":4,
            "500m이내공원수":0,
            "3km이내혐오시설수":0,
            "초등학교학업성취도":90.0,
            "중학교학업성취도":86.1,
            "용적률":272,
            "건폐율":18,
            "Y":35.227111,
            "X":129.080235,
            "rank":4.0,
            "area_info":"26평(88.97), 34평(113.61), 39평(129.32), 48평(160.45), 55평(183.99), 60평(200.42)",
            "last_sales":"2021-12-29,78700.0,34평(113.61)",
            "rank_history":[
                [
                    "202202",
                    4
                ],
                [
                    "202201",
                    2
                ]
            ],
            "rank_gap":-2
        },
        {
            "index":411,
            "아파트명":"벽산블루밍장전디자인시티",
            "투자타입":"일반",
            "전용면적(m2)":"88.58",
            "전용면적(평)":"26평",
            "법정동주소":"부산시 금정구 장전동 718",
            "도로명주소":"부산시 금정구 금강로 225",
            "세대수":100,
            "입주년차":60,
            "용적률점수":"--",
            "건폐율점수":"--",
            "세대당주차수":30,
            "난방방식":30,
            "공급면적":"--",
            "전용률":"--",
            "욕실수":100,
            "현관타입":100,
            "주거총점":74.5,
            "지역구공급총점":100.0,
            "역세권":50,
            "30분내 이동가능 거점":0,
            "1시간내 이동가능 거점":10,
            "교통총점":27.0,
            "백화점":100,
            "아울렛몰":0,
            "대형마트":100,
            "은행":0,
            "병원":0,
            "종합병원":100,
            "공원":0,
            "혐오시설":0,
            "인프라총점":65.0,
            "초등학군":90.0,
            "중학군":52.3,
            "학군총점":59.84,
            "인구수":24.34,
            "인구증감":-7.84,
            "인구총점":14.686,
            "일자리":10.73,
            "소득수준":54.24,
            "일자리총점":23.783,
            "가치 총점":60.127,
            "매매실거래년":20210909.0,
            "매매실거래가":112000.0,
            "전세실거래년":null,
            "전세실거래가":null,
            "전세가율":null,
            "장기전세가율평균":71.83,
            "전세가율거품지수":null,
            "검색코드":27091,
            "세대수":1682.0,
            "준공년월":"2012-06-26",
            "준공년차":11.0,
            "가까운역이름":"부산대",
            "가까운역거리":774.22,
            "역세권여부":"준역세권",
            "30분이내주요거점역":0,
            "30분거점역이름":"[]",
            "1시간이내주요거점역":1,
            "1시간거점역이름":"['하단']",
            "3km이내백화점수":1,
            "5km이내아울렛몰수":0,
            "1km이내대형먀트수":2,
            "500m이내은행수":0,
            "500m이내병원수":0,
            "5km이내대형병원수":4,
            "500m이내공원수":0,
            "3km이내혐오시설수":0,
            "초등학교학업성취도":90.0,
            "중학교학업성취도":86.1,
            "용적률":258,
            "건폐율":0,
            "Y":35.22836,
            "X":129.081049,
            "rank":5.0,
            "area_info":"26평(88.58), 26평(88.95), 27평(90.94), 27평(92.15), 29평(98.51), 29평(98.64), 30평(101.23), 34평(112.94), 34평(113.84), 34평(114.05), 34평(114.05), 34평(115.56), 34평(115.44), 35평(115.77), 35평(116.53), 35평(116.54), 35평(116.56), 41평(137.09), 41평(138.01), 50평(168.45), 51평(168.66), 51평(169.56), 55평(184.15), 55평(184.1), 63평(210.76)",
            "last_sales":"2021-09-09,112000.0,63평(210.76)",
            "rank_history":[
                [
                    "202202",
                    5
                ],
                [
                    "202201",
                    3
                ]
            ],
            "rank_gap":-2
        },
        {
            "index":279,
            "아파트명":"부곡롯데캐슬디아망",
            "투자타입":"일반",
            "전용면적(m2)":"93.25",
            "전용면적(평)":"28평",
            "법정동주소":"부산시 금정구 부곡동 970",
            "도로명주소":"부산시 금정구 동부곡로15번길 76",
            "세대수":30,
            "입주년차":60,
            "용적률점수":"--",
            "건폐율점수":"--",
            "세대당주차수":60,
            "난방방식":30,
            "공급면적":"--",
            "전용률":"--",
            "욕실수":100,
            "현관타입":100,
            "주거총점":54.5,
            "지역구공급총점":100.0,
            "역세권":80,
            "30분내 이동가능 거점":0,
            "1시간내 이동가능 거점":10,
            "교통총점":42.0,
            "백화점":100,
            "아울렛몰":0,
            "대형마트":100,
            "은행":0,
            "병원":0,
            "종합병원":100,
            "공원":100,
            "혐오시설":0,
            "인프라총점":68.0,
            "초등학군":89.98,
            "중학군":57.06,
            "학군총점":63.644,
            "인구수":24.34,
            "인구증감":-7.84,
            "인구총점":14.686,
            "일자리":10.73,
            "소득수준":54.24,
            "일자리총점":23.783,
            "가치 총점":59.4182,
            "매매실거래년":20211002.0,
            "매매실거래가":68800.0,
            "전세실거래년":20210626.0,
            "전세실거래가":29300.0,
            "전세가율":65.11,
            "장기전세가율평균":71.83,
            "전세가율거품지수":6.72,
            "검색코드":100472,
            "세대수":311.0,
            "준공년월":"2010-01-25",
            "준공년차":13.0,
            "가까운역이름":"부산대",
            "가까운역거리":441.55,
            "역세권여부":"역세권",
            "30분이내주요거점역":0,
            "30분거점역이름":"[]",
            "1시간이내주요거점역":1,
            "1시간거점역이름":"['하단']",
            "3km이내백화점수":1,
            "5km이내아울렛몰수":0,
            "1km이내대형먀트수":2,
            "500m이내은행수":0,
            "500m이내병원수":0,
            "5km이내대형병원수":3,
            "500m이내공원수":2,
            "3km이내혐오시설수":0,
            "초등학교학업성취도":89.98,
            "중학교학업성취도":93.3,
            "용적률":0,
            "건폐율":0,
            "Y":35.229517,
            "X":129.094284,
            "rank":6.0,
            "area_info":"28평(93.25), 33평(110.79), 33평(111.11), 46평(155.16), 48평(160.63)",
            "last_sales":"2021-10-02,68800.0,48평(160.63)",
            "rank_history":[
                [
                    "202202",
                    6
                ],
                [
                    "202201",
                    6
                ]
            ],
            "rank_gap":0
        },
        {
            "index":266,
            "아파트명":"부곡대동다숲",
            "투자타입":"일반",
            "전용면적(m2)":"109.37",
            "전용면적(평)":"33평",
            "법정동주소":"부산시 금정구 부곡동 788",
            "도로명주소":"부산시 금정구 부곡로 32-12",
            "세대수":50,
            "입주년차":40,
            "용적률점수":"--",
            "건폐율점수":"--",
            "세대당주차수":60,
            "난방방식":30,
            "공급면적":"--",
            "전용률":"--",
            "욕실수":100,
            "현관타입":100,
            "주거총점":57.5,
            "지역구공급총점":100.0,
            "역세권":80,
            "30분내 이동가능 거점":0,
            "1시간내 이동가능 거점":10,
            "교통총점":42.0,
            "백화점":100,
            "아울렛몰":0,
            "대형마트":100,
            "은행":0,
            "병원":0,
            "종합병원":100,
            "공원":0,
            "혐오시설":0,
            "인프라총점":65.0,
            "초등학군":90.01,
            "중학군":50.98,
            "학군총점":58.786,
            "인구수":24.34,
            "인구증감":-7.84,
            "인구총점":14.686,
            "일자리":10.73,
            "소득수준":54.24,
            "일자리총점":23.783,
            "가치 총점":57.8108,
            "매매실거래년":20220108.0,
            "매매실거래가":47000.0,
            "전세실거래년":20211208.0,
            "전세실거래가":29000.0,
            "전세가율":61.7,
            "장기전세가율평균":71.83,
            "전세가율거품지수":10.13,
            "검색코드":19532,
            "세대수":499.0,
            "준공년월":"2007-02-01",
            "준공년차":16.0,
            "가까운역이름":"온천장",
            "가까운역거리":481.92,
            "역세권여부":"역세권",
            "30분이내주요거점역":0,
            "30분거점역이름":"[]",
            "1시간이내주요거점역":1,
            "1시간거점역이름":"['하단']",
            "3km이내백화점수":1,
            "5km이내아울렛몰수":0,
            "1km이내대형먀트수":2,
            "500m이내은행수":1,
            "500m이내병원수":0,
            "5km이내대형병원수":4,
            "500m이내공원수":0,
            "3km이내혐오시설수":0,
            "초등학교학업성취도":90.01,
            "중학교학업성취도":81.7,
            "용적률":191,
            "건폐율":18,
            "Y":35.217607,
            "X":129.09062,
            "rank":7.0,
            "area_info":"33평(109.37), 47평(155.69), 53평(178.01)",
            "last_sales":"2022-01-08,47000.0,33평(109.37)",
            "rank_history":[
                [
                    "202202",
                    7
                ],
                [
                    "202201",
                    7
                ]
            ],
            "rank_gap":0
        },
        {
            "index":269,
            "아파트명":"부곡대우",
            "투자타입":"일반",
            "전용면적(m2)":"58.21",
            "전용면적(평)":"17평",
            "법정동주소":"부산시 금정구 부곡동 244-7",
            "도로명주소":"부산시 금정구 부산대학로 10",
            "세대수":90,
            "입주년차":20,
            "용적률점수":"--",
            "건폐율점수":"--",
            "세대당주차수":30,
            "난방방식":30,
            "공급면적":"--",
            "전용률":"--",
            "욕실수":50,
            "현관타입":10,
            "주거총점":49.0,
            "지역구공급총점":100.0,
            "역세권":80,
            "30분내 이동가능 거점":0,
            "1시간내 이동가능 거점":10,
            "교통총점":42.0,
            "백화점":100,
            "아울렛몰":0,
            "대형마트":100,
            "은행":0,
            "병원":0,
            "종합병원":100,
            "공원":80,
            "혐오시설":0,
            "인프라총점":67.4,
            "초등학군":90.04,
            "중학군":54.48,
            "학군총점":61.592,
            "인구수":24.34,
            "인구증감":-7.84,
            "인구총점":14.686,
            "일자리":10.73,
            "소득수준":54.24,
            "일자리총점":23.783,
            "가치 총점":57.2476,
            "매매실거래년":20211225.0,
            "매매실거래가":27000.0,
            "전세실거래년":20220128.0,
            "전세실거래가":19000.0,
            "전세가율":70.37,
            "장기전세가율평균":71.83,
            "전세가율거품지수":1.46,
            "검색코드":4155,
            "세대수":1270.0,
            "준공년월":"1999-07-14",
            "준공년차":24.0,
            "가까운역이름":"부산대",
            "가까운역거리":384.1,
            "역세권여부":"역세권",
            "30분이내주요거점역":0,
            "30분거점역이름":"[]",
            "1시간이내주요거점역":1,
            "1시간거점역이름":"['하단']",
            "3km이내백화점수":1,
            "5km이내아울렛몰수":0,
            "1km이내대형먀트수":3,
            "500m이내은행수":1,
            "500m이내병원수":0,
            "5km이내대형병원수":3,
            "500m이내공원수":1,
            "3km이내혐오시설수":0,
            "초등학교학업성취도":90.04,
            "중학교학업성취도":88.2,
            "용적률":384,
            "건폐율":23,
            "Y":35.232939,
            "X":129.090716,
            "rank":8.0,
            "area_info":"17평(58.21), 24평(81.5), 32평(106.95), 32평(108.62), 42평(139.34), 48평(160.54), 55평(182.84)",
            "last_sales":"2021-12-25,27000.0,17평(58.21)",
            "rank_history":[
                [
                    "202202",
                    8
                ],
                [
                    "202201",
                    8
                ]
            ],
            "rank_gap":0
        },
        {
            "index":78,
            "아파트명":"구서쌍용예가2단지",
            "투자타입":"일반",
            "전용면적(m2)":"113.52",
            "전용면적(평)":"34평",
            "법정동주소":"부산시 금정구 구서동 1059",
            "도로명주소":"부산시 금정구 금샘로 262",
            "세대수":80,
            "입주년차":60,
            "용적률점수":"--",
            "건폐율점수":"--",
            "세대당주차수":80,
            "난방방식":30,
            "공급면적":"--",
            "전용률":"--",
            "욕실수":100,
            "현관타입":50,
            "주거총점":70.0,
            "지역구공급총점":100.0,
            "역세권":80,
            "30분내 이동가능 거점":0,
            "1시간내 이동가능 거점":10,
            "교통총점":42.0,
            "백화점":0,
            "아울렛몰":0,
            "대형마트":100,
            "은행":70,
            "병원":0,
            "종합병원":100,
            "공원":100,
            "혐오시설":0,
            "인프라총점":45.0,
            "초등학군":90.0,
            "중학군":57.06,
            "학군총점":63.648,
            "인구수":24.34,
            "인구증감":-7.84,
            "인구총점":14.686,
            "일자리":10.73,
            "소득수준":54.24,
            "일자리총점":23.783,
            "가치 총점":56.3944,
            "매매실거래년":20211103.0,
            "매매실거래가":75000.0,
            "전세실거래년":20220103.0,
            "전세실거래가":47000.0,
            "전세가율":62.67,
            "장기전세가율평균":71.83,
            "전세가율거품지수":9.16,
            "검색코드":26271,
            "세대수":809.0,
            "준공년월":"2010-10-28",
            "준공년차":13.0,
            "가까운역이름":"구서",
            "가까운역거리":411.32,
            "역세권여부":"역세권",
            "30분이내주요거점역":0,
            "30분거점역이름":"[]",
            "1시간이내주요거점역":1,
            "1시간거점역이름":"['하단']",
            "3km이내백화점수":0,
            "5km이내아울렛몰수":0,
            "1km이내대형먀트수":2,
            "500m이내은행수":4,
            "500m이내병원수":0,
            "5km이내대형병원수":2,
            "500m이내공원수":2,
            "3km이내혐오시설수":0,
            "초등학교학업성취도":90.0,
            "중학교학업성취도":90.9,
            "용적률":269,
            "건폐율":19,
            "Y":35.246909,
            "X":129.086782,
            "rank":9.0,
            "area_info":"34평(113.52), 34평(113.55), 49평(164.03), 49평(164.6), 58평(193.95), 58평(194.1)",
            "last_sales":"2021-11-03,75000.0,34평(113.52)",
            "rank_history":[
                [
                    "202202",
                    9
                ],
                [
                    "202201",
                    9
                ]
            ],
            "rank_gap":0
        },
        {
            "index":336,
            "아파트명":"해피투모로우",
            "투자타입":"일반",
            "전용면적(m2)":"106.67",
            "전용면적(평)":"32평",
            "법정동주소":"부산시 금정구 부곡동 269-3",
            "도로명주소":"부산시 금정구 중앙대로 1622",
            "세대수":0,
            "입주년차":60,
            "용적률점수":"--",
            "건폐율점수":"--",
            "세대당주차수":30,
            "난방방식":30,
            "공급면적":"--",
            "전용률":"--",
            "욕실수":100,
            "현관타입":100,
            "주거총점":39.5,
            "지역구공급총점":100.0,
            "역세권":80,
            "30분내 이동가능 거점":0,
            "1시간내 이동가능 거점":10,
            "교통총점":42.0,
            "백화점":100,
            "아울렛몰":0,
            "대형마트":100,
            "은행":0,
            "병원":0,
            "종합병원":100,
            "공원":100,
            "혐오시설":0,
            "인프라총점":68.0,
            "초등학군":90.04,
            "중학군":57.06,
            "학군총점":63.656,
            "인구수":24.34,
            "인구증감":-7.84,
            "인구총점":14.686,
            "일자리":10.73,
            "소득수준":54.24,
            "일자리총점":23.783,
            "가치 총점":55.6718,
            "매매실거래년":20201116.0,
            "매매실거래가":37600.0,
            "전세실거래년":null,
            "전세실거래가":null,
            "전세가율":null,
            "장기전세가율평균":71.83,
            "전세가율거품지수":null,
            "검색코드":14402,
            "세대수":102.0,
            "준공년월":"2009-10-19",
            "준공년차":14.0,
            "가까운역이름":"부산대",
            "가까운역거리":177.76,
            "역세권여부":"역세권",
            "30분이내주요거점역":0,
            "30분거점역이름":"[]",
            "1시간이내주요거점역":1,
            "1시간거점역이름":"['하단']",
            "3km이내백화점수":1,
            "5km이내아울렛몰수":0,
            "1km이내대형먀트수":3,
            "500m이내은행수":1,
            "500m이내병원수":0,
            "5km이내대형병원수":3,
            "500m이내공원수":2,
            "3km이내혐오시설수":0,
            "초등학교학업성취도":90.04,
            "중학교학업성취도":93.3,
            "용적률":0,
            "건폐율":84,
            "Y":35.229139,
            "X":129.09128,
            "rank":10.0,
            "area_info":"32평(106.67), 32평(106.67), 32평(106.67), 32평(106.68), 32평(106.82), 42평(139.02)",
            "last_sales":"2020-11-16,37600.0,42평(139.02)",
            "rank_history":[
                [
                    "202202",
                    10
                ],
                [
                    "202201",
                    11
                ]
            ],
            "rank_gap":1
        },
        {
            "index":311,
            "아파트명":"온천장역동원로얄듀크",
            "투자타입":"일반",
            "전용면적(m2)":"97.85",
            "전용면적(평)":"29평",
            "법정동주소":"부산시 금정구 부곡동 977",
            "도로명주소":"부산시 금정구 부곡로42번길 25",
            "세대수":0,
            "입주년차":80,
            "용적률점수":"--",
            "건폐율점수":"--",
            "세대당주차수":30,
            "난방방식":30,
            "공급면적":"--",
            "전용률":"--",
            "욕실수":100,
            "현관타입":100,
            "주거총점":43.5,
            "지역구공급총점":100.0,
            "역세권":80,
            "30분내 이동가능 거점":0,
            "1시간내 이동가능 거점":10,
            "교통총점":42.0,
            "백화점":100,
            "아울렛몰":0,
            "대형마트":100,
            "은행":100,
            "병원":0,
            "종합병원":100,
            "공원":0,
            "혐오시설":0,
            "인프라총점":75.0,
            "초등학군":89.99,
            "중학군":41.52,
            "학군총점":51.214,
            "인구수":24.34,
            "인구증감":-7.84,
            "인구총점":14.686,
            "일자리":10.73,
            "소득수준":54.24,
            "일자리총점":23.783,
            "가치 총점":55.0392,
            "매매실거래년":20211223.0,
            "매매실거래가":62200.0,
            "전세실거래년":20211002.0,
            "전세실거래가":27300.0,
            "전세가율":49.82,
            "장기전세가율평균":71.83,
            "전세가율거품지수":22.01,
            "검색코드":111912,
            "세대수":210.0,
            "준공년월":"2018-02-09",
            "준공년차":5.0,
            "가까운역이름":"온천장",
            "가까운역거리":279.9,
            "역세권여부":"역세권",
            "30분이내주요거점역":0,
            "30분거점역이름":"[]",
            "1시간이내주요거점역":1,
            "1시간거점역이름":"['하단']",
            "3km이내백화점수":1,
            "5km이내아울렛몰수":0,
            "1km이내대형먀트수":2,
            "500m이내은행수":5,
            "500m이내병원수":0,
            "5km이내대형병원수":4,
            "500m이내공원수":0,
            "3km이내혐오시설수":0,
            "초등학교학업성취도":89.99,
            "중학교학업성취도":67.8,
            "용적률":237,
            "건폐율":23,
            "Y":35.220306,
            "X":129.089516,
            "rank":11.0,
            "area_info":"29평(97.85), 34평(113.79)",
            "last_sales":"2021-12-23,62200.0,34평(113.79)",
            "rank_history":[
                [
                    "202202",
                    11
                ],
                [
                    "202201",
                    14
                ]
            ],
            "rank_gap":3
        },
        {
            "index":444,
            "아파트명":"장전삼정그린코아더베스트",
            "투자타입":"일반",
            "전용면적(m2)":"100.32",
            "전용면적(평)":"30평",
            "법정동주소":"부산시 금정구 장전동 646-8",
            "도로명주소":"부산시 금정구 식물원로9번길 15",
            "세대수":0,
            "입주년차":80,
            "용적률점수":"--",
            "건폐율점수":"--",
            "세대당주차수":30,
            "난방방식":30,
            "공급면적":"--",
            "전용률":"--",
            "욕실수":100,
            "현관타입":100,
            "주거총점":43.5,
            "지역구공급총점":100.0,
            "역세권":80,
            "30분내 이동가능 거점":0,
            "1시간내 이동가능 거점":10,
            "교통총점":42.0,
            "백화점":100,
            "아울렛몰":0,
            "대형마트":100,
            "은행":100,
            "병원":0,
            "종합병원":100,
            "공원":0,
            "혐오시설":0,
            "인프라총점":75.0,
            "초등학군":89.99,
            "중학군":41.52,
            "학군총점":51.214,
            "인구수":24.34,
            "인구증감":-7.84,
            "인구총점":14.686,
            "일자리":10.73,
            "소득수준":54.24,
            "일자리총점":23.783,
            "가치 총점":55.0392,
            "매매실거래년":20210802.0,
            "매매실거래가":63500.0,
            "전세실거래년":20220127.0,
            "전세실거래가":35000.0,
            "전세가율":66.04,
            "장기전세가율평균":71.83,
            "전세가율거품지수":5.79,
            "검색코드":111633,
            "세대수":280.0,
            "준공년월":"2018-12-21",
            "준공년차":5.0,
            "가까운역이름":"온천장",
            "가까운역거리":308.88,
            "역세권여부":"역세권",
            "30분이내주요거점역":0,
            "30분거점역이름":"[]",
            "1시간이내주요거점역":1,
            "1시간거점역이름":"['하단']",
            "3km이내백화점수":1,
            "5km이내아울렛몰수":0,
            "1km이내대형먀트수":2,
            "500m이내은행수":5,
            "500m이내병원수":0,
            "5km이내대형병원수":4,
            "500m이내공원수":0,
            "3km이내혐오시설수":0,
            "초등학교학업성취도":89.99,
            "중학교학업성취도":67.8,
            "용적률":801,
            "건폐율":41,
            "Y":35.223022,
            "X":129.086903,
            "rank":11.0,
            "area_info":"30평(100.32), 30평(100.32), 33평(112.3)",
            "last_sales":"2021-08-02,63500.0,33평(112.3)",
            "rank_history":[
                [
                    "202202",
                    11
                ],
                [
                    "202201",
                    12
                ]
            ],
            "rank_gap":1
        },
        {
            "index":451,
            "아파트명":"허브팰리스장전",
            "투자타입":"일반",
            "전용면적(m2)":"70.65",
            "전용면적(평)":"21평",
            "법정동주소":"부산시 금정구 장전동 607-7",
            "도로명주소":"부산시 금정구 식물원로9번길 10",
            "세대수":0,
            "입주년차":100,
            "용적률점수":"--",
            "건폐율점수":"--",
            "세대당주차수":0,
            "난방방식":30,
            "공급면적":"--",
            "전용률":"--",
            "욕실수":100,
            "현관타입":100,
            "주거총점":43.0,
            "지역구공급총점":100.0,
            "역세권":80,
            "30분내 이동가능 거점":0,
            "1시간내 이동가능 거점":10,
            "교통총점":42.0,
            "백화점":100,
            "아울렛몰":0,
            "대형마트":100,
            "은행":100,
            "병원":0,
            "종합병원":100,
            "공원":0,
            "혐오시설":0,
            "인프라총점":75.0,
            "초등학군":90.0,
            "중학군":41.52,
            "학군총점":51.216,
            "인구수":24.34,
            "인구증감":-7.84,
            "인구총점":14.686,
            "일자리":10.73,
            "소득수준":54.24,
            "일자리총점":23.783,
            "가치 총점":54.9148,
            "매매실거래년":20220122.0,
            "매매실거래가":40100.0,
            "전세실거래년":20220117.0,
            "전세실거래가":27000.0,
            "전세가율":85.99,
            "장기전세가율평균":71.83,
            "전세가율거품지수":-14.16,
            "검색코드":124364,
            "세대수":116.0,
            "준공년월":"2019-01-21",
            "준공년차":4.0,
            "가까운역이름":"온천장",
            "가까운역거리":378.57,
            "역세권여부":"역세권",
            "30분이내주요거점역":0,
            "30분거점역이름":"[]",
            "1시간이내주요거점역":1,
            "1시간거점역이름":"['하단']",
            "3km이내백화점수":1,
            "5km이내아울렛몰수":0,
            "1km이내대형먀트수":3,
            "500m이내은행수":5,
            "500m이내병원수":0,
            "5km이내대형병원수":4,
            "500m이내공원수":0,
            "3km이내혐오시설수":0,
            "초등학교학업성취도":90.0,
            "중학교학업성취도":67.8,
            "용적률":913,
            "건폐율":63,
            "Y":35.223675,
            "X":129.086394,
            "rank":12.0,
            "area_info":"21평(70.65), 28평(95.68), 30평(100.43)",
            "last_sales":"2022-01-22,40100.0,30평(100.43)",
            "rank_history":[
                [
                    "202202",
                    12
                ],
                [
                    "202201",
                    10
                ]
            ],
            "rank_gap":-2
        },
        {
            "index":84,
            "아파트명":"구서역두산위브포세이돈",
            "투자타입":"일반",
            "전용면적(m2)":"85.43",
            "전용면적(평)":"25평",
            "법정동주소":"부산시 금정구 구서동 1078",
            "도로명주소":"부산시 금정구 금정로233번길 63",
            "세대수":30,
            "입주년차":100,
            "용적률점수":"--",
            "건폐율점수":"--",
            "세대당주차수":30,
            "난방방식":30,
            "공급면적":"--",
            "전용률":"--",
            "욕실수":100,
            "현관타입":100,
            "주거총점":58.0,
            "지역구공급총점":100.0,
            "역세권":100,
            "30분내 이동가능 거점":0,
            "1시간내 이동가능 거점":10,
            "교통총점":52.0,
            "백화점":0,
            "아울렛몰":0,
            "대형마트":100,
            "은행":100,
            "병원":0,
            "종합병원":100,
            "공원":80,
            "혐오시설":0,
            "인프라총점":47.4,
            "초등학군":90.0,
            "중학군":51.98,
            "학군총점":59.584,
            "인구수":24.34,
            "인구증감":-7.84,
            "인구총점":14.686,
            "일자리":10.73,
            "소득수준":54.24,
            "일자리총점":23.783,
            "가치 총점":54.3952,
            "매매실거래년":20210329.0,
            "매매실거래가":50400.0,
            "전세실거래년":20211009.0,
            "전세실거래가":35000.0,
            "전세가율":83.36,
            "장기전세가율평균":71.83,
            "전세가율거품지수":-11.53,
            "검색코드":118202,
            "세대수":330.0,
            "준공년월":"2020-07-01",
            "준공년차":3.0,
            "가까운역이름":"구서",
            "가까운역거리":61.38,
            "역세권여부":"초역세권",
            "30분이내주요거점역":0,
            "30분거점역이름":"[]",
            "1시간이내주요거점역":1,
            "1시간거점역이름":"['하단']",
            "3km이내백화점수":0,
            "5km이내아울렛몰수":0,
            "1km이내대형먀트수":2,
            "500m이내은행수":5,
            "500m이내병원수":0,
            "5km이내대형병원수":2,
            "500m이내공원수":1,
            "3km이내혐오시설수":0,
            "초등학교학업성취도":90.0,
            "중학교학업성취도":83.1,
            "용적률":0,
            "건폐율":0,
            "Y":35.247488,
            "X":129.090661,
            "rank":13.0,
            "area_info":"25평(85.43), 25평(85.2), 26평(87.15), 31평(105.36), 32평(106.17), 32평(107.27), 37평(123.24), 37평(123.99), 37평(124.99), 37평(124.68), 37평(125.53)",
            "last_sales":"2021-03-29,50400.0,32평(107.27)",
            "rank_history":[
                [
                    "202202",
                    13
                ],
                [
                    "202201",
                    15
                ]
            ],
            "rank_gap":2
        },
        {
            "index":436,
            "아파트명":"온천장역삼정그린코아",
            "투자타입":"일반",
            "전용면적(m2)":"36.52",
            "전용면적(평)":"11평",
            "법정동주소":"부산시 금정구 장전동 652-45",
            "도로명주소":"부산시 금정구 온천장로 139",
            "세대수":0,
            "입주년차":80,
            "용적률점수":"--",
            "건폐율점수":"--",
            "세대당주차수":0,
            "난방방식":30,
            "공급면적":"--",
            "전용률":"--",
            "욕실수":50,
            "현관타입":100,
            "주거총점":34.0,
            "지역구공급총점":100.0,
            "역세권":80,
            "30분내 이동가능 거점":0,
            "1시간내 이동가능 거점":10,
            "교통총점":42.0,
            "백화점":100,
            "아울렛몰":0,
            "대형마트":100,
            "은행":70,
            "병원":0,
            "종합병원":100,
            "공원":0,
            "혐오시설":0,
            "인프라총점":72.0,
            "초등학군":90.0,
            "중학군":50.98,
            "학군총점":58.784,
            "인구수":24.34,
            "인구증감":-7.84,
            "인구총점":14.686,
            "일자리":10.73,
            "소득수준":54.24,
            "일자리총점":23.783,
            "가치 총점":54.0352,
            "매매실거래년":20211122.0,
            "매매실거래가":8000.0,
            "전세실거래년":20200122.0,
            "전세실거래가":8800.0,
            "전세가율":110.0,
            "장기전세가율평균":71.83,
            "전세가율거품지수":-38.17,
            "검색코드":106718,
            "세대수":246.0,
            "준공년월":"2014-12-16",
            "준공년차":9.0,
            "가까운역이름":"온천장",
            "가까운역거리":329.61,
            "역세권여부":"역세권",
            "30분이내주요거점역":0,
            "30분거점역이름":"[]",
            "1시간이내주요거점역":1,
            "1시간거점역이름":"['하단']",
            "3km이내백화점수":1,
            "5km이내아울렛몰수":0,
            "1km이내대형먀트수":2,
            "500m이내은행수":3,
            "500m이내병원수":0,
            "5km이내대형병원수":4,
            "500m이내공원수":0,
            "3km이내혐오시설수":0,
            "초등학교학업성취도":90.0,
            "중학교학업성취도":81.7,
            "용적률":979,
            "건폐율":59,
            "Y":35.223038,
            "X":129.085135,
            "rank":14.0,
            "area_info":"11평(36.52), 11평(36.52)",
            "last_sales":"2021-11-22,8000.0,11평(36.52)",
            "rank_history":[
                [
                    "202202",
                    14
                ],
                [
                    "202201",
                    18
                ]
            ],
            "rank_gap":4
        },
        {
            "index":210,
            "아파트명":"경남한신",
            "투자타입":"일반",
            "전용면적(m2)":"80.49",
            "전용면적(평)":"24평",
            "법정동주소":"부산시 금정구 부곡동 225-6",
            "도로명주소":"부산시 금정구 중앙대로1685번길 24",
            "세대수":90,
            "입주년차":0,
            "용적률점수":"--",
            "건폐율점수":"--",
            "세대당주차수":0,
            "난방방식":30,
            "공급면적":"--",
            "전용률":"--",
            "욕실수":50,
            "현관타입":10,
            "주거총점":40.5,
            "지역구공급총점":100.0,
            "역세권":50,
            "30분내 이동가능 거점":0,
            "1시간내 이동가능 거점":10,
            "교통총점":27.0,
            "백화점":100,
            "아울렛몰":0,
            "대형마트":100,
            "은행":20,
            "병원":0,
            "종합병원":100,
            "공원":80,
            "혐오시설":0,
            "인프라총점":69.4,
            "초등학군":90.04,
            "중학군":54.48,
            "학군총점":61.592,
            "인구수":24.34,
            "인구증감":-7.84,
            "인구총점":14.686,
            "일자리":10.73,
            "소득수준":54.24,
            "일자리총점":23.783,
            "가치 총점":53.4726,
            "매매실거래년":20211227.0,
            "매매실거래가":30400.0,
            "전세실거래년":20220125.0,
            "전세실거래가":21000.0,
            "전세가율":69.08,
            "장기전세가율평균":71.83,
            "전세가율거품지수":2.75,
            "검색코드":4138,
            "세대수":1408.0,
            "준공년월":"1995-03-30",
            "준공년차":28.0,
            "가까운역이름":"부산대",
            "가까운역거리":755.36,
            "역세권여부":"준역세권",
            "30분이내주요거점역":0,
            "30분거점역이름":"[]",
            "1시간이내주요거점역":1,
            "1시간거점역이름":"['하단']",
            "3km이내백화점수":1,
            "5km이내아울렛몰수":0,
            "1km이내대형먀트수":2,
            "500m이내은행수":2,
            "500m이내병원수":0,
            "5km이내대형병원수":3,
            "500m이내공원수":1,
            "3km이내혐오시설수":0,
            "초등학교학업성취도":90.04,
            "중학교학업성취도":88.2,
            "용적률":391,
            "건폐율":22,
            "Y":35.236435,
            "X":129.089818,
            "rank":15.0,
            "area_info":"24평(80.49), 31평(104.32), 42평(140.36), 48평(159.9), 60평(198.52)",
            "last_sales":"2021-12-27,30400.0,24평(80.49)",
            "rank_history":[
                [
                    "202202",
                    15
                ],
                [
                    "202201",
                    13
                ]
            ],
            "rank_gap":-2
        },
        {
            "index":286,
            "아파트명":"부곡엘지",
            "투자타입":"일반",
            "전용면적(m2)":"104.51",
            "전용면적(평)":"31평",
            "법정동주소":"부산시 금정구 부곡동 296-6",
            "도로명주소":"부산시 금정구 부곡로 125",
            "세대수":0,
            "입주년차":20,
            "용적률점수":"--",
            "건폐율점수":"--",
            "세대당주차수":30,
            "난방방식":30,
            "공급면적":"--",
            "전용률":"--",
            "욕실수":100,
            "현관타입":100,
            "주거총점":31.5,
            "지역구공급총점":100.0,
            "역세권":80,
            "30분내 이동가능 거점":0,
            "1시간내 이동가능 거점":10,
            "교통총점":42.0,
            "백화점":100,
            "아울렛몰":0,
            "대형마트":100,
            "은행":20,
            "병원":0,
            "종합병원":100,
            "공원":100,
            "혐오시설":0,
            "인프라총점":70.0,
            "초등학군":89.98,
            "중학군":53.32,
            "학군총점":60.652,
            "인구수":24.34,
            "인구증감":-7.84,
            "인구총점":14.686,
            "일자리":10.73,
            "소득수준":54.24,
            "일자리총점":23.783,
            "가치 총점":53.3706,
            "매매실거래년":20210807.0,
            "매매실거래가":45500.0,
            "전세실거래년":20190209.0,
            "전세실거래가":24000.0,
            "전세가율":52.75,
            "장기전세가율평균":71.83,
            "전세가율거품지수":19.08,
            "검색코드":4118,
            "세대수":134.0,
            "준공년월":"1999-09-21",
            "준공년차":24.0,
            "가까운역이름":"부산대",
            "가까운역거리":297.13,
            "역세권여부":"역세권",
            "30분이내주요거점역":0,
            "30분거점역이름":"[]",
            "1시간이내주요거점역":1,
            "1시간거점역이름":"['하단']",
            "3km이내백화점수":1,
            "5km이내아울렛몰수":0,
            "1km이내대형먀트수":3,
            "500m이내은행수":2,
            "500m이내병원수":0,
            "5km이내대형병원수":3,
            "500m이내공원수":2,
            "3km이내혐오시설수":0,
            "초등학교학업성취도":89.98,
            "중학교학업성취도":84.8,
            "용적률":193,
            "건폐율":28,
            "Y":35.2274,
            "X":129.091191,
            "rank":16.0,
            "area_info":"31평(104.51), 45평(150.52)",
            "last_sales":"2021-08-07,45500.0,31평(104.51)",
            "rank_history":[
                [
                    "202202",
                    16
                ],
                [
                    "202201",
                    17
                ]
            ],
            "rank_gap":1
        },
        {
            "index":330,
            "아파트명":"한보",
            "투자타입":"일반",
            "전용면적(m2)":"72.26",
            "전용면적(평)":"21평",
            "법정동주소":"부산시 금정구 부곡동 403-9",
            "도로명주소":"부산시 금정구 동부곡로15번길 110",
            "세대수":0,
            "입주년차":40,
            "용적률점수":"--",
            "건폐율점수":"--",
            "세대당주차수":0,
            "난방방식":30,
            "공급면적":"--",
            "전용률":"--",
            "욕실수":50,
            "현관타입":100,
            "주거총점":26.0,
            "지역구공급총점":100.0,
            "역세권":80,
            "30분내 이동가능 거점":0,
            "1시간내 이동가능 거점":10,
            "교통총점":42.0,
            "백화점":100,
            "아울렛몰":0,
            "대형마트":100,
            "은행":0,
            "병원":0,
            "종합병원":100,
            "공원":100,
            "혐오시설":0,
            "인프라총점":68.0,
            "초등학군":90.04,
            "중학군":57.06,
            "학군총점":63.656,
            "인구수":24.34,
            "인구증감":-7.84,
            "인구총점":14.686,
            "일자리":10.73,
            "소득수준":54.24,
            "일자리총점":23.783,
            "가치 총점":52.2968,
            "매매실거래년":20210930.0,
            "매매실거래가":21500.0,
            "전세실거래년":null,
            "전세실거래가":null,
            "전세가율":null,
            "장기전세가율평균":71.83,
            "전세가율거품지수":null,
            "검색코드":4129,
            "세대수":153.0,
            "준공년월":"2007-08-06",
            "준공년차":16.0,
            "가까운역이름":"부산대",
            "가까운역거리":490.43,
            "역세권여부":"역세권",
            "30분이내주요거점역":0,
            "30분거점역이름":"[]",
            "1시간이내주요거점역":1,
            "1시간거점역이름":"['하단']",
            "3km이내백화점수":1,
            "5km이내아울렛몰수":0,
            "1km이내대형먀트수":2,
            "500m이내은행수":0,
            "500m이내병원수":0,
            "5km이내대형병원수":3,
            "500m이내공원수":2,
            "3km이내혐오시설수":0,
            "초등학교학업성취도":90.04,
            "중학교학업성취도":93.3,
            "용적률":0,
            "건폐율":0,
            "Y":35.230939,
            "X":129.094589,
            "rank":17.0,
            "area_info":"21평(72.26), 25평(84.55), 26평(87.17), 27평(90.01), 27평(92.52), 30평(101.51)",
            "last_sales":"2021-09-30,21500.0,30평(101.51)",
            "rank_history":[
                [
                    "202202",
                    17
                ],
                [
                    "202201",
                    26
                ]
            ],
            "rank_gap":9
        },
        {
            "index":313,
            "아파트명":"우신뉴타운",
            "투자타입":"일반",
            "전용면적(m2)":"81.95",
            "전용면적(평)":"24평",
            "법정동주소":"부산시 금정구 부곡동 235-5",
            "도로명주소":"부산시 금정구 중앙대로1667번길 8",
            "세대수":50,
            "입주년차":0,
            "용적률점수":"--",
            "건폐율점수":"--",
            "세대당주차수":0,
            "난방방식":30,
            "공급면적":"--",
            "전용률":"--",
            "욕실수":50,
            "현관타입":100,
            "주거총점":35.5,
            "지역구공급총점":100.0,
            "역세권":50,
            "30분내 이동가능 거점":0,
            "1시간내 이동가능 거점":10,
            "교통총점":27.0,
            "백화점":100,
            "아울렛몰":0,
            "대형마트":100,
            "은행":20,
            "병원":0,
            "종합병원":100,
            "공원":80,
            "혐오시설":0,
            "인프라총점":69.4,
            "초등학군":90.04,
            "중학군":54.48,
            "학군총점":61.592,
            "인구수":24.34,
            "인구증감":-7.84,
            "인구총점":14.686,
            "일자리":10.73,
            "소득수준":54.24,
            "일자리총점":23.783,
            "가치 총점":52.2226,
            "매매실거래년":20220106.0,
            "매매실거래가":30500.0,
            "전세실거래년":20211228.0,
            "전세실거래가":24000.0,
            "전세가율":78.69,
            "장기전세가율평균":71.83,
            "전세가율거품지수":-6.86,
            "검색코드":4206,
            "세대수":552.0,
            "준공년월":"1995-04-03",
            "준공년차":28.0,
            "가까운역이름":"부산대",
            "가까운역거리":522.46,
            "역세권여부":"준역세권",
            "30분이내주요거점역":0,
            "30분거점역이름":"[]",
            "1시간이내주요거점역":1,
            "1시간거점역이름":"['하단']",
            "3km이내백화점수":1,
            "5km이내아울렛몰수":0,
            "1km이내대형먀트수":3,
            "500m이내은행수":2,
            "500m이내병원수":0,
            "5km이내대형병원수":3,
            "500m이내공원수":1,
            "3km이내혐오시설수":0,
            "초등학교학업성취도":90.04,
            "중학교학업성취도":88.2,
            "용적률":379,
            "건폐율":0,
            "Y":35.234247,
            "X":129.090612,
            "rank":18.0,
            "area_info":"24평(81.95), 32평(107.08), 48평(159.63), 64평(213.13)",
            "last_sales":"2022-01-06,30500.0,24평(81.95)",
            "rank_history":[
                [
                    "202202",
                    18
                ],
                [
                    "202201",
                    16
                ]
            ],
            "rank_gap":-2
        },
        {
            "index":3,
            "아파트명":"구서SK뷰1단지",
            "투자타입":"일반",
            "전용면적(m2)":"85.32",
            "전용면적(평)":"25평",
            "법정동주소":"부산시 금정구 구서동 1074",
            "도로명주소":"부산시 금정구 금샘로246번길 18",
            "세대수":50,
            "입주년차":80,
            "용적률점수":"--",
            "건폐율점수":"--",
            "세대당주차수":30,
            "난방방식":30,
            "공급면적":"--",
            "전용률":"--",
            "욕실수":100,
            "현관타입":100,
            "주거총점":61.0,
            "지역구공급총점":100.0,
            "역세권":50,
            "30분내 이동가능 거점":0,
            "1시간내 이동가능 거점":10,
            "교통총점":27.0,
            "백화점":0,
            "아울렛몰":0,
            "대형마트":100,
            "은행":70,
            "병원":0,
            "종합병원":100,
            "공원":80,
            "혐오시설":0,
            "인프라총점":44.4,
            "초등학군":90.0,
            "중학군":57.06,
            "학군총점":63.648,
            "인구수":24.34,
            "인구증감":-7.84,
            "인구총점":14.686,
            "일자리":10.73,
            "소득수준":54.24,
            "일자리총점":23.783,
            "가치 총점":51.7144,
            "매매실거래년":20211025.0,
            "매매실거래가":105000.0,
            "전세실거래년":20220124.0,
            "전세실거래가":36000.0,
            "전세가율":63.16,
            "장기전세가율평균":71.83,
            "전세가율거품지수":8.67,
            "검색코드":108245,
            "세대수":532.0,
            "준공년월":"2016-08-18",
            "준공년차":7.0,
            "가까운역이름":"구서",
            "가까운역거리":564.29,
            "역세권여부":"준역세권",
            "30분이내주요거점역":0,
            "30분거점역이름":"[]",
            "1시간이내주요거점역":1,
            "1시간거점역이름":"['하단']",
            "3km이내백화점수":0,
            "5km이내아울렛몰수":0,
            "1km이내대형먀트수":2,
            "500m이내은행수":4,
            "500m이내병원수":0,
            "5km이내대형병원수":2,
            "500m이내공원수":1,
            "3km이내혐오시설수":0,
            "초등학교학업성취도":90.0,
            "중학교학업성취도":90.9,
            "용적률":277,
            "건폐율":25,
            "Y":35.244745,
            "X":129.085907,
            "rank":19.0,
            "area_info":"25평(85.32), 25평(85.48), 33평(111.95), 33평(111.07), 33평(111.44), 39평(132.02), 39평(132.02), 41평(137.06), 41평(137.08), 45평(149.23), 45평(151.64)",
            "last_sales":"2021-10-25,105000.0,45평(149.23)",
            "rank_history":[
                [
                    "202202",
                    19
                ],
                [
                    "202201",
                    19
                ]
            ],
            "rank_gap":0
        },
        {
            "index":295,
            "아파트명":"부산대역삼정그린코아스카이(도시형)",
            "투자타입":"일반",
            "전용면적(m2)":"30.85",
            "전용면적(평)":"9평",
            "법정동주소":"부산시 금정구 부곡동 297-1",
            "도로명주소":"부산시 금정구 중앙대로 1616",
            "세대수":0,
            "입주년차":60,
            "용적률점수":"--",
            "건폐율점수":"--",
            "세대당주차수":0,
            "난방방식":30,
            "공급면적":"--",
            "전용률":"--",
            "욕실수":50,
            "현관타입":10,
            "주거총점":21.0,
            "지역구공급총점":100.0,
            "역세권":80,
            "30분내 이동가능 거점":0,
            "1시간내 이동가능 거점":10,
            "교통총점":42.0,
            "백화점":100,
            "아울렛몰":0,
            "대형마트":100,
            "은행":0,
            "병원":0,
            "종합병원":100,
            "공원":100,
            "혐오시설":0,
            "인프라총점":68.0,
            "초등학군":89.98,
            "중학군":57.06,
            "학군총점":63.644,
            "인구수":24.34,
            "인구증감":-7.84,
            "인구총점":14.686,
            "일자리":10.73,
            "소득수준":54.24,
            "일자리총점":23.783,
            "가치 총점":51.0432,
            "매매실거래년":20211217.0,
            "매매실거래가":9000.0,
            "전세실거래년":20160126.0,
            "전세실거래가":7500.0,
            "전세가율":83.33,
            "장기전세가율평균":71.83,
            "전세가율거품지수":-11.5,
            "검색코드":103907,
            "세대수":149.0,
            "준공년월":"2013-04-23",
            "준공년차":10.0,
            "가까운역이름":"부산대",
            "가까운역거리":172.18,
            "역세권여부":"역세권",
            "30분이내주요거점역":0,
            "30분거점역이름":"[]",
            "1시간이내주요거점역":1,
            "1시간거점역이름":"['하단']",
            "3km이내백화점수":1,
            "5km이내아울렛몰수":0,
            "1km이내대형먀트수":3,
            "500m이내은행수":1,
            "500m이내병원수":0,
            "5km이내대형병원수":3,
            "500m이내공원수":2,
            "3km이내혐오시설수":0,
            "초등학교학업성취도":89.98,
            "중학교학업성취도":93.3,
            "용적률":980,
            "건폐율":59,
            "Y":35.228736,
            "X":129.090956,
            "rank":20.0,
            "area_info":"9평(30.85), 10평(36.11), 18평(61.71)",
            "last_sales":"2021-12-17,9000.0,9평(30.85)",
            "rank_history":[
                [
                    "202202",
                    20
                ],
                [
                    "202201",
                    22
                ]
            ],
            "rank_gap":2
        },
        {
            "index":292,
            "아파트명":"부산대역삼정그린코아마운틴(도시형)",
            "투자타입":"일반",
            "전용면적(m2)":"30.88",
            "전용면적(평)":"9평",
            "법정동주소":"부산시 금정구 부곡동 297-13",
            "도로명주소":"부산시 금정구 중앙대로 1614",
            "세대수":0,
            "입주년차":60,
            "용적률점수":"--",
            "건폐율점수":"--",
            "세대당주차수":0,
            "난방방식":30,
            "공급면적":"--",
            "전용률":"--",
            "욕실수":50,
            "현관타입":10,
            "주거총점":21.0,
            "지역구공급총점":100.0,
            "역세권":80,
            "30분내 이동가능 거점":0,
            "1시간내 이동가능 거점":10,
            "교통총점":42.0,
            "백화점":100,
            "아울렛몰":0,
            "대형마트":100,
            "은행":0,
            "병원":0,
            "종합병원":100,
            "공원":100,
            "혐오시설":0,
            "인프라총점":68.0,
            "초등학군":89.98,
            "중학군":57.06,
            "학군총점":63.644,
            "인구수":24.34,
            "인구증감":-7.84,
            "인구총점":14.686,
            "일자리":10.73,
            "소득수준":54.24,
            "일자리총점":23.783,
            "가치 총점":51.0432,
            "매매실거래년":20220119.0,
            "매매실거래가":9200.0,
            "전세실거래년":20211230.0,
            "전세실거래가":8000.0,
            "전세가율":86.96,
            "장기전세가율평균":71.83,
            "전세가율거품지수":-15.13,
            "검색코드":103905,
            "세대수":149.0,
            "준공년월":"2013-04-23",
            "준공년차":10.0,
            "가까운역이름":"부산대",
            "가까운역거리":184.71,
            "역세권여부":"역세권",
            "30분이내주요거점역":0,
            "30분거점역이름":"[]",
            "1시간이내주요거점역":1,
            "1시간거점역이름":"['하단']",
            "3km이내백화점수":1,
            "5km이내아울렛몰수":0,
            "1km이내대형먀트수":3,
            "500m이내은행수":1,
            "500m이내병원수":0,
            "5km이내대형병원수":3,
            "500m이내공원수":2,
            "3km이내혐오시설수":0,
            "초등학교학업성취도":89.98,
            "중학교학업성취도":93.3,
            "용적률":983,
            "건폐율":59,
            "Y":35.228449,
            "X":129.090831,
            "rank":20.0,
            "area_info":"9평(30.88), 10평(36.14), 18평(61.76)",
            "last_sales":"2022-01-19,9200.0,9평(30.88)",
            "rank_history":[
                [
                    "202202",
                    20
                ],
                [
                    "202201",
                    21
                ]
            ],
            "rank_gap":1
        },
        {
            "index":385,
            "아파트명":"금정산쌍용예가",
            "투자타입":"일반",
            "전용면적(m2)":"97.7",
            "전용면적(평)":"29평",
            "법정동주소":"부산시 금정구 장전동 732",
            "도로명주소":"부산시 금정구 금강로379번길 50",
            "세대수":50,
            "입주년차":60,
            "용적률점수":"--",
            "건폐율점수":"--",
            "세대당주차수":30,
            "난방방식":30,
            "공급면적":"--",
            "전용률":"--",
            "욕실수":100,
            "현관타입":100,
            "주거총점":57.0,
            "지역구공급총점":100.0,
            "역세권":50,
            "30분내 이동가능 거점":0,
            "1시간내 이동가능 거점":10,
            "교통총점":27.0,
            "백화점":0,
            "아울렛몰":0,
            "대형마트":100,
            "은행":70,
            "병원":0,
            "종합병원":100,
            "공원":80,
            "혐오시설":0,
            "인프라총점":44.4,
            "초등학군":89.98,
            "중학군":57.06,
            "학군총점":63.644,
            "인구수":24.34,
            "인구증감":-7.84,
            "인구총점":14.686,
            "일자리":10.73,
            "소득수준":54.24,
            "일자리총점":23.783,
            "가치 총점":50.7132,
            "매매실거래년":20210710.0,
            "매매실거래가":88000.0,
            "전세실거래년":20210406.0,
            "전세실거래가":33000.0,
            "전세가율":61.68,
            "장기전세가율평균":71.83,
            "전세가율거품지수":10.15,
            "검색코드":101742,
            "세대수":514.0,
            "준공년월":"2012-10-30",
            "준공년차":11.0,
            "가까운역이름":"구서",
            "가까운역거리":789.12,
            "역세권여부":"준역세권",
            "30분이내주요거점역":0,
            "30분거점역이름":"[]",
            "1시간이내주요거점역":1,
            "1시간거점역이름":"['하단']",
            "3km이내백화점수":0,
            "5km이내아울렛몰수":0,
            "1km이내대형먀트수":2,
            "500m이내은행수":4,
            "500m이내병원수":0,
            "5km이내대형병원수":2,
            "500m이내공원수":1,
            "3km이내혐오시설수":0,
            "초등학교학업성취도":89.98,
            "중학교학업성취도":90.9,
            "용적률":267,
            "건폐율":17,
            "Y":35.24291,
            "X":129.084444,
            "rank":21.0,
            "area_info":"29평(97.7), 33평(111.51), 33평(111.32), 33평(112.06), 45평(149.92)",
            "last_sales":"2021-07-10,88000.0,45평(149.92)",
            "rank_history":[
                [
                    "202202",
                    21
                ],
                [
                    "202201",
                    23
                ]
            ],
            "rank_gap":2
        },
        {
            "index":375,
            "아파트명":"경보",
            "투자타입":"일반",
            "전용면적(m2)":"76.46",
            "전용면적(평)":"23평",
            "법정동주소":"부산시 금정구 장전동 581",
            "도로명주소":"부산시 금정구 식물원로75번길 33",
            "세대수":30,
            "입주년차":0,
            "용적률점수":"--",
            "건폐율점수":"--",
            "세대당주차수":30,
            "난방방식":30,
            "공급면적":"--",
            "전용률":"--",
            "욕실수":50,
            "현관타입":100,
            "주거총점":33.0,
            "지역구공급총점":100.0,
            "역세권":50,
            "30분내 이동가능 거점":0,
            "1시간내 이동가능 거점":10,
            "교통총점":27.0,
            "백화점":100,
            "아울렛몰":0,
            "대형마트":100,
            "은행":0,
            "병원":0,
            "종합병원":100,
            "공원":0,
            "혐오시설":0,
            "인프라총점":65.0,
            "초등학군":90.0,
            "중학군":52.3,
            "학군총점":59.84,
            "인구수":24.34,
            "인구증감":-7.84,
            "인구총점":14.686,
            "일자리":10.73,
            "소득수준":54.24,
            "일자리총점":23.783,
            "가치 총점":49.752,
            "매매실거래년":20211012.0,
            "매매실거래가":37000.0,
            "전세실거래년":20211230.0,
            "전세실거래가":22000.0,
            "전세가율":92.05,
            "장기전세가율평균":71.83,
            "전세가율거품지수":-20.22,
            "검색코드":11954,
            "세대수":333.0,
            "준공년월":"1997-05-29",
            "준공년차":26.0,
            "가까운역이름":"온천장",
            "가까운역거리":736.37,
            "역세권여부":"준역세권",
            "30분이내주요거점역":0,
            "30분거점역이름":"[]",
            "1시간이내주요거점역":1,
            "1시간거점역이름":"['하단']",
            "3km이내백화점수":1,
            "5km이내아울렛몰수":0,
            "1km이내대형먀트수":3,
            "500m이내은행수":1,
            "500m이내병원수":0,
            "5km이내대형병원수":4,
            "500m이내공원수":0,
            "3km이내혐오시설수":0,
            "초등학교학업성취도":90.0,
            "중학교학업성취도":86.1,
            "용적률":390,
            "건폐율":25,
            "Y":35.225184,
            "X":129.081,
            "rank":22.0,
            "area_info":"23평(76.46), 23평(76.29), 23평(76.32), 31평(104.89), 32평(106.53), 32평(108.03), 32평(108.24), 47평(157.69), 60평(200.29), 62평(205.7)",
            "last_sales":"2021-10-12,37000.0,60평(200.29)",
            "rank_history":[
                [
                    "202202",
                    22
                ],
                [
                    "202201",
                    20
                ]
            ],
            "rank_gap":-2
        },
        {
            "index":449,
            "아파트명":"장전현대2차",
            "투자타입":"일반",
            "전용면적(m2)":"77.88",
            "전용면적(평)":"23평",
            "법정동주소":"부산시 금정구 장전동 269-3",
            "도로명주소":"부산시 금정구 금강로279번길 61",
            "세대수":0,
            "입주년차":0,
            "용적률점수":"--",
            "건폐율점수":"--",
            "세대당주차수":0,
            "난방방식":30,
            "공급면적":"--",
            "전용률":"--",
            "욕실수":50,
            "현관타입":100,
            "주거총점":18.0,
            "지역구공급총점":100.0,
            "역세권":50,
            "30분내 이동가능 거점":0,
            "1시간내 이동가능 거점":10,
            "교통총점":27.0,
            "백화점":100,
            "아울렛몰":0,
            "대형마트":100,
            "은행":70,
            "병원":0,
            "종합병원":100,
            "공원":80,
            "혐오시설":0,
            "인프라총점":74.4,
            "초등학군":89.98,
            "중학군":52.3,
            "학군총점":59.836,
            "인구수":24.34,
            "인구증감":-7.84,
            "인구총점":14.686,
            "일자리":10.73,
            "소득수준":54.24,
            "일자리총점":23.783,
            "가치 총점":48.8208,
            "매매실거래년":20211223.0,
            "매매실거래가":30500.0,
            "전세실거래년":20211215.0,
            "전세실거래가":20000.0,
            "전세가율":89.69,
            "장기전세가율평균":71.83,
            "전세가율거품지수":-17.86,
            "검색코드":4274,
            "세대수":247.0,
            "준공년월":"1998-06-18",
            "준공년차":25.0,
            "가까운역이름":"부산대",
            "가까운역거리":799.89,
            "역세권여부":"준역세권",
            "30분이내주요거점역":0,
            "30분거점역이름":"[]",
            "1시간이내주요거점역":1,
            "1시간거점역이름":"['하단']",
            "3km이내백화점수":1,
            "5km이내아울렛몰수":0,
            "1km이내대형먀트수":2,
            "500m이내은행수":3,
            "500m이내병원수":0,
            "5km이내대형병원수":3,
            "500m이내공원수":1,
            "3km이내혐오시설수":0,
            "초등학교학업성취도":89.98,
            "중학교학업성취도":86.1,
            "용적률":293,
            "건폐율":27,
            "Y":35.234915,
            "X":129.083425,
            "rank":23.0,
            "area_info":"23평(77.88), 33평(110.05)",
            "last_sales":"2021-12-23,30500.0,33평(110.05)",
            "rank_history":[
                [
                    "202202",
                    23
                ],
                [
                    "202201",
                    24
                ]
            ],
            "rank_gap":1
        },
        {
            "index":390,
            "아파트명":"금정산쌍용예가2차",
            "투자타입":"일반",
            "전용면적(m2)":"100.08",
            "전용면적(평)":"30평",
            "법정동주소":"부산시 금정구 장전동 739",
            "도로명주소":"부산시 금정구 수림로72번길 21",
            "세대수":50,
            "입주년차":80,
            "용적률점수":"--",
            "건폐율점수":"--",
            "세대당주차수":30,
            "난방방식":30,
            "공급면적":"--",
            "전용률":"--",
            "욕실수":100,
            "현관타입":100,
            "주거총점":61.0,
            "지역구공급총점":100.0,
            "역세권":50,
            "30분내 이동가능 거점":0,
            "1시간내 이동가능 거점":10,
            "교통총점":27.0,
            "백화점":0,
            "아울렛몰":0,
            "대형마트":80,
            "은행":0,
            "병원":0,
            "종합병원":100,
            "공원":80,
            "혐오시설":0,
            "인프라총점":34.4,
            "초등학군":89.98,
            "중학군":57.06,
            "학군총점":63.644,
            "인구수":24.34,
            "인구증감":-7.84,
            "인구총점":14.686,
            "일자리":10.73,
            "소득수준":54.24,
            "일자리총점":23.783,
            "가치 총점":48.7132,
            "매매실거래년":20211218.0,
            "매매실거래가":60000.0,
            "전세실거래년":20210205.0,
            "전세실거래가":40000.0,
            "전세가율":66.67,
            "장기전세가율평균":71.83,
            "전세가율거품지수":5.16,
            "검색코드":103264,
            "세대수":565.0,
            "준공년월":"2014-05-27",
            "준공년차":9.0,
            "가까운역이름":"구서",
            "가까운역거리":921.69,
            "역세권여부":"준역세권",
            "30분이내주요거점역":0,
            "30분거점역이름":"[]",
            "1시간이내주요거점역":1,
            "1시간거점역이름":"['하단']",
            "3km이내백화점수":0,
            "5km이내아울렛몰수":0,
            "1km이내대형먀트수":1,
            "500m이내은행수":1,
            "500m이내병원수":0,
            "5km이내대형병원수":2,
            "500m이내공원수":1,
            "3km이내혐오시설수":0,
            "초등학교학업성취도":89.98,
            "중학교학업성취도":90.9,
            "용적률":292,
            "건폐율":18,
            "Y":35.241535,
            "X":129.083975,
            "rank":24.0,
            "area_info":"30평(100.08), 33평(111.18), 33평(111.65)",
            "last_sales":"2021-12-18,60000.0,30평(100.08)",
            "rank_history":[
                [
                    "202202",
                    24
                ],
                [
                    "202201",
                    44
                ]
            ],
            "rank_gap":20
        },
        {
            "index":215,
            "아파트명":"경보온천타워",
            "투자타입":"일반",
            "전용면적(m2)":"79.19",
            "전용면적(평)":"23평",
            "법정동주소":"부산시 금정구 부곡동 391-2",
            "도로명주소":"부산시 금정구 오시게로54번길 14",
            "세대수":0,
            "입주년차":0,
            "용적률점수":"--",
            "건폐율점수":"--",
            "세대당주차수":0,
            "난방방식":30,
            "공급면적":"--",
            "전용률":"--",
            "욕실수":50,
            "현관타입":100,
            "주거총점":18.0,
            "지역구공급총점":100.0,
            "역세권":80,
            "30분내 이동가능 거점":0,
            "1시간내 이동가능 거점":10,
            "교통총점":42.0,
            "백화점":100,
            "아울렛몰":0,
            "대형마트":100,
            "은행":100,
            "병원":0,
            "종합병원":100,
            "공원":0,
            "혐오시설":0,
            "인프라총점":75.0,
            "초등학군":89.99,
            "중학군":41.52,
            "학군총점":51.214,
            "인구수":24.34,
            "인구증감":-7.84,
            "인구총점":14.686,
            "일자리":10.73,
            "소득수준":54.24,
            "일자리총점":23.783,
            "가치 총점":48.6642,
            "매매실거래년":20211002.0,
            "매매실거래가":44800.0,
            "전세실거래년":20210923.0,
            "전세실거래가":25000.0,
            "전세가율":113.64,
            "장기전세가율평균":71.83,
            "전세가율거품지수":-41.81,
            "검색코드":4143,
            "세대수":192.0,
            "준공년월":"1994-05-16",
            "준공년차":29.0,
            "가까운역이름":"온천장",
            "가까운역거리":212.43,
            "역세권여부":"역세권",
            "30분이내주요거점역":0,
            "30분거점역이름":"[]",
            "1시간이내주요거점역":1,
            "1시간거점역이름":"['하단']",
            "3km이내백화점수":1,
            "5km이내아울렛몰수":0,
            "1km이내대형먀트수":2,
            "500m이내은행수":5,
            "500m이내병원수":0,
            "5km이내대형병원수":4,
            "500m이내공원수":0,
            "3km이내혐오시설수":0,
            "초등학교학업성취도":89.99,
            "중학교학업성취도":67.8,
            "용적률":384,
            "건폐율":29,
            "Y":35.221523,
            "X":129.088201,
            "rank":25.0,
            "area_info":"23평(79.19), 24평(81.44), 32평(105.84)",
            "last_sales":"2021-10-02,44800.0,32평(105.84)",
            "rank_history":[
                [
                    "202202",
                    25
                ],
                [
                    "202201",
                    31
                ]
            ],
            "rank_gap":6
        },
        {
            "index":218,
            "아파트명":"국제그린",
            "투자타입":"일반",
            "전용면적(m2)":"74.77",
            "전용면적(평)":"22평",
            "법정동주소":"부산시 금정구 부곡동 788-78",
            "도로명주소":"부산시 금정구 부곡로18번길 24",
            "세대수":0,
            "입주년차":0,
            "용적률점수":"--",
            "건폐율점수":"--",
            "세대당주차수":0,
            "난방방식":30,
            "공급면적":"--",
            "전용률":"--",
            "욕실수":50,
            "현관타입":100,
            "주거총점":18.0,
            "지역구공급총점":100.0,
            "역세권":80,
            "30분내 이동가능 거점":0,
            "1시간내 이동가능 거점":10,
            "교통총점":42.0,
            "백화점":100,
            "아울렛몰":0,
            "대형마트":100,
            "은행":20,
            "병원":0,
            "종합병원":100,
            "공원":0,
            "혐오시설":0,
            "인프라총점":67.0,
            "초등학군":90.01,
            "중학군":50.98,
            "학군총점":58.786,
            "인구수":24.34,
            "인구증감":-7.84,
            "인구총점":14.686,
            "일자리":10.73,
            "소득수준":54.24,
            "일자리총점":23.783,
            "가치 총점":48.5358,
            "매매실거래년":20211023.0,
            "매매실거래가":17800.0,
            "전세실거래년":20190518.0,
            "전세실거래가":14000.0,
            "전세가율":78.65,
            "장기전세가율평균":71.83,
            "전세가율거품지수":-6.82,
            "검색코드":4146,
            "세대수":122.0,
            "준공년월":"1996-02-29",
            "준공년차":27.0,
            "가까운역이름":"온천장",
            "가까운역거리":335.04,
            "역세권여부":"역세권",
            "30분이내주요거점역":0,
            "30분거점역이름":"[]",
            "1시간이내주요거점역":1,
            "1시간거점역이름":"['하단']",
            "3km이내백화점수":1,
            "5km이내아울렛몰수":0,
            "1km이내대형먀트수":2,
            "500m이내은행수":2,
            "500m이내병원수":0,
            "5km이내대형병원수":4,
            "500m이내공원수":0,
            "3km이내혐오시설수":0,
            "초등학교학업성취도":90.01,
            "중학교학업성취도":81.7,
            "용적률":269,
            "건폐율":23,
            "Y":35.217975,
            "X":129.088824,
            "rank":26.0,
            "area_info":"22평(74.77), 29평(96.82), 31평(102.88)",
            "last_sales":"2021-10-23,17800.0,22평(74.77)",
            "rank_history":[
                [
                    "202202",
                    26
                ],
                [
                    "202201",
                    40
                ]
            ],
            "rank_gap":14
        },
        {
            "index":307,
            "아파트명":"영풍마드레빌",
            "투자타입":"일반",
            "전용면적(m2)":"47.51",
            "전용면적(평)":"14평",
            "법정동주소":"부산시 금정구 부곡동 232-5",
            "도로명주소":"부산시 금정구 기찰로 42",
            "세대수":0,
            "입주년차":20,
            "용적률점수":"--",
            "건폐율점수":"--",
            "세대당주차수":0,
            "난방방식":30,
            "공급면적":"--",
            "전용률":"--",
            "욕실수":50,
            "현관타입":100,
            "주거총점":22.0,
            "지역구공급총점":100.0,
            "역세권":50,
            "30분내 이동가능 거점":0,
            "1시간내 이동가능 거점":10,
            "교통총점":27.0,
            "백화점":100,
            "아울렛몰":0,
            "대형마트":100,
            "은행":0,
            "병원":0,
            "종합병원":100,
            "공원":80,
            "혐오시설":0,
            "인프라총점":67.4,
            "초등학군":90.04,
            "중학군":54.48,
            "학군총점":61.592,
            "인구수":24.34,
            "인구증감":-7.84,
            "인구총점":14.686,
            "일자리":10.73,
            "소득수준":54.24,
            "일자리총점":23.783,
            "가치 총점":48.2476,
            "매매실거래년":20211123.0,
            "매매실거래가":36800.0,
            "전세실거래년":null,
            "전세실거래가":null,
            "전세가율":null,
            "장기전세가율평균":71.83,
            "전세가율거품지수":null,
            "검색코드":10070,
            "세대수":153.0,
            "준공년월":"2003-11-11",
            "준공년차":20.0,
            "가까운역이름":"부산대",
            "가까운역거리":683.09,
            "역세권여부":"준역세권",
            "30분이내주요거점역":0,
            "30분거점역이름":"[]",
            "1시간이내주요거점역":1,
            "1시간거점역이름":"['하단']",
            "3km이내백화점수":1,
            "5km이내아울렛몰수":0,
            "1km이내대형먀트수":3,
            "500m이내은행수":1,
            "500m이내병원수":0,
            "5km이내대형병원수":3,
            "500m이내공원수":1,
            "3km이내혐오시설수":0,
            "초등학교학업성취도":90.04,
            "중학교학업성취도":88.2,
            "용적률":236,
            "건폐율":17,
            "Y":35.234825,
            "X":129.093477,
            "rank":27.0,
            "area_info":"14평(47.51), 21평(71.59), 22평(75.13), 33평(110.27)",
            "last_sales":"2021-11-23,36800.0,33평(110.27)",
            "rank_history":[
                [
                    "202202",
                    27
                ],
                [
                    "202201",
                    27
                ]
            ],
            "rank_gap":0
        },
        {
            "index":252,
            "아파트명":"부곡뉴그린",
            "투자타입":"재건축",
            "전용면적(m2)":"75.85",
            "전용면적(평)":"22평",
            "법정동주소":"부산시 금정구 부곡동 964",
            "도로명주소":"부산시 금정구 동현로 90",
            "세대수":90,
            "입주년차":"--",
            "용적률점수":0,
            "건폐율점수":0,
            "세대당주차수":"--",
            "난방방식":"--",
            "공급면적":50,
            "전용률":60,
            "욕실수":"--",
            "현관타입":"--",
            "주거총점":32.5,
            "지역구공급총점":100.0,
            "역세권":50,
            "30분내 이동가능 거점":0,
            "1시간내 이동가능 거점":10,
            "교통총점":27.0,
            "백화점":100,
            "아울렛몰":0,
            "대형마트":100,
            "은행":0,
            "병원":0,
            "종합병원":100,
            "공원":100,
            "혐오시설":0,
            "인프라총점":68.0,
            "초등학군":90.01,
            "중학군":41.52,
            "학군총점":51.218,
            "인구수":24.34,
            "인구증감":-7.84,
            "인구총점":14.686,
            "일자리":10.73,
            "소득수준":54.24,
            "일자리총점":23.783,
            "가치 총점":47.9404,
            "매매실거래년":20220106.0,
            "매매실거래가":21650.0,
            "전세실거래년":20220104.0,
            "전세실거래가":13000.0,
            "전세가율":50.98,
            "장기전세가율평균":71.83,
            "전세가율거품지수":20.85,
            "검색코드":4151,
            "세대수":990.0,
            "준공년월":"1990-07-09",
            "준공년차":33.0,
            "가까운역이름":"온천장",
            "가까운역거리":746.7,
            "역세권여부":"준역세권",
            "30분이내주요거점역":0,
            "30분거점역이름":"[]",
            "1시간이내주요거점역":1,
            "1시간거점역이름":"['하단']",
            "3km이내백화점수":1,
            "5km이내아울렛몰수":0,
            "1km이내대형먀트수":2,
            "500m이내은행수":1,
            "500m이내병원수":0,
            "5km이내대형병원수":4,
            "500m이내공원수":2,
            "3km이내혐오시설수":0,
            "초등학교학업성취도":90.01,
            "중학교학업성취도":67.8,
            "용적률":0,
            "건폐율":0,
            "Y":35.220293,
            "X":129.094655,
            "rank":28.0,
            "area_info":"22평(75.85), 23평(76.21), 23평(77.52), 23평(77.94), 23평(77.65), 23평(79.22), 24평(80.56), 25평(82.83)",
            "last_sales":"2022-01-06,21650.0,23평(76.21)",
            "rank_history":[
                [
                    "202202",
                    28
                ],
                [
                    "202201",
                    30
                ]
            ],
            "rank_gap":2
        },
        {
            "index":14,
            "아파트명":"구서SK뷰2단지",
            "투자타입":"일반",
            "전용면적(m2)":"98.5",
            "전용면적(평)":"29평",
            "법정동주소":"부산시 금정구 구서동 1070",
            "도로명주소":"부산시 금정구 금샘로245번길 11",
            "세대수":0,
            "입주년차":80,
            "용적률점수":"--",
            "건폐율점수":"--",
            "세대당주차수":30,
            "난방방식":30,
            "공급면적":"--",
            "전용률":"--",
            "욕실수":100,
            "현관타입":100,
            "주거총점":43.5,
            "지역구공급총점":100.0,
            "역세권":50,
            "30분내 이동가능 거점":0,
            "1시간내 이동가능 거점":10,
            "교통총점":27.0,
            "백화점":0,
            "아울렛몰":0,
            "대형마트":100,
            "은행":70,
            "병원":0,
            "종합병원":100,
            "공원":80,
            "혐오시설":0,
            "인프라총점":44.4,
            "초등학군":90.0,
            "중학군":57.06,
            "학군총점":63.648,
            "인구수":24.34,
            "인구증감":-7.84,
            "인구총점":14.686,
            "일자리":10.73,
            "소득수준":54.24,
            "일자리총점":23.783,
            "가치 총점":47.3394,
            "매매실거래년":20210916.0,
            "매매실거래가":78000.0,
            "전세실거래년":20211027.0,
            "전세실거래가":37000.0,
            "전세가율":62.71,
            "장기전세가율평균":71.83,
            "전세가율거품지수":9.12,
            "검색코드":108246,
            "세대수":161.0,
            "준공년월":"2016-08-18",
            "준공년차":7.0,
            "가까운역이름":"구서",
            "가까운역거리":667.82,
            "역세권여부":"준역세권",
            "30분이내주요거점역":0,
            "30분거점역이름":"[]",
            "1시간이내주요거점역":1,
            "1시간거점역이름":"['하단']",
            "3km이내백화점수":0,
            "5km이내아울렛몰수":0,
            "1km이내대형먀트수":2,
            "500m이내은행수":4,
            "500m이내병원수":0,
            "5km이내대형병원수":2,
            "500m이내공원수":1,
            "3km이내혐오시설수":0,
            "초등학교학업성취도":90.0,
            "중학교학업성취도":90.9,
            "용적률":222,
            "건폐율":18,
            "Y":35.245117,
            "X":129.084429,
            "rank":29.0,
            "area_info":"29평(98.5), 33평(111.46), 33평(112.29), 39평(132.11), 41평(137.47)",
            "last_sales":"2021-09-16,78000.0,39평(132.11)",
            "rank_history":[
                [
                    "202202",
                    29
                ],
                [
                    "202201",
                    29
                ]
            ],
            "rank_gap":0
        },
        {
            "index":51,
            "아파트명":"구서벽산메가트리움",
            "투자타입":"일반",
            "전용면적(m2)":"79.52",
            "전용면적(평)":"24평",
            "법정동주소":"부산시 금정구 구서동 420-17",
            "도로명주소":"부산시 금정구 부곡온천천로 206",
            "세대수":0,
            "입주년차":40,
            "용적률점수":"--",
            "건폐율점수":"--",
            "세대당주차수":100,
            "난방방식":30,
            "공급면적":"--",
            "전용률":"--",
            "욕실수":100,
            "현관타입":100,
            "주거총점":46.0,
            "지역구공급총점":100.0,
            "역세권":80,
            "30분내 이동가능 거점":0,
            "1시간내 이동가능 거점":10,
            "교통총점":42.0,
            "백화점":0,
            "아울렛몰":0,
            "대형마트":100,
            "은행":20,
            "병원":0,
            "종합병원":100,
            "공원":100,
            "혐오시설":0,
            "인프라총점":40.0,
            "초등학군":90.0,
            "중학군":49.2,
            "학군총점":57.36,
            "인구수":24.34,
            "인구증감":-7.84,
            "인구총점":14.686,
            "일자리":10.73,
            "소득수준":54.24,
            "일자리총점":23.783,
            "가치 총점":47.008,
            "매매실거래년":20211023.0,
            "매매실거래가":25000.0,
            "전세실거래년":20211113.0,
            "전세실거래가":20000.0,
            "전세가율":86.02,
            "장기전세가율평균":71.83,
            "전세가율거품지수":-14.19,
            "검색코드":19678,
            "세대수":126.0,
            "준공년월":"2004-10-28",
            "준공년차":19.0,
            "가까운역이름":"구서",
            "가까운역거리":405.99,
            "역세권여부":"역세권",
            "30분이내주요거점역":0,
            "30분거점역이름":"[]",
            "1시간이내주요거점역":1,
            "1시간거점역이름":"['하단']",
            "3km이내백화점수":0,
            "5km이내아울렛몰수":0,
            "1km이내대형먀트수":2,
            "500m이내은행수":2,
            "500m이내병원수":0,
            "5km이내대형병원수":2,
            "500m이내공원수":3,
            "3km이내혐오시설수":0,
            "초등학교학업성취도":90.0,
            "중학교학업성취도":82.0,
            "용적률":0,
            "건폐율":82,
            "Y":35.243632,
            "X":129.091375,
            "rank":30.0,
            "area_info":"24평(79.52), 31평(105.02), 33평(110.89)",
            "last_sales":"2021-10-23,25000.0,33평(110.89)",
            "rank_history":[
                [
                    "202202",
                    30
                ],
                [
                    "202201",
                    39
                ]
            ],
            "rank_gap":9
        },
        {
            "index":72,
            "아파트명":"구서쌍용예가1단지",
            "투자타입":"일반",
            "전용면적(m2)":"113.4",
            "전용면적(평)":"34평",
            "법정동주소":"부산시 금정구 구서동 1053",
            "도로명주소":"부산시 금정구 금샘로 261",
            "세대수":0,
            "입주년차":60,
            "용적률점수":"--",
            "건폐율점수":"--",
            "세대당주차수":80,
            "난방방식":30,
            "공급면적":"--",
            "전용률":"--",
            "욕실수":100,
            "현관타입":50,
            "주거총점":42.0,
            "지역구공급총점":100.0,
            "역세권":50,
            "30분내 이동가능 거점":0,
            "1시간내 이동가능 거점":10,
            "교통총점":27.0,
            "백화점":0,
            "아울렛몰":0,
            "대형마트":100,
            "은행":70,
            "병원":0,
            "종합병원":100,
            "공원":80,
            "혐오시설":0,
            "인프라총점":44.4,
            "초등학군":90.0,
            "중학군":57.06,
            "학군총점":63.648,
            "인구수":24.34,
            "인구증감":-7.84,
            "인구총점":14.686,
            "일자리":10.73,
            "소득수준":54.24,
            "일자리총점":23.783,
            "가치 총점":46.9644,
            "매매실거래년":20210906.0,
            "매매실거래가":93900.0,
            "전세실거래년":20210515.0,
            "전세실거래가":45000.0,
            "전세가율":95.74,
            "장기전세가율평균":71.83,
            "전세가율거품지수":-23.91,
            "검색코드":26382,
            "세대수":286.0,
            "준공년월":"2010-10-28",
            "준공년차":13.0,
            "가까운역이름":"구서",
            "가까운역거리":577.68,
            "역세권여부":"준역세권",
            "30분이내주요거점역":0,
            "30분거점역이름":"[]",
            "1시간이내주요거점역":1,
            "1시간거점역이름":"['하단']",
            "3km이내백화점수":0,
            "5km이내아울렛몰수":0,
            "1km이내대형먀트수":2,
            "500m이내은행수":4,
            "500m이내병원수":0,
            "5km이내대형병원수":2,
            "500m이내공원수":1,
            "3km이내혐오시설수":0,
            "초등학교학업성취도":90.0,
            "중학교학업성취도":90.9,
            "용적률":243,
            "건폐율":19,
            "Y":35.2467,
            "X":129.084967,
            "rank":31.0,
            "area_info":"34평(113.4), 34평(113.43), 49평(163.8), 49평(164.37), 58평(193.67), 58평(193.83)",
            "last_sales":"2021-09-06,93900.0,58평(193.67)",
            "rank_history":[
                [
                    "202202",
                    31
                ],
                [
                    "202201",
                    32
                ]
            ],
            "rank_gap":1
        },
        {
            "index":221,
            "아파트명":"동원맨션",
            "투자타입":"재건축",
            "전용면적(m2)":"16.71",
            "전용면적(평)":"5평",
            "법정동주소":"부산시 금정구 부곡동 296-15",
            "도로명주소":"부산시 금정구 부곡로 121",
            "세대수":0,
            "입주년차":"--",
            "용적률점수":0,
            "건폐율점수":0,
            "세대당주차수":"--",
            "난방방식":"--",
            "공급면적":50,
            "전용률":80,
            "욕실수":"--",
            "현관타입":"--",
            "주거총점":6.5,
            "지역구공급총점":100.0,
            "역세권":80,
            "30분내 이동가능 거점":0,
            "1시간내 이동가능 거점":10,
            "교통총점":42.0,
            "백화점":100,
            "아울렛몰":0,
            "대형마트":100,
            "은행":20,
            "병원":0,
            "종합병원":100,
            "공원":80,
            "혐오시설":0,
            "인프라총점":69.4,
            "초등학군":89.98,
            "중학군":53.32,
            "학군총점":60.652,
            "인구수":24.34,
            "인구증감":-7.84,
            "인구총점":14.686,
            "일자리":10.73,
            "소득수준":54.24,
            "일자리총점":23.783,
            "가치 총점":46.9406,
            "매매실거래년":20201116.0,
            "매매실거래가":25000.0,
            "전세실거래년":null,
            "전세실거래가":null,
            "전세가율":null,
            "장기전세가율평균":71.83,
            "전세가율거품지수":null,
            "검색코드":10064,
            "세대수":129.0,
            "준공년월":"1981-09-24",
            "준공년차":42.0,
            "가까운역이름":"부산대",
            "가까운역거리":352.84,
            "역세권여부":"역세권",
            "30분이내주요거점역":0,
            "30분거점역이름":"[]",
            "1시간이내주요거점역":1,
            "1시간거점역이름":"['하단']",
            "3km이내백화점수":1,
            "5km이내아울렛몰수":0,
            "1km이내대형먀트수":3,
            "500m이내은행수":2,
            "500m이내병원수":0,
            "5km이내대형병원수":3,
            "500m이내공원수":1,
            "3km이내혐오시설수":0,
            "초등학교학업성취도":89.98,
            "중학교학업성취도":84.8,
            "용적률":0,
            "건폐율":0,
            "Y":35.226903,
            "X":129.091371,
            "rank":32.0,
            "area_info":"5평(16.71), 11평(36.82), 10평(36.18), 12평(41.3), 12평(41.3), 16평(54.0), 16평(54.81), 16평(54.8), 19평(62.89), 19평(62.89), 19평(63.0), 19평(65.7), 22평(75.57)",
            "last_sales":"2020-11-16,25000.0,22평(75.57)",
            "rank_history":[
                [
                    "202202",
                    32
                ],
                [
                    "202201",
                    41
                ]
            ],
            "rank_gap":9
        },
        {
            "index":346,
            "아파트명":"부산성지(리벨루스)",
            "투자타입":"일반",
            "전용면적(m2)":"76.86",
            "전용면적(평)":"23평",
            "법정동주소":"부산시 금정구 서동 622",
            "도로명주소":"부산시 금정구 명서로 94",
            "세대수":0,
            "입주년차":40,
            "용적률점수":"--",
            "건폐율점수":"--",
            "세대당주차수":30,
            "난방방식":30,
            "공급면적":"--",
            "전용률":"--",
            "욕실수":100,
            "현관타입":100,
            "주거총점":35.5,
            "지역구공급총점":100.0,
            "역세권":50,
            "30분내 이동가능 거점":0,
            "1시간내 이동가능 거점":10,
            "교통총점":27.0,
            "백화점":100,
            "아울렛몰":0,
            "대형마트":0,
            "은행":70,
            "병원":0,
            "종합병원":100,
            "공원":0,
            "혐오시설":0,
            "인프라총점":57.0,
            "초등학군":90.01,
            "중학군":47.32,
            "학군총점":55.858,
            "인구수":24.34,
            "인구증감":-7.84,
            "인구총점":14.686,
            "일자리":10.73,
            "소득수준":54.24,
            "일자리총점":23.783,
            "가치 총점":46.7824,
            "매매실거래년":20211020.0,
            "매매실거래가":19700.0,
            "전세실거래년":20200503.0,
            "전세실거래가":12000.0,
            "전세가율":60.91,
            "장기전세가율평균":71.83,
            "전세가율거품지수":10.92,
            "검색코드":19776,
            "세대수":212.0,
            "준공년월":"2004-12-10",
            "준공년차":19.0,
            "가까운역이름":"서동",
            "가까운역거리":716.11,
            "역세권여부":"준역세권",
            "30분이내주요거점역":0,
            "30분거점역이름":"[]",
            "1시간이내주요거점역":1,
            "1시간거점역이름":"['하단']",
            "3km이내백화점수":1,
            "5km이내아울렛몰수":0,
            "1km이내대형먀트수":0,
            "500m이내은행수":3,
            "500m이내병원수":0,
            "5km이내대형병원수":4,
            "500m이내공원수":0,
            "3km이내혐오시설수":0,
            "초등학교학업성취도":90.01,
            "중학교학업성취도":77.8,
            "용적률":265,
            "건폐율":38,
            "Y":35.213064,
            "X":129.099643,
            "rank":33.0,
            "area_info":"23평(76.86), 29평(98.01), 31평(105.78)",
            "last_sales":"2021-10-20,19700.0,23평(76.86)",
            "rank_history":[
                [
                    "202202",
                    33
                ],
                [
                    "202201",
                    25
                ]
            ],
            "rank_gap":-8
        },
        {
            "index":284,
            "아파트명":"부곡쌍용",
            "투자타입":"일반",
            "전용면적(m2)":"133.94",
            "전용면적(평)":"40평",
            "법정동주소":"부산시 금정구 부곡동 224-1",
            "도로명주소":"부산시 금정구 수림로 25",
            "세대수":30,
            "입주년차":20,
            "용적률점수":"--",
            "건폐율점수":"--",
            "세대당주차수":60,
            "난방방식":30,
            "공급면적":"--",
            "전용률":"--",
            "욕실수":100,
            "현관타입":100,
            "주거총점":46.5,
            "지역구공급총점":100.0,
            "역세권":50,
            "30분내 이동가능 거점":0,
            "1시간내 이동가능 거점":10,
            "교통총점":27.0,
            "백화점":0,
            "아울렛몰":0,
            "대형마트":100,
            "은행":70,
            "병원":0,
            "종합병원":100,
            "공원":100,
            "혐오시설":0,
            "인프라총점":45.0,
            "초등학군":90.0,
            "중학군":49.2,
            "학군총점":57.36,
            "인구수":24.34,
            "인구증감":-7.84,
            "인구총점":14.686,
            "일자리":10.73,
            "소득수준":54.24,
            "일자리총점":23.783,
            "가치 총점":46.383,
            "매매실거래년":20211016.0,
            "매매실거래가":74700.0,
            "전세실거래년":20211120.0,
            "전세실거래가":37000.0,
            "전세가율":59.2,
            "장기전세가율평균":71.83,
            "전세가율거품지수":12.63,
            "검색코드":4135,
            "세대수":388.0,
            "준공년월":"2000-12-23",
            "준공년차":23.0,
            "가까운역이름":"구서",
            "가까운역거리":933.91,
            "역세권여부":"준역세권",
            "30분이내주요거점역":0,
            "30분거점역이름":"[]",
            "1시간이내주요거점역":1,
            "1시간거점역이름":"['하단']",
            "3km이내백화점수":0,
            "5km이내아울렛몰수":0,
            "1km이내대형먀트수":2,
            "500m이내은행수":3,
            "500m이내병원수":0,
            "5km이내대형병원수":3,
            "500m이내공원수":2,
            "3km이내혐오시설수":0,
            "초등학교학업성취도":90.0,
            "중학교학업성취도":82.0,
            "용적률":354,
            "건폐율":23,
            "Y":35.239073,
            "X":129.089117,
            "rank":34.0,
            "area_info":"40평(133.94), 50평(166.53)",
            "last_sales":"2021-10-16,74700.0,50평(166.53)",
            "rank_history":[
                [
                    "202202",
                    34
                ],
                [
                    "202201",
                    28
                ]
            ],
            "rank_gap":-6
        },
        {
            "index":61,
            "아파트명":"구서시티타워",
            "투자타입":"일반",
            "전용면적(m2)":"52.4",
            "전용면적(평)":"15평",
            "법정동주소":"부산시 금정구 구서동 415-3",
            "도로명주소":"부산시 금정구 금정로233번길 31",
            "세대수":0,
            "입주년차":40,
            "용적률점수":"--",
            "건폐율점수":"--",
            "세대당주차수":30,
            "난방방식":30,
            "공급면적":"--",
            "전용률":"--",
            "욕실수":50,
            "현관타입":100,
            "주거총점":30.5,
            "지역구공급총점":100.0,
            "역세권":80,
            "30분내 이동가능 거점":0,
            "1시간내 이동가능 거점":10,
            "교통총점":42.0,
            "백화점":0,
            "아울렛몰":0,
            "대형마트":100,
            "은행":100,
            "병원":0,
            "종합병원":100,
            "공원":100,
            "혐오시설":0,
            "인프라총점":48.0,
            "초등학군":90.0,
            "중학군":51.98,
            "학군총점":59.584,
            "인구수":24.34,
            "인구증감":-7.84,
            "인구총점":14.686,
            "일자리":10.73,
            "소득수준":54.24,
            "일자리총점":23.783,
            "가치 총점":46.2002,
            "매매실거래년":20220107.0,
            "매매실거래가":24800.0,
            "전세실거래년":20210811.0,
            "전세실거래가":12000.0,
            "전세가율":92.31,
            "장기전세가율평균":71.83,
            "전세가율거품지수":-20.48,
            "검색코드":19214,
            "세대수":181.0,
            "준공년월":"2005-02-23",
            "준공년차":18.0,
            "가까운역이름":"구서",
            "가까운역거리":147.3,
            "역세권여부":"역세권",
            "30분이내주요거점역":0,
            "30분거점역이름":"[]",
            "1시간이내주요거점역":1,
            "1시간거점역이름":"['하단']",
            "3km이내백화점수":0,
            "5km이내아울렛몰수":0,
            "1km이내대형먀트수":2,
            "500m이내은행수":5,
            "500m이내병원수":0,
            "5km이내대형병원수":2,
            "500m이내공원수":2,
            "3km이내혐오시설수":0,
            "초등학교학업성취도":90.0,
            "중학교학업성취도":83.1,
            "용적률":624,
            "건폐율":36,
            "Y":35.24603,
            "X":129.09076,
            "rank":35.0,
            "area_info":"15평(52.4), 27평(89.33), 31평(104.51), 32평(106.29), 35평(115.95), 44평(145.98)",
            "last_sales":"2022-01-07,24800.0,32평(106.29)",
            "rank_history":[
                [
                    "202202",
                    35
                ],
                [
                    "202201",
                    47
                ]
            ],
            "rank_gap":12
        },
        {
            "index":260,
            "아파트명":"부곡늘푸른",
            "투자타입":"재건축",
            "전용면적(m2)":"53.75",
            "전용면적(평)":"16평",
            "법정동주소":"부산시 금정구 부곡동 957",
            "도로명주소":"부산시 금정구 동현로 89",
            "세대수":90,
            "입주년차":"--",
            "용적률점수":0,
            "건폐율점수":0,
            "세대당주차수":"--",
            "난방방식":"--",
            "공급면적":50,
            "전용률":60,
            "욕실수":"--",
            "현관타입":"--",
            "주거총점":32.5,
            "지역구공급총점":100.0,
            "역세권":0,
            "30분내 이동가능 거점":0,
            "1시간내 이동가능 거점":10,
            "교통총점":2.0,
            "백화점":100,
            "아울렛몰":0,
            "대형마트":80,
            "은행":0,
            "병원":0,
            "종합병원":100,
            "공원":100,
            "혐오시설":0,
            "인프라총점":65.0,
            "초등학군":90.01,
            "중학군":53.32,
            "학군총점":60.658,
            "인구수":24.34,
            "인구증감":-7.84,
            "인구총점":14.686,
            "일자리":10.73,
            "소득수준":54.24,
            "일자리총점":23.783,
            "가치 총점":46.1224,
            "매매실거래년":20201030.0,
            "매매실거래가":17000.0,
            "전세실거래년":null,
            "전세실거래가":null,
            "전세가율":null,
            "장기전세가율평균":71.83,
            "전세가율거품지수":null,
            "검색코드":4179,
            "세대수":1288.0,
            "준공년월":"1990-07-09",
            "준공년차":33.0,
            "가까운역이름":"온천장",
            "가까운역거리":1025.83,
            "역세권여부":"비역세권",
            "30분이내주요거점역":0,
            "30분거점역이름":"[]",
            "1시간이내주요거점역":1,
            "1시간거점역이름":"['하단']",
            "3km이내백화점수":1,
            "5km이내아울렛몰수":0,
            "1km이내대형먀트수":1,
            "500m이내은행수":0,
            "500m이내병원수":0,
            "5km이내대형병원수":3,
            "500m이내공원수":2,
            "3km이내혐오시설수":0,
            "초등학교학업성취도":90.01,
            "중학교학업성취도":84.8,
            "용적률":0,
            "건폐율":0,
            "Y":35.222956,
            "X":129.097239,
            "rank":36.0,
            "area_info":"16평(53.75), 18평(62.52), 22평(75.33), 23평(76.99), 24평(80.56), 25평(84.24)",
            "last_sales":"2020-10-30,17000.0,24평(80.56)",
            "rank_history":[
                [
                    "202202",
                    36
                ],
                [
                    "202201",
                    43
                ]
            ],
            "rank_gap":7
        },
        {
            "index":349,
            "아파트명":"삼한여명",
            "투자타입":"일반",
            "전용면적(m2)":"77.37",
            "전용면적(평)":"23평",
            "법정동주소":"부산시 금정구 서동 228-1",
            "도로명주소":"부산시 금정구 중군진로 25",
            "세대수":0,
            "입주년차":0,
            "용적률점수":"--",
            "건폐율점수":"--",
            "세대당주차수":0,
            "난방방식":30,
            "공급면적":"--",
            "전용률":"--",
            "욕실수":50,
            "현관타입":100,
            "주거총점":18.0,
            "지역구공급총점":100.0,
            "역세권":80,
            "30분내 이동가능 거점":20,
            "1시간내 이동가능 거점":10,
            "교통총점":48.0,
            "백화점":100,
            "아울렛몰":0,
            "대형마트":0,
            "은행":0,
            "병원":0,
            "종합병원":100,
            "공원":80,
            "혐오시설":0,
            "인프라총점":52.4,
            "초등학군":90.0,
            "중학군":54.94,
            "학군총점":61.952,
            "인구수":24.34,
            "인구증감":-7.84,
            "인구총점":14.686,
            "일자리":10.73,
            "소득수준":54.24,
            "일자리총점":23.783,
            "가치 총점":46.0056,
            "매매실거래년":20211104.0,
            "매매실거래가":17900.0,
            "전세실거래년":20210913.0,
            "전세실거래가":14000.0,
            "전세가율":78.21,
            "장기전세가율평균":71.83,
            "전세가율거품지수":-6.38,
            "검색코드":14631,
            "세대수":240.0,
            "준공년월":"1997-08-30",
            "준공년차":26.0,
            "가까운역이름":"서동",
            "가까운역거리":155.68,
            "역세권여부":"역세권",
            "30분이내주요거점역":1,
            "30분거점역이름":"['하단']",
            "1시간이내주요거점역":1,
            "1시간거점역이름":"['하단']",
            "3km이내백화점수":1,
            "5km이내아울렛몰수":0,
            "1km이내대형먀트수":0,
            "500m이내은행수":1,
            "500m이내병원수":0,
            "5km이내대형병원수":3,
            "500m이내공원수":1,
            "3km이내혐오시설수":0,
            "초등학교학업성취도":90.0,
            "중학교학업성취도":88.9,
            "용적률":331,
            "건폐율":34,
            "Y":35.212725,
            "X":129.10915,
            "rank":37.0,
            "area_info":"23평(77.37), 23평(77.38), 32평(106.04), 33평(110.02), 42평(139.98)",
            "last_sales":"2021-11-04,17900.0,23평(77.37)",
            "rank_history":[
                [
                    "202202",
                    37
                ],
                [
                    "202201",
                    52
                ]
            ],
            "rank_gap":15
        },
        {
            "index":371,
            "아파트명":"GS금정",
            "투자타입":"일반",
            "전용면적(m2)":"89.94",
            "전용면적(평)":"27평",
            "법정동주소":"부산시 금정구 장전동 482-14",
            "도로명주소":"부산시 금정구 금강로 217",
            "세대수":0,
            "입주년차":0,
            "용적률점수":"--",
            "건폐율점수":"--",
            "세대당주차수":0,
            "난방방식":30,
            "공급면적":"--",
            "전용률":"--",
            "욕실수":50,
            "현관타입":100,
            "주거총점":18.0,
            "지역구공급총점":100.0,
            "역세권":50,
            "30분내 이동가능 거점":0,
            "1시간내 이동가능 거점":10,
            "교통총점":27.0,
            "백화점":100,
            "아울렛몰":0,
            "대형마트":100,
            "은행":0,
            "병원":0,
            "종합병원":100,
            "공원":0,
            "혐오시설":0,
            "인프라총점":65.0,
            "초등학군":90.0,
            "중학군":52.3,
            "학군총점":59.84,
            "인구수":24.34,
            "인구증감":-7.84,
            "인구총점":14.686,
            "일자리":10.73,
            "소득수준":54.24,
            "일자리총점":23.783,
            "가치 총점":46.002,
            "매매실거래년":20210625.0,
            "매매실거래가":34500.0,
            "전세실거래년":20211013.0,
            "전세실거래가":18350.0,
            "전세가율":92.68,
            "장기전세가율평균":71.83,
            "전세가율거품지수":-20.85,
            "검색코드":4256,
            "세대수":214.0,
            "준공년월":"1997-10-13",
            "준공년차":26.0,
            "가까운역이름":"부산대",
            "가까운역거리":689.19,
            "역세권여부":"준역세권",
            "30분이내주요거점역":0,
            "30분거점역이름":"[]",
            "1시간이내주요거점역":1,
            "1시간거점역이름":"['하단']",
            "3km이내백화점수":1,
            "5km이내아울렛몰수":0,
            "1km이내대형먀트수":3,
            "500m이내은행수":0,
            "500m이내병원수":0,
            "5km이내대형병원수":3,
            "500m이내공원수":0,
            "3km이내혐오시설수":0,
            "초등학교학업성취도":90.0,
            "중학교학업성취도":86.1,
            "용적률":351,
            "건폐율":31,
            "Y":35.228826,
            "X":129.081905,
            "rank":38.0,
            "area_info":"27평(89.94), 27평(90.8), 36평(119.67), 45평(149.11)",
            "last_sales":"2021-06-25,34500.0,45평(149.11)",
            "rank_history":[
                [
                    "202202",
                    38
                ],
                [
                    "202201",
                    33
                ]
            ],
            "rank_gap":-5
        },
        {
            "index":393,
            "아파트명":"금정산한신",
            "투자타입":"일반",
            "전용면적(m2)":"81.6",
            "전용면적(평)":"24평",
            "법정동주소":"부산시 금정구 장전동 521-62",
            "도로명주소":"부산시 금정구 소정로 39",
            "세대수":0,
            "입주년차":0,
            "용적률점수":"--",
            "건폐율점수":"--",
            "세대당주차수":60,
            "난방방식":30,
            "공급면적":"--",
            "전용률":"--",
            "욕실수":50,
            "현관타입":10,
            "주거총점":18.0,
            "지역구공급총점":100.0,
            "역세권":50,
            "30분내 이동가능 거점":0,
            "1시간내 이동가능 거점":10,
            "교통총점":27.0,
            "백화점":100,
            "아울렛몰":0,
            "대형마트":100,
            "은행":0,
            "병원":0,
            "종합병원":100,
            "공원":0,
            "혐오시설":0,
            "인프라총점":65.0,
            "초등학군":90.0,
            "중학군":52.3,
            "학군총점":59.84,
            "인구수":24.34,
            "인구증감":-7.84,
            "인구총점":14.686,
            "일자리":10.73,
            "소득수준":54.24,
            "일자리총점":23.783,
            "가치 총점":46.002,
            "매매실거래년":20211112.0,
            "매매실거래가":40000.0,
            "전세실거래년":20220114.0,
            "전세실거래가":17850.0,
            "전세가율":91.54,
            "장기전세가율평균":71.83,
            "전세가율거품지수":-19.71,
            "검색코드":4247,
            "세대수":202.0,
            "준공년월":"1997-06-16",
            "준공년차":26.0,
            "가까운역이름":"부산대",
            "가까운역거리":923.52,
            "역세권여부":"준역세권",
            "30분이내주요거점역":0,
            "30분거점역이름":"[]",
            "1시간이내주요거점역":1,
            "1시간거점역이름":"['하단']",
            "3km이내백화점수":1,
            "5km이내아울렛몰수":0,
            "1km이내대형먀트수":2,
            "500m이내은행수":0,
            "500m이내병원수":0,
            "5km이내대형병원수":4,
            "500m이내공원수":0,
            "3km이내혐오시설수":0,
            "초등학교학업성취도":90.0,
            "중학교학업성취도":86.1,
            "용적률":0,
            "건폐율":0,
            "Y":35.228516,
            "X":129.079353,
            "rank":38.0,
            "area_info":"24평(81.6), 28평(95.65), 32평(108.83), 43평(143.68)",
            "last_sales":"2021-11-12,40000.0,43평(143.68)",
            "rank_history":[
                [
                    "202202",
                    38
                ],
                [
                    "202201",
                    38
                ]
            ],
            "rank_gap":0
        },
        {
            "index":305,
            "아파트명":"신동아",
            "투자타입":"일반",
            "전용면적(m2)":"81.7",
            "전용면적(평)":"24평",
            "법정동주소":"부산시 금정구 부곡동 386-1",
            "도로명주소":"부산시 금정구 부곡로18번안길 95",
            "세대수":0,
            "입주년차":0,
            "용적률점수":"--",
            "건폐율점수":"--",
            "세대당주차수":0,
            "난방방식":30,
            "공급면적":"--",
            "전용률":"--",
            "욕실수":50,
            "현관타입":10,
            "주거총점":9.0,
            "지역구공급총점":100.0,
            "역세권":80,
            "30분내 이동가능 거점":0,
            "1시간내 이동가능 거점":10,
            "교통총점":42.0,
            "백화점":100,
            "아울렛몰":0,
            "대형마트":100,
            "은행":70,
            "병원":0,
            "종합병원":100,
            "공원":0,
            "혐오시설":0,
            "인프라총점":72.0,
            "초등학군":89.99,
            "중학군":41.52,
            "학군총점":51.214,
            "인구수":24.34,
            "인구증감":-7.84,
            "인구총점":14.686,
            "일자리":10.73,
            "소득수준":54.24,
            "일자리총점":23.783,
            "가치 총점":45.5142,
            "매매실거래년":20220114.0,
            "매매실거래가":39500.0,
            "전세실거래년":20210904.0,
            "전세실거래가":20000.0,
            "전세가율":72.73,
            "장기전세가율평균":71.83,
            "전세가율거품지수":-0.9,
            "검색코드":4193,
            "세대수":204.0,
            "준공년월":"1995-11-30",
            "준공년차":28.0,
            "가까운역이름":"온천장",
            "가까운역거리":406.58,
            "역세권여부":"역세권",
            "30분이내주요거점역":0,
            "30분거점역이름":"[]",
            "1시간이내주요거점역":1,
            "1시간거점역이름":"['하단']",
            "3km이내백화점수":1,
            "5km이내아울렛몰수":0,
            "1km이내대형먀트수":2,
            "500m이내은행수":3,
            "500m이내병원수":0,
            "5km이내대형병원수":4,
            "500m이내공원수":0,
            "3km이내혐오시설수":0,
            "초등학교학업성취도":89.99,
            "중학교학업성취도":67.8,
            "용적률":0,
            "건폐율":0,
            "Y":35.221926,
            "X":129.090426,
            "rank":39.0,
            "area_info":"24평(81.7), 31평(104.35)",
            "last_sales":"2022-01-14,39500.0,31평(104.35)",
            "rank_history":[
                [
                    "202202",
                    39
                ],
                [
                    "202201",
                    50
                ]
            ],
            "rank_gap":11
        },
        {
            "index":319,
            "아파트명":"퀸즈W장전역",
            "투자타입":"일반",
            "전용면적(m2)":"98.4",
            "전용면적(평)":"29평",
            "법정동주소":"부산시 금정구 부곡동 64-23",
            "도로명주소":"부산시 금정구 부곡온천천로 190",
            "세대수":0,
            "입주년차":80,
            "용적률점수":"--",
            "건폐율점수":"--",
            "세대당주차수":80,
            "난방방식":30,
            "공급면적":"--",
            "전용률":"--",
            "욕실수":100,
            "현관타입":100,
            "주거총점":51.0,
            "지역구공급총점":100.0,
            "역세권":50,
            "30분내 이동가능 거점":0,
            "1시간내 이동가능 거점":10,
            "교통총점":27.0,
            "백화점":0,
            "아울렛몰":0,
            "대형마트":100,
            "은행":0,
            "병원":0,
            "종합병원":100,
            "공원":100,
            "혐오시설":0,
            "인프라총점":38.0,
            "초등학군":90.0,
            "중학군":49.2,
            "학군총점":57.36,
            "인구수":24.34,
            "인구증감":-7.84,
            "인구총점":14.686,
            "일자리":10.73,
            "소득수준":54.24,
            "일자리총점":23.783,
            "가치 총점":45.408,
            "매매실거래년":20211002.0,
            "매매실거래가":43000.0,
            "전세실거래년":20211227.0,
            "전세실거래가":31000.0,
            "전세가율":78.48,
            "장기전세가율평균":71.83,
            "전세가율거품지수":-6.65,
            "검색코드":111240,
            "세대수":114.0,
            "준공년월":"2017-12-22",
            "준공년차":6.0,
            "가까운역이름":"구서",
            "가까운역거리":577.91,
            "역세권여부":"준역세권",
            "30분이내주요거점역":0,
            "30분거점역이름":"[]",
            "1시간이내주요거점역":1,
            "1시간거점역이름":"['하단']",
            "3km이내백화점수":0,
            "5km이내아울렛몰수":0,
            "1km이내대형먀트수":2,
            "500m이내은행수":1,
            "500m이내병원수":0,
            "5km이내대형병원수":2,
            "500m이내공원수":3,
            "3km이내혐오시설수":0,
            "초등학교학업성취도":90.0,
            "중학교학업성취도":82.0,
            "용적률":829,
            "건폐율":70,
            "Y":35.242117,
            "X":129.090585,
            "rank":40.0,
            "area_info":"29평(98.4), 29평(98.42), 30평(99.8), 30평(100.69), 30평(102.41)",
            "last_sales":"2021-10-02,43000.0,30평(99.8)",
            "rank_history":[
                [
                    "202202",
                    40
                ],
                [
                    "202201",
                    36
                ]
            ],
            "rank_gap":-4
        },
        {
            "index":116,
            "아파트명":"금강부광",
            "투자타입":"일반",
            "전용면적(m2)":"74.13",
            "전용면적(평)":"22평",
            "법정동주소":"부산시 금정구 구서동 563-40",
            "도로명주소":"부산시 금정구 금샘로229번길 29",
            "세대수":50,
            "입주년차":0,
            "용적률점수":"--",
            "건폐율점수":"--",
            "세대당주차수":0,
            "난방방식":30,
            "공급면적":"--",
            "전용률":"--",
            "욕실수":50,
            "현관타입":100,
            "주거총점":35.5,
            "지역구공급총점":100.0,
            "역세권":50,
            "30분내 이동가능 거점":0,
            "1시간내 이동가능 거점":10,
            "교통총점":27.0,
            "백화점":0,
            "아울렛몰":0,
            "대형마트":100,
            "은행":70,
            "병원":0,
            "종합병원":100,
            "공원":80,
            "혐오시설":0,
            "인프라총점":44.4,
            "초등학군":90.0,
            "중학군":57.06,
            "학군총점":63.648,
            "인구수":24.34,
            "인구증감":-7.84,
            "인구총점":14.686,
            "일자리":10.73,
            "소득수준":54.24,
            "일자리총점":23.783,
            "가치 총점":45.3394,
            "매매실거래년":20211125.0,
            "매매실거래가":23000.0,
            "전세실거래년":20220126.0,
            "전세실거래가":13000.0,
            "전세가율":91.55,
            "장기전세가율평균":71.83,
            "전세가율거품지수":-19.72,
            "검색코드":4049,
            "세대수":476.0,
            "준공년월":"1997-06-11",
            "준공년차":26.0,
            "가까운역이름":"구서",
            "가까운역거리":710.48,
            "역세권여부":"준역세권",
            "30분이내주요거점역":0,
            "30분거점역이름":"[]",
            "1시간이내주요거점역":1,
            "1시간거점역이름":"['하단']",
            "3km이내백화점수":0,
            "5km이내아울렛몰수":0,
            "1km이내대형먀트수":2,
            "500m이내은행수":3,
            "500m이내병원수":0,
            "5km이내대형병원수":2,
            "500m이내공원수":1,
            "3km이내혐오시설수":0,
            "초등학교학업성취도":90.0,
            "중학교학업성취도":90.9,
            "용적률":331,
            "건폐율":16,
            "Y":35.245593,
            "X":129.083743,
            "rank":41.0,
            "area_info":"22평(74.13), 22평(74.42), 31평(105.44), 50평(165.56)",
            "last_sales":"2021-11-25,23000.0,31평(105.44)",
            "rank_history":[
                [
                    "202202",
                    41
                ],
                [
                    "202201",
                    42
                ]
            ],
            "rank_gap":1
        },
        {
            "index":317,
            "아파트명":"장전서희스타힐스",
            "투자타입":"일반",
            "전용면적(m2)":"100.24",
            "전용면적(평)":"30평",
            "법정동주소":"부산시 금정구 부곡동 974",
            "도로명주소":"부산시 금정구 부곡온천천로 170",
            "세대수":30,
            "입주년차":80,
            "용적률점수":"--",
            "건폐율점수":"--",
            "세대당주차수":30,
            "난방방식":30,
            "공급면적":"--",
            "전용률":"--",
            "욕실수":100,
            "현관타입":100,
            "주거총점":54.0,
            "지역구공급총점":100.0,
            "역세권":50,
            "30분내 이동가능 거점":0,
            "1시간내 이동가능 거점":10,
            "교통총점":27.0,
            "백화점":0,
            "아울렛몰":0,
            "대형마트":80,
            "은행":0,
            "병원":0,
            "종합병원":100,
            "공원":100,
            "혐오시설":0,
            "인프라총점":35.0,
            "초등학군":90.0,
            "중학군":49.2,
            "학군총점":57.36,
            "인구수":24.34,
            "인구증감":-7.84,
            "인구총점":14.686,
            "일자리":10.73,
            "소득수준":54.24,
            "일자리총점":23.783,
            "가치 총점":45.258,
            "매매실거래년":20211211.0,
            "매매실거래가":57000.0,
            "전세실거래년":20211221.0,
            "전세실거래가":18000.0,
            "전세가율":31.58,
            "장기전세가율평균":71.83,
            "전세가율거품지수":40.25,
            "검색코드":109233,
            "세대수":324.0,
            "준공년월":"2017-07-31",
            "준공년차":6.0,
            "가까운역이름":"구서",
            "가까운역거리":761.74,
            "역세권여부":"준역세권",
            "30분이내주요거점역":0,
            "30분거점역이름":"[]",
            "1시간이내주요거점역":1,
            "1시간거점역이름":"['하단']",
            "3km이내백화점수":0,
            "5km이내아울렛몰수":0,
            "1km이내대형먀트수":1,
            "500m이내은행수":1,
            "500m이내병원수":0,
            "5km이내대형병원수":3,
            "500m이내공원수":4,
            "3km이내혐오시설수":0,
            "초등학교학업성취도":90.0,
            "중학교학업성취도":82.0,
            "용적률":273,
            "건폐율":17,
            "Y":35.240631,
            "X":129.089281,
            "rank":42.0,
            "area_info":"30평(100.24), 33평(111.31)",
            "last_sales":"2021-12-11,57000.0,30평(100.24)",
            "rank_history":[
                [
                    "202202",
                    42
                ],
                [
                    "202201",
                    51
                ]
            ],
            "rank_gap":9
        },
        {
            "index":203,
            "아파트명":"SK",
            "투자타입":"일반",
            "전용면적(m2)":"41.09",
            "전용면적(평)":"12평",
            "법정동주소":"부산시 금정구 부곡동 63-11",
            "도로명주소":"부산시 금정구 수림로 12",
            "세대수":90,
            "입주년차":0,
            "용적률점수":"--",
            "건폐율점수":"--",
            "세대당주차수":30,
            "난방방식":30,
            "공급면적":"--",
            "전용률":"--",
            "욕실수":50,
            "현관타입":100,
            "주거총점":54.0,
            "지역구공급총점":100.0,
            "역세권":50,
            "30분내 이동가능 거점":0,
            "1시간내 이동가능 거점":10,
            "교통총점":27.0,
            "백화점":0,
            "아울렛몰":0,
            "대형마트":80,
            "은행":0,
            "병원":0,
            "종합병원":100,
            "공원":100,
            "혐오시설":0,
            "인프라총점":35.0,
            "초등학군":90.0,
            "중학군":49.2,
            "학군총점":57.36,
            "인구수":24.34,
            "인구증감":-7.84,
            "인구총점":14.686,
            "일자리":10.73,
            "소득수준":54.24,
            "일자리총점":23.783,
            "가치 총점":45.258,
            "매매실거래년":20211202.0,
            "매매실거래가":82500.0,
            "전세실거래년":20210305.0,
            "전세실거래가":10000.0,
            "전세가율":60.61,
            "장기전세가율평균":71.83,
            "전세가율거품지수":11.22,
            "검색코드":4121,
            "세대수":1084.0,
            "준공년월":"1998-09-25",
            "준공년차":25.0,
            "가까운역이름":"구서",
            "가까운역거리":779.68,
            "역세권여부":"준역세권",
            "30분이내주요거점역":0,
            "30분거점역이름":"[]",
            "1시간이내주요거점역":1,
            "1시간거점역이름":"['하단']",
            "3km이내백화점수":0,
            "5km이내아울렛몰수":0,
            "1km이내대형먀트수":1,
            "500m이내은행수":1,
            "500m이내병원수":0,
            "5km이내대형병원수":3,
            "500m이내공원수":2,
            "3km이내혐오시설수":0,
            "초등학교학업성취도":90.0,
            "중학교학업성취도":82.0,
            "용적률":356,
            "건폐율":23,
            "Y":35.240273,
            "X":129.091067,
            "rank":42.0,
            "area_info":"12평(41.09), 19평(63.0), 24평(79.75), 24평(80.63), 32평(106.77), 48평(160.92), 58평(192.32)",
            "last_sales":"2021-12-02,82500.0,48평(160.92)",
            "rank_history":[
                [
                    "202202",
                    42
                ],
                [
                    "202201",
                    51
                ]
            ],
            "rank_gap":9
        },
        {
            "index":460,
            "아파트명":"화목",
            "투자타입":"재건축",
            "전용면적(m2)":"70.0",
            "전용면적(평)":"21평",
            "법정동주소":"부산시 금정구 장전동 618-1",
            "도로명주소":"부산시 금정구 식물원로 47",
            "세대수":0,
            "입주년차":"--",
            "용적률점수":0,
            "건폐율점수":0,
            "세대당주차수":"--",
            "난방방식":"--",
            "공급면적":50,
            "전용률":80,
            "욕실수":"--",
            "현관타입":"--",
            "주거총점":6.5,
            "지역구공급총점":100.0,
            "역세권":50,
            "30분내 이동가능 거점":0,
            "1시간내 이동가능 거점":10,
            "교통총점":27.0,
            "백화점":100,
            "아울렛몰":0,
            "대형마트":100,
            "은행":70,
            "병원":0,
            "종합병원":100,
            "공원":0,
            "혐오시설":0,
            "인프라총점":72.0,
            "초등학군":90.0,
            "중학군":52.3,
            "학군총점":59.84,
            "인구수":24.34,
            "인구증감":-7.84,
            "인구총점":14.686,
            "일자리":10.73,
            "소득수준":54.24,
            "일자리총점":23.783,
            "가치 총점":45.227,
            "매매실거래년":20211207.0,
            "매매실거래가":58000.0,
            "전세실거래년":20190228.0,
            "전세실거래가":10000.0,
            "전세가율":33.33,
            "장기전세가율평균":71.83,
            "전세가율거품지수":38.5,
            "검색코드":4263,
            "세대수":221.0,
            "준공년월":"1986-10-25",
            "준공년차":37.0,
            "가까운역이름":"온천장",
            "가까운역거리":581.63,
            "역세권여부":"준역세권",
            "30분이내주요거점역":0,
            "30분거점역이름":"[]",
            "1시간이내주요거점역":1,
            "1시간거점역이름":"['하단']",
            "3km이내백화점수":1,
            "5km이내아울렛몰수":0,
            "1km이내대형먀트수":3,
            "500m이내은행수":3,
            "500m이내병원수":0,
            "5km이내대형병원수":4,
            "500m이내공원수":0,
            "3km이내혐오시설수":0,
            "초등학교학업성취도":90.0,
            "중학교학업성취도":86.1,
            "용적률":0,
            "건폐율":0,
            "Y":35.224812,
            "X":129.083258,
            "rank":43.0,
            "area_info":"21평(70.0), 22평(73.42), 24평(80.65), 28평(93.8), 28평(94.02), 28평(94.16)",
            "last_sales":"2021-12-07,58000.0,28평(94.02)",
            "rank_history":[
                [
                    "202202",
                    43
                ],
                [
                    "202201",
                    37
                ]
            ],
            "rank_gap":-6
        },
        {
            "index":41,
            "아파트명":"구서롯데캐슬골드2단지",
            "투자타입":"일반",
            "전용면적(m2)":"80.72",
            "전용면적(평)":"24평",
            "법정동주소":"부산시 금정구 구서동 1049",
            "도로명주소":"부산시 금정구 금강로 503",
            "세대수":100,
            "입주년차":40,
            "용적률점수":"--",
            "건폐율점수":"--",
            "세대당주차수":60,
            "난방방식":30,
            "공급면적":"--",
            "전용률":"--",
            "욕실수":50,
            "현관타입":100,
            "주거총점":70.0,
            "지역구공급총점":100.0,
            "역세권":50,
            "30분내 이동가능 거점":0,
            "1시간내 이동가능 거점":10,
            "교통총점":27.0,
            "백화점":0,
            "아울렛몰":0,
            "대형마트":80,
            "은행":0,
            "병원":0,
            "종합병원":0,
            "공원":80,
            "혐오시설":0,
            "인프라총점":14.4,
            "초등학군":90.0,
            "중학군":57.06,
            "학군총점":63.648,
            "인구수":24.34,
            "인구증감":-7.84,
            "인구총점":14.686,
            "일자리":10.73,
            "소득수준":54.24,
            "일자리총점":23.783,
            "가치 총점":44.9644,
            "매매실거래년":20220114.0,
            "매매실거래가":81000.0,
            "전세실거래년":20220106.0,
            "전세실거래가":30000.0,
            "전세가율":60.0,
            "장기전세가율평균":71.83,
            "전세가율거품지수":11.83,
            "검색코드":11379,
            "세대수":1926.0,
            "준공년월":"2006-02-10",
            "준공년차":17.0,
            "가까운역이름":"구서",
            "가까운역거리":598.4,
            "역세권여부":"준역세권",
            "30분이내주요거점역":0,
            "30분거점역이름":"[]",
            "1시간이내주요거점역":1,
            "1시간거점역이름":"['하단']",
            "3km이내백화점수":0,
            "5km이내아울렛몰수":0,
            "1km이내대형먀트수":1,
            "500m이내은행수":1,
            "500m이내병원수":0,
            "5km이내대형병원수":0,
            "500m이내공원수":1,
            "3km이내혐오시설수":0,
            "초등학교학업성취도":90.0,
            "중학교학업성취도":90.9,
            "용적률":299,
            "건폐율":18,
            "Y":35.250664,
            "X":129.086162,
            "rank":44.0,
            "area_info":"24평(80.72), 24평(80.91), 29평(98.91), 33평(110.88), 41평(138.71), 45평(150.43), 50평(165.64), 64평(211.66), 72평(240.42), 81평(269.93)",
            "last_sales":"2022-01-14,81000.0,41평(138.71)",
            "rank_history":[
                [
                    "202202",
                    44
                ],
                [
                    "202201",
                    35
                ]
            ],
            "rank_gap":-9
        },
        {
            "index":34,
            "아파트명":"구서롯데캐슬골드1단지",
            "투자타입":"일반",
            "전용면적(m2)":"79.95",
            "전용면적(평)":"24평",
            "법정동주소":"부산시 금정구 구서동 1051",
            "도로명주소":"부산시 금정구 금강로 502",
            "세대수":100,
            "입주년차":40,
            "용적률점수":"--",
            "건폐율점수":"--",
            "세대당주차수":60,
            "난방방식":30,
            "공급면적":"--",
            "전용률":"--",
            "욕실수":50,
            "현관타입":100,
            "주거총점":70.0,
            "지역구공급총점":100.0,
            "역세권":50,
            "30분내 이동가능 거점":0,
            "1시간내 이동가능 거점":10,
            "교통총점":27.0,
            "백화점":0,
            "아울렛몰":0,
            "대형마트":80,
            "은행":0,
            "병원":0,
            "종합병원":0,
            "공원":80,
            "혐오시설":0,
            "인프라총점":14.4,
            "초등학군":89.99,
            "중학군":57.06,
            "학군총점":63.646,
            "인구수":24.34,
            "인구증감":-7.84,
            "인구총점":14.686,
            "일자리":10.73,
            "소득수준":54.24,
            "일자리총점":23.783,
            "가치 총점":44.9638,
            "매매실거래년":20211028.0,
            "매매실거래가":79200.0,
            "전세실거래년":20210927.0,
            "전세실거래가":34000.0,
            "전세가율":73.91,
            "장기전세가율평균":71.83,
            "전세가율거품지수":-2.08,
            "검색코드":11378,
            "세대수":1728.0,
            "준공년월":"2006-02-10",
            "준공년차":17.0,
            "가까운역이름":"구서",
            "가까운역거리":525.4,
            "역세권여부":"준역세권",
            "30분이내주요거점역":0,
            "30분거점역이름":"[]",
            "1시간이내주요거점역":1,
            "1시간거점역이름":"['하단']",
            "3km이내백화점수":0,
            "5km이내아울렛몰수":0,
            "1km이내대형먀트수":1,
            "500m이내은행수":0,
            "500m이내병원수":0,
            "5km이내대형병원수":0,
            "500m이내공원수":1,
            "3km이내혐오시설수":0,
            "초등학교학업성취도":89.99,
            "중학교학업성취도":90.9,
            "용적률":308,
            "건폐율":18,
            "Y":35.251491,
            "X":129.088658,
            "rank":45.0,
            "area_info":"24평(79.95), 24평(81.37), 29평(98.59), 33평(110.81), 36평(122.28), 41평(138.36), 45평(150.03)",
            "last_sales":"2021-10-28,79200.0,41평(138.36)",
            "rank_history":[
                [
                    "202202",
                    45
                ],
                [
                    "202201",
                    35
                ]
            ],
            "rank_gap":-10
        },
        {
            "index":234,
            "아파트명":"무지개타운",
            "투자타입":"재건축",
            "전용면적(m2)":"57.97",
            "전용면적(평)":"17평",
            "법정동주소":"부산시 금정구 부곡동 783",
            "도로명주소":"부산시 금정구 부곡로42번길 33",
            "세대수":0,
            "입주년차":"--",
            "용적률점수":0,
            "건폐율점수":0,
            "세대당주차수":"--",
            "난방방식":"--",
            "공급면적":50,
            "전용률":80,
            "욕실수":"--",
            "현관타입":"--",
            "주거총점":6.5,
            "지역구공급총점":100.0,
            "역세권":80,
            "30분내 이동가능 거점":0,
            "1시간내 이동가능 거점":10,
            "교통총점":42.0,
            "백화점":100,
            "아울렛몰":0,
            "대형마트":100,
            "은행":70,
            "병원":0,
            "종합병원":100,
            "공원":0,
            "혐오시설":0,
            "인프라총점":72.0,
            "초등학군":89.99,
            "중학군":41.52,
            "학군총점":51.214,
            "인구수":24.34,
            "인구증감":-7.84,
            "인구총점":14.686,
            "일자리":10.73,
            "소득수준":54.24,
            "일자리총점":23.783,
            "가치 총점":44.8892,
            "매매실거래년":20210904.0,
            "매매실거래가":38000.0,
            "전세실거래년":20180418.0,
            "전세실거래가":11000.0,
            "전세가율":112.24,
            "장기전세가율평균":71.83,
            "전세가율거품지수":-40.41,
            "검색코드":4171,
            "세대수":198.0,
            "준공년월":"1986-11-25",
            "준공년차":37.0,
            "가까운역이름":"온천장",
            "가까운역거리":369.88,
            "역세권여부":"역세권",
            "30분이내주요거점역":0,
            "30분거점역이름":"[]",
            "1시간이내주요거점역":1,
            "1시간거점역이름":"['하단']",
            "3km이내백화점수":1,
            "5km이내아울렛몰수":0,
            "1km이내대형먀트수":2,
            "500m이내은행수":3,
            "500m이내병원수":0,
            "5km이내대형병원수":4,
            "500m이내공원수":0,
            "3km이내혐오시설수":0,
            "초등학교학업성취도":89.99,
            "중학교학업성취도":67.8,
            "용적률":0,
            "건폐율":0,
            "Y":35.220078,
            "X":129.0905,
            "rank":46.0,
            "area_info":"17평(57.97), 17평(58.17), 17평(58.61), 17평(58.26), 17평(59.44), 18평(59.79), 18평(60.68), 19평(65.58), 20평(66.91), 24평(79.89), 24평(81.55), 25평(84.61), 27평(92.06), 28평(93.72), 28평(95.09)",
            "last_sales":"2021-09-04,38000.0,28평(95.09)",
            "rank_history":[
                [
                    "202202",
                    46
                ],
                [
                    "202201",
                    53
                ]
            ],
            "rank_gap":7
        },
        {
            "index":276,
            "아파트명":"부곡동원로얄듀크2차",
            "투자타입":"일반",
            "전용면적(m2)":"118.74",
            "전용면적(평)":"35평",
            "법정동주소":"부산시 금정구 부곡동 224-5",
            "도로명주소":"부산시 금정구 수림로19번길 26",
            "세대수":0,
            "입주년차":40,
            "용적률점수":"--",
            "건폐율점수":"--",
            "세대당주차수":60,
            "난방방식":30,
            "공급면적":"--",
            "전용률":"--",
            "욕실수":100,
            "현관타입":100,
            "주거총점":40.0,
            "지역구공급총점":100.0,
            "역세권":50,
            "30분내 이동가능 거점":0,
            "1시간내 이동가능 거점":10,
            "교통총점":27.0,
            "백화점":0,
            "아울렛몰":0,
            "대형마트":100,
            "은행":20,
            "병원":0,
            "종합병원":100,
            "공원":100,
            "혐오시설":0,
            "인프라총점":40.0,
            "초등학군":90.0,
            "중학군":54.48,
            "학군총점":61.584,
            "인구수":24.34,
            "인구증감":-7.84,
            "인구총점":14.686,
            "일자리":10.73,
            "소득수준":54.24,
            "일자리총점":23.783,
            "가치 총점":44.5252,
            "매매실거래년":20211005.0,
            "매매실거래가":56000.0,
            "전세실거래년":20201123.0,
            "전세실거래가":35000.0,
            "전세가율":62.5,
            "장기전세가율평균":71.83,
            "전세가율거품지수":9.33,
            "검색코드":14516,
            "세대수":114.0,
            "준공년월":"2005-10-31",
            "준공년차":18.0,
            "가까운역이름":"부산대",
            "가까운역거리":972.35,
            "역세권여부":"준역세권",
            "30분이내주요거점역":0,
            "30분거점역이름":"[]",
            "1시간이내주요거점역":1,
            "1시간거점역이름":"['하단']",
            "3km이내백화점수":0,
            "5km이내아울렛몰수":0,
            "1km이내대형먀트수":2,
            "500m이내은행수":2,
            "500m이내병원수":0,
            "5km이내대형병원수":3,
            "500m이내공원수":2,
            "3km이내혐오시설수":0,
            "초등학교학업성취도":90.0,
            "중학교학업성취도":88.2,
            "용적률":261,
            "건폐율":31,
            "Y":35.238394,
            "X":129.08947,
            "rank":47.0,
            "area_info":"35평(118.74), 41평(138.46), 47평(157.3)",
            "last_sales":"2021-10-05,56000.0,35평(118.74)",
            "rank_history":[
                [
                    "202202",
                    47
                ],
                [
                    "202201",
                    45
                ]
            ],
            "rank_gap":-2
        },
        {
            "index":342,
            "아파트명":"현대",
            "투자타입":"재건축",
            "전용면적(m2)":"88.97",
            "전용면적(평)":"26평",
            "법정동주소":"부산시 금정구 부곡동 364-15",
            "도로명주소":"부산시 금정구 동부곡로27번길 85",
            "세대수":0,
            "입주년차":"--",
            "용적률점수":0,
            "건폐율점수":0,
            "세대당주차수":"--",
            "난방방식":"--",
            "공급면적":70,
            "전용률":80,
            "욕실수":"--",
            "현관타입":"--",
            "주거총점":7.5,
            "지역구공급총점":100.0,
            "역세권":50,
            "30분내 이동가능 거점":0,
            "1시간내 이동가능 거점":10,
            "교통총점":27.0,
            "백화점":100,
            "아울렛몰":0,
            "대형마트":80,
            "은행":0,
            "병원":0,
            "종합병원":100,
            "공원":100,
            "혐오시설":0,
            "인프라총점":65.0,
            "초등학군":89.98,
            "중학군":57.06,
            "학군총점":63.644,
            "인구수":24.34,
            "인구증감":-7.84,
            "인구총점":14.686,
            "일자리":10.73,
            "소득수준":54.24,
            "일자리총점":23.783,
            "가치 총점":44.5182,
            "매매실거래년":20220110.0,
            "매매실거래가":16600.0,
            "전세실거래년":20200218.0,
            "전세실거래가":12000.0,
            "전세가율":72.29,
            "장기전세가율평균":71.83,
            "전세가율거품지수":-0.46,
            "검색코드":4131,
            "세대수":192.0,
            "준공년월":"1989-08-25",
            "준공년차":34.0,
            "가까운역이름":"부산대",
            "가까운역거리":574.66,
            "역세권여부":"준역세권",
            "30분이내주요거점역":0,
            "30분거점역이름":"[]",
            "1시간이내주요거점역":1,
            "1시간거점역이름":"['하단']",
            "3km이내백화점수":1,
            "5km이내아울렛몰수":0,
            "1km이내대형먀트수":1,
            "500m이내은행수":0,
            "500m이내병원수":0,
            "5km이내대형병원수":3,
            "500m이내공원수":2,
            "3km이내혐오시설수":0,
            "초등학교학업성취도":89.98,
            "중학교학업성취도":93.3,
            "용적률":0,
            "건폐율":0,
            "Y":35.230072,
            "X":129.095731,
            "rank":48.0,
            "area_info":"26평(88.97), 26평(89.13), 31평(104.48), 31평(104.79)",
            "last_sales":"2022-01-10,16600.0,26평(88.97)",
            "rank_history":[
                [
                    "202202",
                    48
                ],
                [
                    "202201",
                    58
                ]
            ],
            "rank_gap":10
        },
        {
            "index":369,
            "아파트명":"현대",
            "투자타입":"재건축",
            "전용면적(m2)":"59.52",
            "전용면적(평)":"18평",
            "법정동주소":"부산시 금정구 서동 255",
            "도로명주소":"부산시 금정구 옥봉로13번길 6",
            "세대수":30,
            "입주년차":"--",
            "용적률점수":0,
            "건폐율점수":0,
            "세대당주차수":"--",
            "난방방식":"--",
            "공급면적":50,
            "전용률":80,
            "욕실수":"--",
            "현관타입":"--",
            "주거총점":15.5,
            "지역구공급총점":100.0,
            "역세권":80,
            "30분내 이동가능 거점":0,
            "1시간내 이동가능 거점":10,
            "교통총점":42.0,
            "백화점":100,
            "아울렛몰":0,
            "대형마트":0,
            "은행":0,
            "병원":0,
            "종합병원":100,
            "공원":0,
            "혐오시설":0,
            "인프라총점":50.0,
            "초등학군":90.0,
            "중학군":54.94,
            "학군총점":61.952,
            "인구수":24.34,
            "인구증감":-7.84,
            "인구총점":14.686,
            "일자리":10.73,
            "소득수준":54.24,
            "일자리총점":23.783,
            "가치 총점":43.7606,
            "매매실거래년":20220110.0,
            "매매실거래가":17850.0,
            "전세실거래년":20220111.0,
            "전세실거래가":9000.0,
            "전세가율":50.42,
            "장기전세가율평균":71.83,
            "전세가율거품지수":21.41,
            "검색코드":14632,
            "세대수":386.0,
            "준공년월":"1989-03-14",
            "준공년차":34.0,
            "가까운역이름":"서동",
            "가까운역거리":227.99,
            "역세권여부":"역세권",
            "30분이내주요거점역":0,
            "30분거점역이름":"[]",
            "1시간이내주요거점역":1,
            "1시간거점역이름":"['하단']",
            "3km이내백화점수":1,
            "5km이내아울렛몰수":0,
            "1km이내대형먀트수":0,
            "500m이내은행수":1,
            "500m이내병원수":0,
            "5km이내대형병원수":3,
            "500m이내공원수":0,
            "3km이내혐오시설수":0,
            "초등학교학업성취도":90.0,
            "중학교학업성취도":88.9,
            "용적률":0,
            "건폐율":0,
            "Y":35.211262,
            "X":129.108449,
            "rank":49.0,
            "area_info":"18평(59.52), 21평(70.28)",
            "last_sales":"2022-01-10,17850.0,18평(59.52)",
            "rank_history":[
                [
                    "202202",
                    49
                ],
                [
                    "202201",
                    56
                ]
            ],
            "rank_gap":7
        },
        {
            "index":249,
            "아파트명":"반도맨션(780)",
            "투자타입":"재건축",
            "전용면적(m2)":"84.56",
            "전용면적(평)":"25평",
            "법정동주소":"부산시 금정구 부곡동 780",
            "도로명주소":"부산시 금정구 서동로 16-3",
            "세대수":0,
            "입주년차":"--",
            "용적률점수":0,
            "건폐율점수":0,
            "세대당주차수":"--",
            "난방방식":"--",
            "공급면적":70,
            "전용률":80,
            "욕실수":"--",
            "현관타입":"--",
            "주거총점":7.5,
            "지역구공급총점":100.0,
            "역세권":80,
            "30분내 이동가능 거점":0,
            "1시간내 이동가능 거점":10,
            "교통총점":42.0,
            "백화점":100,
            "아울렛몰":0,
            "대형마트":100,
            "은행":0,
            "병원":0,
            "종합병원":100,
            "공원":80,
            "혐오시설":0,
            "인프라총점":67.4,
            "초등학군":89.99,
            "중학군":41.52,
            "학군총점":51.214,
            "인구수":24.34,
            "인구증감":-7.84,
            "인구총점":14.686,
            "일자리":10.73,
            "소득수준":54.24,
            "일자리총점":23.783,
            "가치 총점":43.7592,
            "매매실거래년":20211022.0,
            "매매실거래가":38000.0,
            "전세실거래년":20210608.0,
            "전세실거래가":17000.0,
            "전세가율":44.74,
            "장기전세가율평균":71.83,
            "전세가율거품지수":27.09,
            "검색코드":4176,
            "세대수":156.0,
            "준공년월":"1985-10-08",
            "준공년차":38.0,
            "가까운역이름":"온천장",
            "가까운역거리":437.7,
            "역세권여부":"역세권",
            "30분이내주요거점역":0,
            "30분거점역이름":"[]",
            "1시간이내주요거점역":1,
            "1시간거점역이름":"['하단']",
            "3km이내백화점수":1,
            "5km이내아울렛몰수":0,
            "1km이내대형먀트수":2,
            "500m이내은행수":1,
            "500m이내병원수":0,
            "5km이내대형병원수":4,
            "500m이내공원수":1,
            "3km이내혐오시설수":0,
            "초등학교학업성취도":89.99,
            "중학교학업성취도":67.8,
            "용적률":0,
            "건폐율":0,
            "Y":35.22072,
            "X":129.091222,
            "rank":50.0,
            "area_info":"25평(84.56), 27평(92.48), 30평(101.27)",
            "last_sales":"2021-10-22,38000.0,25평(84.56)",
            "rank_history":[
                [
                    "202202",
                    50
                ],
                [
                    "202201",
                    55
                ]
            ],
            "rank_gap":5
        },
        {
            "index":447,
            "아파트명":"장전우남이채롬",
            "투자타입":"일반",
            "전용면적(m2)":"96.56",
            "전용면적(평)":"29평",
            "법정동주소":"부산시 금정구 장전동 205-2",
            "도로명주소":"부산시 금정구 금정로 161",
            "세대수":0,
            "입주년차":40,
            "용적률점수":"--",
            "건폐율점수":"--",
            "세대당주차수":30,
            "난방방식":30,
            "공급면적":"--",
            "전용률":"--",
            "욕실수":100,
            "현관타입":100,
            "주거총점":35.5,
            "지역구공급총점":100.0,
            "역세권":50,
            "30분내 이동가능 거점":0,
            "1시간내 이동가능 거점":10,
            "교통총점":27.0,
            "백화점":0,
            "아울렛몰":0,
            "대형마트":100,
            "은행":70,
            "병원":0,
            "종합병원":100,
            "공원":100,
            "혐오시설":0,
            "인프라총점":45.0,
            "초등학군":90.0,
            "중학군":49.2,
            "학군총점":57.36,
            "인구수":24.34,
            "인구증감":-7.84,
            "인구총점":14.686,
            "일자리":10.73,
            "소득수준":54.24,
            "일자리총점":23.783,
            "가치 총점":43.633,
            "매매실거래년":20210828.0,
            "매매실거래가":36500.0,
            "전세실거래년":20210924.0,
            "전세실거래가":25700.0,
            "전세가율":79.08,
            "장기전세가율평균":71.83,
            "전세가율거품지수":-7.25,
            "검색코드":14542,
            "세대수":132.0,
            "준공년월":"2005-12-15",
            "준공년차":18.0,
            "가까운역이름":"구서",
            "가까운역거리":933.85,
            "역세권여부":"준역세권",
            "30분이내주요거점역":0,
            "30분거점역이름":"[]",
            "1시간이내주요거점역":1,
            "1시간거점역이름":"['하단']",
            "3km이내백화점수":0,
            "5km이내아울렛몰수":0,
            "1km이내대형먀트수":2,
            "500m이내은행수":3,
            "500m이내병원수":0,
            "5km이내대형병원수":3,
            "500m이내공원수":2,
            "3km이내혐오시설수":0,
            "초등학교학업성취도":90.0,
            "중학교학업성취도":82.0,
            "용적률":749,
            "건폐율":42,
            "Y":35.239448,
            "X":129.087584,
            "rank":51.0,
            "area_info":"29평(96.56), 31평(103.07)",
            "last_sales":"2021-08-28,36500.0,31평(103.07)",
            "rank_history":[
                [
                    "202202",
                    51
                ],
                [
                    "202201",
                    46
                ]
            ],
            "rank_gap":-5
        },
        {
            "index":397,
            "아파트명":"금정힐스테이트",
            "투자타입":"일반",
            "전용면적(m2)":"106.95",
            "전용면적(평)":"32평",
            "법정동주소":"부산시 금정구 장전동 710",
            "도로명주소":"부산시 금정구 금강로335번길 90",
            "세대수":30,
            "입주년차":60,
            "용적률점수":"--",
            "건폐율점수":"--",
            "세대당주차수":60,
            "난방방식":30,
            "공급면적":"--",
            "전용률":"--",
            "욕실수":100,
            "현관타입":100,
            "주거총점":54.5,
            "지역구공급총점":100.0,
            "역세권":0,
            "30분내 이동가능 거점":0,
            "1시간내 이동가능 거점":10,
            "교통총점":2.0,
            "백화점":0,
            "아울렛몰":0,
            "대형마트":100,
            "은행":0,
            "병원":0,
            "종합병원":100,
            "공원":80,
            "혐오시설":0,
            "인프라총점":37.4,
            "초등학군":89.98,
            "중학군":52.3,
            "학군총점":59.836,
            "인구수":24.34,
            "인구증감":-7.84,
            "인구총점":14.686,
            "일자리":10.73,
            "소득수준":54.24,
            "일자리총점":23.783,
            "가치 총점":43.0958,
            "매매실거래년":20211017.0,
            "매매실거래가":57400.0,
            "전세실거래년":20210912.0,
            "전세실거래가":44500.0,
            "전세가율":77.53,
            "장기전세가율평균":71.83,
            "전세가율거품지수":-5.7,
            "검색코드":26533,
            "세대수":301.0,
            "준공년월":"2010-05-28",
            "준공년차":13.0,
            "가까운역이름":"부산대",
            "가까운역거리":1268.19,
            "역세권여부":"비역세권",
            "30분이내주요거점역":0,
            "30분거점역이름":"[]",
            "1시간이내주요거점역":1,
            "1시간거점역이름":"['하단']",
            "3km이내백화점수":0,
            "5km이내아울렛몰수":0,
            "1km이내대형먀트수":2,
            "500m이내은행수":1,
            "500m이내병원수":0,
            "5km이내대형병원수":3,
            "500m이내공원수":1,
            "3km이내혐오시설수":0,
            "초등학교학업성취도":89.98,
            "중학교학업성취도":86.1,
            "용적률":269,
            "건폐율":17,
            "Y":35.239078,
            "X":129.081569,
            "rank":52.0,
            "area_info":"32평(106.95), 32평(106.42), 32평(106.42), 39평(129.8), 49평(163.12)",
            "last_sales":"2021-10-17,57400.0,32평(106.95)",
            "rank_history":[
                [
                    "202202",
                    52
                ],
                [
                    "202201",
                    34
                ]
            ],
            "rank_gap":-18
        },
        {
            "index":156,
            "아파트명":"삼한",
            "투자타입":"재건축",
            "전용면적(m2)":"101.61",
            "전용면적(평)":"30평",
            "법정동주소":"부산시 금정구 금사동 561-1",
            "도로명주소":"부산시 금정구 중군진로 21",
            "세대수":0,
            "입주년차":"--",
            "용적률점수":0,
            "건폐율점수":0,
            "세대당주차수":"--",
            "난방방식":"--",
            "공급면적":90,
            "전용률":80,
            "욕실수":"--",
            "현관타입":"--",
            "주거총점":8.5,
            "지역구공급총점":100.0,
            "역세권":80,
            "30분내 이동가능 거점":0,
            "1시간내 이동가능 거점":10,
            "교통총점":42.0,
            "백화점":100,
            "아울렛몰":0,
            "대형마트":0,
            "은행":0,
            "병원":0,
            "종합병원":100,
            "공원":100,
            "혐오시설":0,
            "인프라총점":53.0,
            "초등학군":90.0,
            "중학군":54.94,
            "학군총점":61.952,
            "인구수":24.34,
            "인구증감":-7.84,
            "인구총점":14.686,
            "일자리":10.73,
            "소득수준":54.24,
            "일자리총점":23.783,
            "가치 총점":42.9106,
            "매매실거래년":20211104.0,
            "매매실거래가":21750.0,
            "전세실거래년":20140517.0,
            "전세실거래가":10000.0,
            "전세가율":52.63,
            "장기전세가율평균":71.83,
            "전세가율거품지수":19.2,
            "검색코드":4086,
            "세대수":131.0,
            "준공년월":"1992-01-29",
            "준공년차":31.0,
            "가까운역이름":"서동",
            "가까운역거리":196.21,
            "역세권여부":"역세권",
            "30분이내주요거점역":0,
            "30분거점역이름":"[]",
            "1시간이내주요거점역":1,
            "1시간거점역이름":"['하단']",
            "3km이내백화점수":1,
            "5km이내아울렛몰수":0,
            "1km이내대형먀트수":0,
            "500m이내은행수":1,
            "500m이내병원수":0,
            "5km이내대형병원수":3,
            "500m이내공원수":2,
            "3km이내혐오시설수":0,
            "초등학교학업성취도":90.0,
            "중학교학업성취도":88.9,
            "용적률":0,
            "건폐율":0,
            "Y":35.213071,
            "X":129.109681,
            "rank":53.0,
            "area_info":"30평(101.61), 30평(101.3), 30평(101.4), 30평(101.62), 31평(105.44), 43평(144.3), 44평(148.0)",
            "last_sales":"2021-11-04,21750.0,30평(101.3)",
            "rank_history":[
                [
                    "202202",
                    53
                ],
                [
                    "202201",
                    57
                ]
            ],
            "rank_gap":4
        },
        {
            "index":354,
            "아파트명":"서동삼한",
            "투자타입":"일반",
            "전용면적(m2)":"86.39",
            "전용면적(평)":"26평",
            "법정동주소":"부산시 금정구 서동 304-151",
            "도로명주소":"부산시 금정구 명서로 76",
            "세대수":0,
            "입주년차":20,
            "용적률점수":"--",
            "건폐율점수":"--",
            "세대당주차수":0,
            "난방방식":30,
            "공급면적":"--",
            "전용률":"--",
            "욕실수":50,
            "현관타입":100,
            "주거총점":22.0,
            "지역구공급총점":100.0,
            "역세권":50,
            "30분내 이동가능 거점":0,
            "1시간내 이동가능 거점":10,
            "교통총점":27.0,
            "백화점":100,
            "아울렛몰":0,
            "대형마트":0,
            "은행":70,
            "병원":0,
            "종합병원":100,
            "공원":0,
            "혐오시설":0,
            "인프라총점":57.0,
            "초등학군":89.95,
            "중학군":41.52,
            "학군총점":51.206,
            "인구수":24.34,
            "인구증감":-7.84,
            "인구총점":14.686,
            "일자리":10.73,
            "소득수준":54.24,
            "일자리총점":23.783,
            "가치 총점":42.0118,
            "매매실거래년":20211028.0,
            "매매실거래가":15800.0,
            "전세실거래년":20210817.0,
            "전세실거래가":12000.0,
            "전세가율":75.95,
            "장기전세가율평균":71.83,
            "전세가율거품지수":-4.12,
            "검색코드":27881,
            "세대수":241.0,
            "준공년월":"2003-03-26",
            "준공년차":20.0,
            "가까운역이름":"서동",
            "가까운역거리":857.45,
            "역세권여부":"준역세권",
            "30분이내주요거점역":0,
            "30분거점역이름":"[]",
            "1시간이내주요거점역":1,
            "1시간거점역이름":"['하단']",
            "3km이내백화점수":1,
            "5km이내아울렛몰수":0,
            "1km이내대형먀트수":0,
            "500m이내은행수":3,
            "500m이내병원수":0,
            "5km이내대형병원수":4,
            "500m이내공원수":0,
            "3km이내혐오시설수":0,
            "초등학교학업성취도":89.95,
            "중학교학업성취도":67.8,
            "용적률":214,
            "건폐율":20,
            "Y":35.214357,
            "X":129.098199,
            "rank":54.0,
            "area_info":"26평(86.39), 32평(108.61)",
            "last_sales":"2021-10-28,15800.0,26평(86.39)",
            "rank_history":[
                [
                    "202202",
                    54
                ],
                [
                    "202201",
                    49
                ]
            ],
            "rank_gap":-5
        },
        {
            "index":324,
            "아파트명":"퀸즈W장전역(도시형)",
            "투자타입":"일반",
            "전용면적(m2)":"33.8",
            "전용면적(평)":"10평",
            "법정동주소":"부산시 금정구 부곡동 64-23",
            "도로명주소":"부산시 금정구 부곡온천천로 190",
            "세대수":0,
            "입주년차":80,
            "용적률점수":"--",
            "건폐율점수":"--",
            "세대당주차수":0,
            "난방방식":30,
            "공급면적":"--",
            "전용률":"--",
            "욕실수":50,
            "현관타입":100,
            "주거총점":34.0,
            "지역구공급총점":100.0,
            "역세권":50,
            "30분내 이동가능 거점":0,
            "1시간내 이동가능 거점":10,
            "교통총점":27.0,
            "백화점":0,
            "아울렛몰":0,
            "대형마트":100,
            "은행":0,
            "병원":0,
            "종합병원":100,
            "공원":100,
            "혐오시설":0,
            "인프라총점":38.0,
            "초등학군":90.0,
            "중학군":49.2,
            "학군총점":57.36,
            "인구수":24.34,
            "인구증감":-7.84,
            "인구총점":14.686,
            "일자리":10.73,
            "소득수준":54.24,
            "일자리총점":23.783,
            "가치 총점":41.158,
            "매매실거래년":"18000101",
            "매매실거래가":null,
            "전세실거래년":null,
            "전세실거래가":null,
            "전세가율":null,
            "장기전세가율평균":71.83,
            "전세가율거품지수":null,
            "검색코드":111241,
            "세대수":163.0,
            "준공년월":"2017-12-22",
            "준공년차":6.0,
            "가까운역이름":"구서",
            "가까운역거리":577.29,
            "역세권여부":"준역세권",
            "30분이내주요거점역":0,
            "30분거점역이름":"[]",
            "1시간이내주요거점역":1,
            "1시간거점역이름":"['하단']",
            "3km이내백화점수":0,
            "5km이내아울렛몰수":0,
            "1km이내대형먀트수":2,
            "500m이내은행수":1,
            "500m이내병원수":0,
            "5km이내대형병원수":2,
            "500m이내공원수":3,
            "3km이내혐오시설수":0,
            "초등학교학업성취도":90.0,
            "중학교학업성취도":82.0,
            "용적률":829,
            "건폐율":70,
            "Y":35.242123,
            "X":129.090581,
            "rank":55.0,
            "area_info":"10평(33.8), 15평(52.0), 22평(74.52), 22평(74.38), 22평(74.38), 22평(75.42)",
            "last_sales":"1800-01-01,nan,10평(33.8)",
            "rank_history":[
                [
                    "202202",
                    55
                ],
                [
                    "202201",
                    54
                ]
            ],
            "rank_gap":-1
        },
        {
            "index":98,
            "아파트명":"구서유림노르웨이아침",
            "투자타입":"일반",
            "전용면적(m2)":"45.36",
            "전용면적(평)":"13평",
            "법정동주소":"부산시 금정구 구서동 420-12",
            "도로명주소":"부산시 금정구 중앙대로 1799",
            "세대수":0,
            "입주년차":40,
            "용적률점수":"--",
            "건폐율점수":"--",
            "세대당주차수":0,
            "난방방식":30,
            "공급면적":"--",
            "전용률":"--",
            "욕실수":50,
            "현관타입":10,
            "주거총점":17.0,
            "지역구공급총점":100.0,
            "역세권":80,
            "30분내 이동가능 거점":0,
            "1시간내 이동가능 거점":10,
            "교통총점":42.0,
            "백화점":0,
            "아울렛몰":0,
            "대형마트":100,
            "은행":20,
            "병원":0,
            "종합병원":100,
            "공원":100,
            "혐오시설":0,
            "인프라총점":40.0,
            "초등학군":90.0,
            "중학군":51.98,
            "학군총점":59.584,
            "인구수":24.34,
            "인구증감":-7.84,
            "인구총점":14.686,
            "일자리":10.73,
            "소득수준":54.24,
            "일자리총점":23.783,
            "가치 총점":40.4252,
            "매매실거래년":20210820.0,
            "매매실거래가":34500.0,
            "전세실거래년":20220104.0,
            "전세실거래가":10000.0,
            "전세가율":95.24,
            "장기전세가율평균":71.83,
            "전세가율거품지수":-23.41,
            "검색코드":19679,
            "세대수":297.0,
            "준공년월":"2004-12-16",
            "준공년차":19.0,
            "가까운역이름":"구서",
            "가까운역거리":295.31,
            "역세권여부":"역세권",
            "30분이내주요거점역":0,
            "30분거점역이름":"[]",
            "1시간이내주요거점역":1,
            "1시간거점역이름":"['하단']",
            "3km이내백화점수":0,
            "5km이내아울렛몰수":0,
            "1km이내대형먀트수":2,
            "500m이내은행수":2,
            "500m이내병원수":0,
            "5km이내대형병원수":2,
            "500m이내공원수":3,
            "3km이내혐오시설수":0,
            "초등학교학업성취도":90.0,
            "중학교학업성취도":83.1,
            "용적률":0,
            "건폐율":70,
            "Y":35.244926,
            "X":129.092788,
            "rank":56.0,
            "area_info":"13평(45.36), 15평(50.86), 17평(57.92), 18평(60.17), 19평(64.92), 32평(107.54), 32평(108.27), 33평(109.1), 40평(134.7), 42평(140.95), 42평(141.87)",
            "last_sales":"2021-08-20,34500.0,42평(141.87)",
            "rank_history":[
                [
                    "202202",
                    56
                ],
                [
                    "202201",
                    62
                ]
            ],
            "rank_gap":6
        },
        {
            "index":95,
            "아파트명":"구서우성",
            "투자타입":"일반",
            "전용면적(m2)":"88.94",
            "전용면적(평)":"26평",
            "법정동주소":"부산시 금정구 구서동 1027-1",
            "도로명주소":"부산시 금정구 금강로541번길 40",
            "세대수":90,
            "입주년차":0,
            "용적률점수":"--",
            "건폐율점수":"--",
            "세대당주차수":0,
            "난방방식":30,
            "공급면적":"--",
            "전용률":"--",
            "욕실수":50,
            "현관타입":100,
            "주거총점":49.5,
            "지역구공급총점":100.0,
            "역세권":50,
            "30분내 이동가능 거점":0,
            "1시간내 이동가능 거점":10,
            "교통총점":27.0,
            "백화점":0,
            "아울렛몰":0,
            "대형마트":80,
            "은행":0,
            "병원":0,
            "종합병원":0,
            "공원":100,
            "혐오시설":0,
            "인프라총점":15.0,
            "초등학군":90.0,
            "중학군":57.06,
            "학군총점":63.648,
            "인구수":24.34,
            "인구증감":-7.84,
            "인구총점":14.686,
            "일자리":10.73,
            "소득수준":54.24,
            "일자리총점":23.783,
            "가치 총점":40.0194,
            "매매실거래년":20220127.0,
            "매매실거래가":27500.0,
            "전세실거래년":20220119.0,
            "전세실거래가":22000.0,
            "전세가율":73.33,
            "장기전세가율평균":71.83,
            "전세가율거품지수":-1.5,
            "검색코드":4055,
            "세대수":1118.0,
            "준공년월":"1994-12-30",
            "준공년차":29.0,
            "가까운역이름":"두실",
            "가까운역거리":537.38,
            "역세권여부":"준역세권",
            "30분이내주요거점역":0,
            "30분거점역이름":"[]",
            "1시간이내주요거점역":1,
            "1시간거점역이름":"['하단']",
            "3km이내백화점수":0,
            "5km이내아울렛몰수":0,
            "1km이내대형먀트수":1,
            "500m이내은행수":1,
            "500m이내병원수":0,
            "5km이내대형병원수":0,
            "500m이내공원수":2,
            "3km이내혐오시설수":0,
            "초등학교학업성취도":90.0,
            "중학교학업성취도":90.9,
            "용적률":0,
            "건폐율":0,
            "Y":35.256277,
            "X":129.085523,
            "rank":57.0,
            "area_info":"26평(88.94), 30평(101.97), 30평(101.83)",
            "last_sales":"2022-01-27,27500.0,30평(101.97)",
            "rank_history":[
                [
                    "202202",
                    57
                ],
                [
                    "202201",
                    59
                ]
            ],
            "rank_gap":2
        },
        {
            "index":143,
            "아파트명":"한일",
            "투자타입":"재건축",
            "전용면적(m2)":"45.84",
            "전용면적(평)":"13평",
            "법정동주소":"부산시 금정구 구서동 252-7",
            "도로명주소":"부산시 금정구 금강로468번길 19",
            "세대수":0,
            "입주년차":"--",
            "용적률점수":0,
            "건폐율점수":0,
            "세대당주차수":"--",
            "난방방식":"--",
            "공급면적":50,
            "전용률":80,
            "욕실수":"--",
            "현관타입":"--",
            "주거총점":6.5,
            "지역구공급총점":100.0,
            "역세권":80,
            "30분내 이동가능 거점":0,
            "1시간내 이동가능 거점":10,
            "교통총점":42.0,
            "백화점":0,
            "아울렛몰":0,
            "대형마트":80,
            "은행":100,
            "병원":0,
            "종합병원":80,
            "공원":100,
            "혐오시설":0,
            "인프라총점":41.0,
            "초등학군":90.0,
            "중학군":57.06,
            "학군총점":63.648,
            "인구수":24.34,
            "인구증감":-7.84,
            "인구총점":14.686,
            "일자리":10.73,
            "소득수준":54.24,
            "일자리총점":23.783,
            "가치 총점":39.3194,
            "매매실거래년":20210703.0,
            "매매실거래가":34800.0,
            "전세실거래년":20180716.0,
            "전세실거래가":7000.0,
            "전세가율":35.18,
            "장기전세가율평균":71.83,
            "전세가율거품지수":36.65,
            "검색코드":11627,
            "세대수":116.0,
            "준공년월":"1982-11-29",
            "준공년차":41.0,
            "가까운역이름":"구서",
            "가까운역거리":287.63,
            "역세권여부":"역세권",
            "30분이내주요거점역":0,
            "30분거점역이름":"[]",
            "1시간이내주요거점역":1,
            "1시간거점역이름":"['하단']",
            "3km이내백화점수":0,
            "5km이내아울렛몰수":0,
            "1km이내대형먀트수":1,
            "500m이내은행수":5,
            "500m이내병원수":0,
            "5km이내대형병원수":1,
            "500m이내공원수":2,
            "3km이내혐오시설수":0,
            "초등학교학업성취도":90.0,
            "중학교학업성취도":90.9,
            "용적률":0,
            "건폐율":0,
            "Y":35.249151,
            "X":129.089098,
            "rank":58.0,
            "area_info":"13평(45.84), 13평(45.99), 15평(50.65), 15평(52.26), 16평(54.08), 17평(56.6), 16평(56.17), 19평(64.24), 23평(78.61)",
            "last_sales":"2021-07-03,34800.0,17평(56.6)",
            "rank_history":[
                [
                    "202202",
                    58
                ],
                [
                    "202201",
                    63
                ]
            ],
            "rank_gap":5
        },
        {
            "index":109,
            "아파트명":"구서협성엠파이어",
            "투자타입":"일반",
            "전용면적(m2)":"112.01",
            "전용면적(평)":"33평",
            "법정동주소":"부산시 금정구 구서동 183-2",
            "도로명주소":"부산시 금정구 중앙대로 1920",
            "세대수":0,
            "입주년차":60,
            "용적률점수":"--",
            "건폐율점수":"--",
            "세대당주차수":30,
            "난방방식":30,
            "공급면적":"--",
            "전용률":"--",
            "욕실수":100,
            "현관타입":100,
            "주거총점":39.5,
            "지역구공급총점":100.0,
            "역세권":80,
            "30분내 이동가능 거점":0,
            "1시간내 이동가능 거점":10,
            "교통총점":42.0,
            "백화점":0,
            "아울렛몰":0,
            "대형마트":80,
            "은행":70,
            "병원":0,
            "종합병원":0,
            "공원":0,
            "혐오시설":0,
            "인프라총점":19.0,
            "초등학군":89.99,
            "중학군":49.66,
            "학군총점":57.726,
            "인구수":24.34,
            "인구증감":-7.84,
            "인구총점":14.686,
            "일자리":10.73,
            "소득수준":54.24,
            "일자리총점":23.783,
            "가치 총점":39.1928,
            "매매실거래년":20210927.0,
            "매매실거래가":52500.0,
            "전세실거래년":20201228.0,
            "전세실거래가":28000.0,
            "전세가율":53.33,
            "장기전세가율평균":71.83,
            "전세가율거품지수":18.5,
            "검색코드":103548,
            "세대수":299.0,
            "준공년월":"2013-04-01",
            "준공년차":10.0,
            "가까운역이름":"두실",
            "가까운역거리":166.17,
            "역세권여부":"역세권",
            "30분이내주요거점역":0,
            "30분거점역이름":"[]",
            "1시간이내주요거점역":1,
            "1시간거점역이름":"['하단']",
            "3km이내백화점수":0,
            "5km이내아울렛몰수":0,
            "1km이내대형먀트수":1,
            "500m이내은행수":3,
            "500m이내병원수":0,
            "5km이내대형병원수":0,
            "500m이내공원수":0,
            "3km이내혐오시설수":0,
            "초등학교학업성취도":89.99,
            "중학교학업성취도":81.5,
            "용적률":718,
            "건폐율":59,
            "Y":35.255623,
            "X":129.092031,
            "rank":59.0,
            "area_info":"33평(112.01), 34평(112.89), 34평(113.15), 34평(113.28), 34평(113.13), 34평(113.33), 34평(113.68)",
            "last_sales":"2021-09-27,52500.0,33평(112.01)",
            "rank_history":[
                [
                    "202202",
                    59
                ],
                [
                    "202201",
                    61
                ]
            ],
            "rank_gap":2
        },
        {
            "index":67,
            "아파트명":"구서신동아",
            "투자타입":"일반",
            "전용면적(m2)":"74.92",
            "전용면적(평)":"22평",
            "법정동주소":"부산시 금정구 구서동 165-1",
            "도로명주소":"부산시 금정구 중앙대로1929번길 48-1",
            "세대수":50,
            "입주년차":0,
            "용적률점수":"--",
            "건폐율점수":"--",
            "세대당주차수":0,
            "난방방식":30,
            "공급면적":"--",
            "전용률":"--",
            "욕실수":50,
            "현관타입":100,
            "주거총점":35.5,
            "지역구공급총점":100.0,
            "역세권":80,
            "30분내 이동가능 거점":0,
            "1시간내 이동가능 거점":10,
            "교통총점":42.0,
            "백화점":0,
            "아울렛몰":0,
            "대형마트":80,
            "은행":70,
            "병원":0,
            "종합병원":0,
            "공원":100,
            "혐오시설":0,
            "인프라총점":22.0,
            "초등학군":90.0,
            "중학군":49.66,
            "학군총점":57.728,
            "인구수":24.34,
            "인구증감":-7.84,
            "인구총점":14.686,
            "일자리":10.73,
            "소득수준":54.24,
            "일자리총점":23.783,
            "가치 총점":39.0934,
            "매매실거래년":20220112.0,
            "매매실거래가":25000.0,
            "전세실거래년":20211101.0,
            "전세실거래가":20000.0,
            "전세가율":80.0,
            "장기전세가율평균":71.83,
            "전세가율거품지수":-8.17,
            "검색코드":4056,
            "세대수":478.0,
            "준공년월":"1997-05-31",
            "준공년차":26.0,
            "가까운역이름":"두실",
            "가까운역거리":267.77,
            "역세권여부":"역세권",
            "30분이내주요거점역":0,
            "30분거점역이름":"[]",
            "1시간이내주요거점역":1,
            "1시간거점역이름":"['하단']",
            "3km이내백화점수":0,
            "5km이내아울렛몰수":0,
            "1km이내대형먀트수":1,
            "500m이내은행수":3,
            "500m이내병원수":0,
            "5km이내대형병원수":0,
            "500m이내공원수":3,
            "3km이내혐오시설수":0,
            "초등학교학업성취도":90.0,
            "중학교학업성취도":81.5,
            "용적률":397,
            "건폐율":24,
            "Y":35.257062,
            "X":129.088423,
            "rank":60.0,
            "area_info":"22평(74.92), 32평(106.28), 32평(106.19), 43평(143.57), 52평(172.14)",
            "last_sales":"2022-01-12,25000.0,22평(74.92)",
            "rank_history":[
                [
                    "202202",
                    60
                ],
                [
                    "202201",
                    60
                ]
            ],
            "rank_gap":0
        },
        {
            "index":134,
            "아파트명":"성원맨투로빌",
            "투자타입":"일반",
            "전용면적(m2)":"97.27",
            "전용면적(평)":"29평",
            "법정동주소":"부산시 금정구 구서동 177-27",
            "도로명주소":"부산시 금정구 중앙대로 1926",
            "세대수":0,
            "입주년차":40,
            "용적률점수":"--",
            "건폐율점수":"--",
            "세대당주차수":30,
            "난방방식":30,
            "공급면적":"--",
            "전용률":"--",
            "욕실수":100,
            "현관타입":50,
            "주거총점":30.5,
            "지역구공급총점":100.0,
            "역세권":100,
            "30분내 이동가능 거점":0,
            "1시간내 이동가능 거점":10,
            "교통총점":52.0,
            "백화점":0,
            "아울렛몰":0,
            "대형마트":80,
            "은행":70,
            "병원":0,
            "종합병원":0,
            "공원":0,
            "혐오시설":0,
            "인프라총점":19.0,
            "초등학군":89.99,
            "중학군":49.66,
            "학군총점":57.726,
            "인구수":24.34,
            "인구증감":-7.84,
            "인구총점":14.686,
            "일자리":10.73,
            "소득수준":54.24,
            "일자리총점":23.783,
            "가치 총점":38.4428,
            "매매실거래년":20211109.0,
            "매매실거래가":32250.0,
            "전세실거래년":20150818.0,
            "전세실거래가":17000.0,
            "전세가율":65.89,
            "장기전세가율평균":71.83,
            "전세가율거품지수":5.94,
            "검색코드":19384,
            "세대수":143.0,
            "준공년월":"2004-10-13",
            "준공년차":19.0,
            "가까운역이름":"두실",
            "가까운역거리":93.68,
            "역세권여부":"초역세권",
            "30분이내주요거점역":0,
            "30분거점역이름":"[]",
            "1시간이내주요거점역":1,
            "1시간거점역이름":"['하단']",
            "3km이내백화점수":0,
            "5km이내아울렛몰수":0,
            "1km이내대형먀트수":1,
            "500m이내은행수":3,
            "500m이내병원수":0,
            "5km이내대형병원수":0,
            "500m이내공원수":0,
            "3km이내혐오시설수":0,
            "초등학교학업성취도":89.99,
            "중학교학업성취도":81.5,
            "용적률":911,
            "건폐율":84,
            "Y":35.256292,
            "X":129.091897,
            "rank":61.0,
            "area_info":"29평(97.27), 29평(97.46), 30평(99.8), 30평(99.94), 30평(100.0)",
            "last_sales":"2021-11-09,32250.0,30평(99.8)",
            "rank_history":[
                [
                    "202202",
                    61
                ],
                [
                    "202201",
                    68
                ]
            ],
            "rank_gap":7
        },
        {
            "index":488,
            "아파트명":"청룡협성엠파이어",
            "투자타입":"일반",
            "전용면적(m2)":"100.39",
            "전용면적(평)":"30평",
            "법정동주소":"부산시 금정구 청룡동 8-1",
            "도로명주소":"부산시 금정구 중앙대로 2120",
            "세대수":0,
            "입주년차":60,
            "용적률점수":"--",
            "건폐율점수":"--",
            "세대당주차수":30,
            "난방방식":30,
            "공급면적":"--",
            "전용률":"--",
            "욕실수":100,
            "현관타입":100,
            "주거총점":39.5,
            "지역구공급총점":100.0,
            "역세권":100,
            "30분내 이동가능 거점":0,
            "1시간내 이동가능 거점":10,
            "교통총점":52.0,
            "백화점":0,
            "아울렛몰":0,
            "대형마트":80,
            "은행":0,
            "병원":0,
            "종합병원":0,
            "공원":80,
            "혐오시설":0,
            "인프라총점":14.4,
            "초등학군":89.99,
            "중학군":43.94,
            "학군총점":53.15,
            "인구수":24.34,
            "인구증감":-7.84,
            "인구총점":14.686,
            "일자리":10.73,
            "소득수준":54.24,
            "일자리총점":23.783,
            "가치 총점":37.94,
            "매매실거래년":20210820.0,
            "매매실거래가":46200.0,
            "전세실거래년":20211201.0,
            "전세실거래가":30000.0,
            "전세가율":64.94,
            "장기전세가율평균":71.83,
            "전세가율거품지수":6.89,
            "검색코드":103486,
            "세대수":299.0,
            "준공년월":"2013-10-18",
            "준공년차":10.0,
            "가까운역이름":"범어사",
            "가까운역거리":75.6,
            "역세권여부":"초역세권",
            "30분이내주요거점역":0,
            "30분거점역이름":"[]",
            "1시간이내주요거점역":1,
            "1시간거점역이름":"['하단']",
            "3km이내백화점수":0,
            "5km이내아울렛몰수":0,
            "1km이내대형먀트수":1,
            "500m이내은행수":0,
            "500m이내병원수":0,
            "5km이내대형병원수":0,
            "500m이내공원수":1,
            "3km이내혐오시설수":0,
            "초등학교학업성취도":89.99,
            "중학교학업성취도":72.9,
            "용적률":650,
            "건폐율":71,
            "Y":35.273395,
            "X":129.093368,
            "rank":62.0,
            "area_info":"30평(100.39), 31평(102.77), 33평(109.22), 33평(110.31), 33평(111.75)",
            "last_sales":"2021-08-20,46200.0,30평(100.39)",
            "rank_history":[
                [
                    "202202",
                    62
                ],
                [
                    "202201",
                    67
                ]
            ],
            "rank_gap":5
        },
        {
            "index":54,
            "아파트명":"구서선경3차",
            "투자타입":"재건축",
            "전용면적(m2)":"102.28",
            "전용면적(평)":"30평",
            "법정동주소":"부산시 금정구 구서동 1006-2",
            "도로명주소":"부산시 금정구 금강로565번길 54",
            "세대수":80,
            "입주년차":"--",
            "용적률점수":20,
            "건폐율점수":100,
            "세대당주차수":"--",
            "난방방식":"--",
            "공급면적":90,
            "전용률":80,
            "욕실수":"--",
            "현관타입":"--",
            "주거총점":60.5,
            "지역구공급총점":100.0,
            "역세권":50,
            "30분내 이동가능 거점":0,
            "1시간내 이동가능 거점":10,
            "교통총점":27.0,
            "백화점":0,
            "아울렛몰":0,
            "대형마트":0,
            "은행":0,
            "병원":0,
            "종합병원":0,
            "공원":100,
            "혐오시설":0,
            "인프라총점":3.0,
            "초등학군":89.99,
            "중학군":49.66,
            "학군총점":57.726,
            "인구수":24.34,
            "인구증감":-7.84,
            "인구총점":14.686,
            "일자리":10.73,
            "소득수준":54.24,
            "일자리총점":23.783,
            "가치 총점":37.3928,
            "매매실거래년":20210915.0,
            "매매실거래가":71000.0,
            "전세실거래년":20211223.0,
            "전세실거래가":19900.0,
            "전세가율":40.61,
            "장기전세가율평균":71.83,
            "전세가율거품지수":31.22,
            "검색코드":4073,
            "세대수":795.0,
            "준공년월":"1989-07-01",
            "준공년차":34.0,
            "가까운역이름":"두실",
            "가까운역거리":639.51,
            "역세권여부":"준역세권",
            "30분이내주요거점역":0,
            "30분거점역이름":"[]",
            "1시간이내주요거점역":1,
            "1시간거점역이름":"['하단']",
            "3km이내백화점수":0,
            "5km이내아울렛몰수":0,
            "1km이내대형먀트수":0,
            "500m이내은행수":0,
            "500m이내병원수":0,
            "5km이내대형병원수":0,
            "500m이내공원수":3,
            "3km이내혐오시설수":0,
            "초등학교학업성취도":89.99,
            "중학교학업성취도":81.5,
            "용적률":203,
            "건폐율":16,
            "Y":35.259553,
            "X":129.08505,
            "rank":63.0,
            "area_info":"30평(102.28), 31평(103.5), 42평(141.39), 48평(159.51), 57평(188.48), 64평(213.93), 64평(214.18)",
            "last_sales":"2021-09-15,71000.0,57평(188.48)",
            "rank_history":[
                [
                    "202202",
                    63
                ],
                [
                    "202201",
                    64
                ]
            ],
            "rank_gap":1
        },
        {
            "index":181,
            "아파트명":"남산우남이채롬",
            "투자타입":"일반",
            "전용면적(m2)":"97.49",
            "전용면적(평)":"29평",
            "법정동주소":"부산시 금정구 남산동 9",
            "도로명주소":"부산시 금정구 금단로 113-5",
            "세대수":0,
            "입주년차":40,
            "용적률점수":"--",
            "건폐율점수":"--",
            "세대당주차수":60,
            "난방방식":30,
            "공급면적":"--",
            "전용률":"--",
            "욕실수":100,
            "현관타입":100,
            "주거총점":40.0,
            "지역구공급총점":100.0,
            "역세권":80,
            "30분내 이동가능 거점":0,
            "1시간내 이동가능 거점":10,
            "교통총점":42.0,
            "백화점":0,
            "아울렛몰":0,
            "대형마트":0,
            "은행":70,
            "병원":0,
            "종합병원":0,
            "공원":80,
            "혐오시설":0,
            "인프라총점":9.4,
            "초등학군":89.99,
            "중학군":49.66,
            "학군총점":57.726,
            "인구수":24.34,
            "인구증감":-7.84,
            "인구총점":14.686,
            "일자리":10.73,
            "소득수준":54.24,
            "일자리총점":23.783,
            "가치 총점":36.4378,
            "매매실거래년":20211113.0,
            "매매실거래가":30700.0,
            "전세실거래년":20171012.0,
            "전세실거래가":20000.0,
            "전세가율":65.15,
            "장기전세가율평균":71.83,
            "전세가율거품지수":6.68,
            "검색코드":25638,
            "세대수":126.0,
            "준공년월":"2006-07-28",
            "준공년차":17.0,
            "가까운역이름":"두실",
            "가까운역거리":278.04,
            "역세권여부":"역세권",
            "30분이내주요거점역":0,
            "30분거점역이름":"[]",
            "1시간이내주요거점역":1,
            "1시간거점역이름":"['하단']",
            "3km이내백화점수":0,
            "5km이내아울렛몰수":0,
            "1km이내대형먀트수":0,
            "500m이내은행수":3,
            "500m이내병원수":0,
            "5km이내대형병원수":0,
            "500m이내공원수":1,
            "3km이내혐오시설수":0,
            "초등학교학업성취도":89.99,
            "중학교학업성취도":81.5,
            "용적률":608,
            "건폐율":67,
            "Y":35.259416,
            "X":129.092235,
            "rank":64.0,
            "area_info":"29평(97.49), 29평(97.15), 30평(102.0), 30평(102.03)",
            "last_sales":"2021-11-13,30700.0,29평(97.49)",
            "rank_history":[
                [
                    "202202",
                    64
                ],
                [
                    "202201",
                    69
                ]
            ],
            "rank_gap":5
        },
        {
            "index":120,
            "아파트명":"부영벽산",
            "투자타입":"일반",
            "전용면적(m2)":"95.46",
            "전용면적(평)":"28평",
            "법정동주소":"부산시 금정구 구서동 166-1",
            "도로명주소":"부산시 금정구 중앙대로1929번길 48",
            "세대수":0,
            "입주년차":0,
            "용적률점수":"--",
            "건폐율점수":"--",
            "세대당주차수":0,
            "난방방식":30,
            "공급면적":"--",
            "전용률":"--",
            "욕실수":100,
            "현관타입":100,
            "주거총점":23.0,
            "지역구공급총점":100.0,
            "역세권":80,
            "30분내 이동가능 거점":0,
            "1시간내 이동가능 거점":10,
            "교통총점":42.0,
            "백화점":0,
            "아울렛몰":0,
            "대형마트":80,
            "은행":70,
            "병원":0,
            "종합병원":0,
            "공원":100,
            "혐오시설":0,
            "인프라총점":22.0,
            "초등학군":90.0,
            "중학군":49.66,
            "학군총점":57.728,
            "인구수":24.34,
            "인구증감":-7.84,
            "인구총점":14.686,
            "일자리":10.73,
            "소득수준":54.24,
            "일자리총점":23.783,
            "가치 총점":35.9684,
            "매매실거래년":20210320.0,
            "매매실거래가":43700.0,
            "전세실거래년":20210930.0,
            "전세실거래가":27000.0,
            "전세가율":98.18,
            "장기전세가율평균":71.83,
            "전세가율거품지수":-26.35,
            "검색코드":4016,
            "세대수":220.0,
            "준공년월":"1993-05-08",
            "준공년차":30.0,
            "가까운역이름":"두실",
            "가까운역거리":231.69,
            "역세권여부":"역세권",
            "30분이내주요거점역":0,
            "30분거점역이름":"[]",
            "1시간이내주요거점역":1,
            "1시간거점역이름":"['하단']",
            "3km이내백화점수":0,
            "5km이내아울렛몰수":0,
            "1km이내대형먀트수":1,
            "500m이내은행수":3,
            "500m이내병원수":0,
            "5km이내대형병원수":0,
            "500m이내공원수":3,
            "3km이내혐오시설수":0,
            "초등학교학업성취도":90.0,
            "중학교학업성취도":81.5,
            "용적률":315,
            "건폐율":20,
            "Y":35.257463,
            "X":129.088879,
            "rank":65.0,
            "area_info":"28평(95.46), 30평(101.58), 31평(102.66), 31평(104.39), 53평(175.6), 53평(176.05), 56평(187.84), 58평(193.65), 65평(218.11)",
            "last_sales":"2021-03-20,43700.0,58평(193.65)",
            "rank_history":[
                [
                    "202202",
                    65
                ],
                [
                    "202201",
                    70
                ]
            ],
            "rank_gap":5
        },
        {
            "index":356,
            "아파트명":"한성기린",
            "투자타입":"재건축",
            "전용면적(m2)":"60.15",
            "전용면적(평)":"18평",
            "법정동주소":"부산시 금정구 서동 27-2",
            "도로명주소":"부산시 금정구 서금로 45",
            "세대수":0,
            "입주년차":"--",
            "용적률점수":0,
            "건폐율점수":0,
            "세대당주차수":"--",
            "난방방식":"--",
            "공급면적":50,
            "전용률":80,
            "욕실수":"--",
            "현관타입":"--",
            "주거총점":6.5,
            "지역구공급총점":100.0,
            "역세권":50,
            "30분내 이동가능 거점":0,
            "1시간내 이동가능 거점":10,
            "교통총점":27.0,
            "백화점":100,
            "아울렛몰":0,
            "대형마트":0,
            "은행":0,
            "병원":0,
            "종합병원":100,
            "공원":100,
            "혐오시설":0,
            "인프라총점":53.0,
            "초등학군":90.02,
            "중학군":36.14,
            "학군총점":46.916,
            "인구수":24.34,
            "인구증감":-7.84,
            "인구총점":14.686,
            "일자리":10.73,
            "소득수준":54.24,
            "일자리총점":23.783,
            "가치 총점":35.6498,
            "매매실거래년":20210614.0,
            "매매실거래가":10000.0,
            "전세실거래년":20200528.0,
            "전세실거래가":5000.0,
            "전세가율":62.5,
            "장기전세가율평균":71.83,
            "전세가율거품지수":9.33,
            "검색코드":102079,
            "세대수":110.0,
            "준공년월":"1986-06-14",
            "준공년차":37.0,
            "가까운역이름":"서동",
            "가까운역거리":761.37,
            "역세권여부":"준역세권",
            "30분이내주요거점역":0,
            "30분거점역이름":"[]",
            "1시간이내주요거점역":1,
            "1시간거점역이름":"['하단']",
            "3km이내백화점수":1,
            "5km이내아울렛몰수":0,
            "1km이내대형먀트수":0,
            "500m이내은행수":0,
            "500m이내병원수":0,
            "5km이내대형병원수":3,
            "500m이내공원수":2,
            "3km이내혐오시설수":0,
            "초등학교학업성취도":90.02,
            "중학교학업성취도":59.3,
            "용적률":0,
            "건폐율":0,
            "Y":35.219927,
            "X":129.106183,
            "rank":66.0,
            "area_info":"18평(60.15), 18평(60.34), 18평(61.81), 18평(62.63), 19평(64.01), 19평(65.16), 20평(66.59), 20평(67.69), 20평(68.8), 22평(74.58), 23평(77.04), 23평(78.48), 24평(80.1)",
            "last_sales":"2021-06-14,10000.0,20평(67.69)",
            "rank_history":[
                [
                    "202202",
                    66
                ],
                [
                    "202201",
                    66
                ]
            ],
            "rank_gap":0
        },
        {
            "index":0,
            "아파트명":"경보",
            "투자타입":"일반",
            "전용면적(m2)":"76.11",
            "전용면적(평)":"23평",
            "법정동주소":"부산시 금정구 구서동 267",
            "도로명주소":"부산시 금정구 금단로 33",
            "세대수":0,
            "입주년차":0,
            "용적률점수":"--",
            "건폐율점수":"--",
            "세대당주차수":30,
            "난방방식":30,
            "공급면적":"--",
            "전용률":"--",
            "욕실수":50,
            "현관타입":100,
            "주거총점":22.5,
            "지역구공급총점":100.0,
            "역세권":80,
            "30분내 이동가능 거점":0,
            "1시간내 이동가능 거점":10,
            "교통총점":42.0,
            "백화점":0,
            "아울렛몰":0,
            "대형마트":80,
            "은행":20,
            "병원":0,
            "종합병원":0,
            "공원":0,
            "혐오시설":0,
            "인프라총점":14.0,
            "초등학군":89.99,
            "중학군":57.06,
            "학군총점":63.646,
            "인구수":24.34,
            "인구증감":-7.84,
            "인구총점":14.686,
            "일자리":10.73,
            "소득수준":54.24,
            "일자리총점":23.783,
            "가치 총점":35.2188,
            "매매실거래년":20211205.0,
            "매매실거래가":18800.0,
            "전세실거래년":20211022.0,
            "전세실거래가":15750.0,
            "전세가율":83.78,
            "장기전세가율평균":71.83,
            "전세가율거품지수":-11.95,
            "검색코드":9425,
            "세대수":199.0,
            "준공년월":"1996-07-31",
            "준공년차":27.0,
            "가까운역이름":"두실",
            "가까운역거리":480.43,
            "역세권여부":"역세권",
            "30분이내주요거점역":0,
            "30분거점역이름":"[]",
            "1시간이내주요거점역":1,
            "1시간거점역이름":"['하단']",
            "3km이내백화점수":0,
            "5km이내아울렛몰수":0,
            "1km이내대형먀트수":1,
            "500m이내은행수":2,
            "500m이내병원수":0,
            "5km이내대형병원수":0,
            "500m이내공원수":0,
            "3km이내혐오시설수":0,
            "초등학교학업성취도":89.99,
            "중학교학업성취도":90.9,
            "용적률":399,
            "건폐율":28,
            "Y":35.252841,
            "X":129.092729,
            "rank":67.0,
            "area_info":"23평(76.11), 26평(86.99), 32평(108.26)",
            "last_sales":"2021-12-05,18800.0,23평(76.11)",
            "rank_history":[
                [
                    "202202",
                    67
                ],
                [
                    "202201",
                    74
                ]
            ],
            "rank_gap":7
        },
        {
            "index":178,
            "아파트명":"남산신화하니엘",
            "투자타입":"일반",
            "전용면적(m2)":"69.59",
            "전용면적(평)":"21평",
            "법정동주소":"부산시 금정구 남산동 23-2",
            "도로명주소":"부산시 금정구 중앙대로 2100-1",
            "세대수":0,
            "입주년차":80,
            "용적률점수":"--",
            "건폐율점수":"--",
            "세대당주차수":0,
            "난방방식":30,
            "공급면적":"--",
            "전용률":"--",
            "욕실수":50,
            "현관타입":100,
            "주거총점":34.0,
            "지역구공급총점":100.0,
            "역세권":80,
            "30분내 이동가능 거점":0,
            "1시간내 이동가능 거점":10,
            "교통총점":42.0,
            "백화점":0,
            "아울렛몰":0,
            "대형마트":80,
            "은행":0,
            "병원":0,
            "종합병원":0,
            "공원":80,
            "혐오시설":0,
            "인프라총점":14.4,
            "초등학군":89.99,
            "중학군":43.94,
            "학군총점":53.15,
            "인구수":24.34,
            "인구증감":-7.84,
            "인구총점":14.686,
            "일자리":10.73,
            "소득수준":54.24,
            "일자리총점":23.783,
            "가치 총점":35.065,
            "매매실거래년":20211021.0,
            "매매실거래가":28800.0,
            "전세실거래년":20211115.0,
            "전세실거래가":17000.0,
            "전세가율":85.86,
            "장기전세가율평균":71.83,
            "전세가율거품지수":-14.03,
            "검색코드":107184,
            "세대수":115.0,
            "준공년월":"2014-01-29",
            "준공년차":9.0,
            "가까운역이름":"범어사",
            "가까운역거리":141.55,
            "역세권여부":"역세권",
            "30분이내주요거점역":0,
            "30분거점역이름":"[]",
            "1시간이내주요거점역":1,
            "1시간거점역이름":"['하단']",
            "3km이내백화점수":0,
            "5km이내아울렛몰수":0,
            "1km이내대형먀트수":1,
            "500m이내은행수":0,
            "500m이내병원수":0,
            "5km이내대형병원수":0,
            "500m이내공원수":1,
            "3km이내혐오시설수":0,
            "초등학교학업성취도":89.99,
            "중학교학업성취도":72.9,
            "용적률":916,
            "건폐율":56,
            "Y":35.271873,
            "X":129.093194,
            "rank":68.0,
            "area_info":"21평(69.59), 27평(91.45), 31평(104.27)",
            "last_sales":"2021-10-21,28800.0,31평(104.27)",
            "rank_history":[
                [
                    "202202",
                    68
                ],
                [
                    "202201",
                    72
                ]
            ],
            "rank_gap":4
        },
        {
            "index":454,
            "아파트명":"현대1차",
            "투자타입":"일반",
            "전용면적(m2)":"63.68",
            "전용면적(평)":"19평",
            "법정동주소":"부산시 금정구 장전동 74-77",
            "도로명주소":"부산시 금정구 수림로 107",
            "세대수":0,
            "입주년차":40,
            "용적률점수":"--",
            "건폐율점수":"--",
            "세대당주차수":0,
            "난방방식":30,
            "공급면적":"--",
            "전용률":"--",
            "욕실수":50,
            "현관타입":100,
            "주거총점":26.0,
            "지역구공급총점":100.0,
            "역세권":0,
            "30분내 이동가능 거점":0,
            "1시간내 이동가능 거점":0,
            "교통총점":0.0,
            "백화점":0,
            "아울렛몰":0,
            "대형마트":100,
            "은행":0,
            "병원":0,
            "종합병원":100,
            "공원":0,
            "혐오시설":0,
            "인프라총점":35.0,
            "초등학군":89.98,
            "중학군":52.3,
            "학군총점":59.836,
            "인구수":24.34,
            "인구증감":-7.84,
            "인구총점":14.686,
            "일자리":10.73,
            "소득수준":54.24,
            "일자리총점":23.783,
            "가치 총점":34.9508,
            "매매실거래년":20210430.0,
            "매매실거래가":18000.0,
            "전세실거래년":20201212.0,
            "전세실거래가":10000.0,
            "전세가율":84.03,
            "장기전세가율평균":71.83,
            "전세가율거품지수":-12.2,
            "검색코드":4265,
            "세대수":190.0,
            "준공년월":"2006-07-27",
            "준공년차":17.0,
            "가까운역이름":"부산대",
            "가까운역거리":1321.05,
            "역세권여부":"비역세권",
            "30분이내주요거점역":0,
            "30분거점역이름":"[]",
            "1시간이내주요거점역":0,
            "1시간거점역이름":"[]",
            "3km이내백화점수":0,
            "5km이내아울렛몰수":0,
            "1km이내대형먀트수":2,
            "500m이내은행수":1,
            "500m이내병원수":0,
            "5km이내대형병원수":3,
            "500m이내공원수":0,
            "3km이내혐오시설수":0,
            "초등학교학업성취도":89.98,
            "중학교학업성취도":86.1,
            "용적률":251,
            "건폐율":22,
            "Y":35.238918,
            "X":129.080326,
            "rank":69.0,
            "area_info":"19평(63.68), 22평(73.97), 26평(89.03), 27평(90.83), 30평(99.9), 30평(100.78)",
            "last_sales":"2021-04-30,18000.0,30평(100.78)",
            "rank_history":[
                [
                    "202202",
                    69
                ],
                [
                    "202201",
                    65
                ]
            ],
            "rank_gap":-4
        },
        {
            "index":163,
            "아파트명":"삼한사랑채",
            "투자타입":"일반",
            "전용면적(m2)":"62.14",
            "전용면적(평)":"18평",
            "법정동주소":"부산시 금정구 금사동 565",
            "도로명주소":"부산시 금정구 서금로 115",
            "세대수":0,
            "입주년차":80,
            "용적률점수":"--",
            "건폐율점수":"--",
            "세대당주차수":0,
            "난방방식":30,
            "공급면적":"--",
            "전용률":"--",
            "욕실수":50,
            "현관타입":100,
            "주거총점":34.0,
            "지역구공급총점":100.0,
            "역세권":50,
            "30분내 이동가능 거점":0,
            "1시간내 이동가능 거점":10,
            "교통총점":27.0,
            "백화점":0,
            "아울렛몰":0,
            "대형마트":0,
            "은행":0,
            "병원":0,
            "종합병원":100,
            "공원":100,
            "혐오시설":0,
            "인프라총점":23.0,
            "초등학군":90.0,
            "중학군":36.14,
            "학군총점":46.912,
            "인구수":24.34,
            "인구증감":-7.84,
            "인구총점":14.686,
            "일자리":10.73,
            "소득수준":54.24,
            "일자리총점":23.783,
            "가치 총점":33.5236,
            "매매실거래년":20211205.0,
            "매매실거래가":14600.0,
            "전세실거래년":20211204.0,
            "전세실거래가":12000.0,
            "전세가율":82.19,
            "장기전세가율평균":71.83,
            "전세가율거품지수":-10.36,
            "검색코드":107744,
            "세대수":264.0,
            "준공년월":"2015-03-18",
            "준공년차":8.0,
            "가까운역이름":"금사",
            "가까운역거리":922.97,
            "역세권여부":"준역세권",
            "30분이내주요거점역":0,
            "30분거점역이름":"[]",
            "1시간이내주요거점역":1,
            "1시간거점역이름":"['하단']",
            "3km이내백화점수":0,
            "5km이내아울렛몰수":0,
            "1km이내대형먀트수":0,
            "500m이내은행수":0,
            "500m이내병원수":0,
            "5km이내대형병원수":3,
            "500m이내공원수":2,
            "3km이내혐오시설수":0,
            "초등학교학업성취도":90.0,
            "중학교학업성취도":59.3,
            "용적률":199,
            "건폐율":18,
            "Y":35.22338,
            "X":129.111019,
            "rank":70.0,
            "area_info":"18평(62.14), 21평(69.82), 24평(81.88)",
            "last_sales":"2021-12-05,14600.0,18평(62.14)",
            "rank_history":[
                [
                    "202202",
                    70
                ],
                [
                    "202201",
                    71
                ]
            ],
            "rank_gap":1
        },
        {
            "index":152,
            "아파트명":"협성그린",
            "투자타입":"일반",
            "전용면적(m2)":"94.33",
            "전용면적(평)":"28평",
            "법정동주소":"부산시 금정구 구서동 266-16",
            "도로명주소":"부산시 금정구 금단로 38",
            "세대수":0,
            "입주년차":0,
            "용적률점수":"--",
            "건폐율점수":"--",
            "세대당주차수":30,
            "난방방식":30,
            "공급면적":"--",
            "전용률":"--",
            "욕실수":50,
            "현관타입":100,
            "주거총점":22.5,
            "지역구공급총점":100.0,
            "역세권":80,
            "30분내 이동가능 거점":0,
            "1시간내 이동가능 거점":10,
            "교통총점":42.0,
            "백화점":0,
            "아울렛몰":0,
            "대형마트":80,
            "은행":20,
            "병원":0,
            "종합병원":0,
            "공원":0,
            "혐오시설":0,
            "인프라총점":14.0,
            "초등학군":89.99,
            "중학군":49.66,
            "학군총점":57.726,
            "인구수":24.34,
            "인구증감":-7.84,
            "인구총점":14.686,
            "일자리":10.73,
            "소득수준":54.24,
            "일자리총점":23.783,
            "가치 총점":33.4428,
            "매매실거래년":20211023.0,
            "매매실거래가":19900.0,
            "전세실거래년":20211214.0,
            "전세실거래가":18000.0,
            "전세가율":90.45,
            "장기전세가율평균":71.83,
            "전세가율거품지수":-18.62,
            "검색코드":4061,
            "세대수":261.0,
            "준공년월":"1997-12-13",
            "준공년차":26.0,
            "가까운역이름":"두실",
            "가까운역거리":489.39,
            "역세권여부":"역세권",
            "30분이내주요거점역":0,
            "30분거점역이름":"[]",
            "1시간이내주요거점역":1,
            "1시간거점역이름":"['하단']",
            "3km이내백화점수":0,
            "5km이내아울렛몰수":0,
            "1km이내대형먀트수":1,
            "500m이내은행수":2,
            "500m이내병원수":0,
            "5km이내대형병원수":0,
            "500m이내공원수":0,
            "3km이내혐오시설수":0,
            "초등학교학업성취도":89.99,
            "중학교학업성취도":81.5,
            "용적률":283,
            "건폐율":20,
            "Y":35.253022,
            "X":129.093633,
            "rank":71.0,
            "area_info":"28평(94.33), 38평(127.72), 40평(134.74), 49평(164.87)",
            "last_sales":"2021-10-23,19900.0,28평(94.33)",
            "rank_history":[
                [
                    "202202",
                    71
                ],
                [
                    "202201",
                    74
                ]
            ],
            "rank_gap":3
        },
        {
            "index":166,
            "아파트명":"경동",
            "투자타입":"일반",
            "전용면적(m2)":"69.97",
            "전용면적(평)":"21평",
            "법정동주소":"부산시 금정구 남산동 122-10",
            "도로명주소":"부산시 금정구 학산로 9",
            "세대수":0,
            "입주년차":0,
            "용적률점수":"--",
            "건폐율점수":"--",
            "세대당주차수":0,
            "난방방식":30,
            "공급면적":"--",
            "전용률":"--",
            "욕실수":50,
            "현관타입":100,
            "주거총점":18.0,
            "지역구공급총점":100.0,
            "역세권":80,
            "30분내 이동가능 거점":0,
            "1시간내 이동가능 거점":10,
            "교통총점":42.0,
            "백화점":0,
            "아울렛몰":0,
            "대형마트":80,
            "은행":20,
            "병원":0,
            "종합병원":0,
            "공원":100,
            "혐오시설":0,
            "인프라총점":17.0,
            "초등학군":89.99,
            "중학군":49.66,
            "학군총점":57.726,
            "인구수":24.34,
            "인구증감":-7.84,
            "인구총점":14.686,
            "일자리":10.73,
            "소득수준":54.24,
            "일자리총점":23.783,
            "가치 총점":33.2178,
            "매매실거래년":20151103.0,
            "매매실거래가":29500.0,
            "전세실거래년":null,
            "전세실거래가":null,
            "전세가율":null,
            "장기전세가율평균":71.83,
            "전세가율거품지수":null,
            "검색코드":4090,
            "세대수":144.0,
            "준공년월":"1993-08-26",
            "준공년차":30.0,
            "가까운역이름":"남산",
            "가까운역거리":207.29,
            "역세권여부":"역세권",
            "30분이내주요거점역":0,
            "30분거점역이름":"[]",
            "1시간이내주요거점역":1,
            "1시간거점역이름":"['하단']",
            "3km이내백화점수":0,
            "5km이내아울렛몰수":0,
            "1km이내대형먀트수":1,
            "500m이내은행수":2,
            "500m이내병원수":0,
            "5km이내대형병원수":0,
            "500m이내공원수":3,
            "3km이내혐오시설수":0,
            "초등학교학업성취도":89.99,
            "중학교학업성취도":81.5,
            "용적률":150,
            "건폐율":20,
            "Y":35.264418,
            "X":129.090346,
            "rank":72.0,
            "area_info":"21평(69.97), 21평(70.46), 29평(98.59), 30평(99.42), 40평(132.32), 40평(132.81), 49평(163.57), 49평(164.51)",
            "last_sales":"2015-11-03,29500.0,49평(164.51)",
            "rank_history":[
                [
                    "202202",
                    72
                ],
                [
                    "202201",
                    76
                ]
            ],
            "rank_gap":4
        },
        {
            "index":129,
            "아파트명":"삼한골든뷰(도시형)",
            "투자타입":"일반",
            "전용면적(m2)":"33.79",
            "전용면적(평)":"10평",
            "법정동주소":"부산시 금정구 구서동 162-4",
            "도로명주소":"부산시 금정구 중앙대로 1967",
            "세대수":0,
            "입주년차":80,
            "용적률점수":"--",
            "건폐율점수":"--",
            "세대당주차수":0,
            "난방방식":30,
            "공급면적":"--",
            "전용률":"--",
            "욕실수":50,
            "현관타입":10,
            "주거총점":25.0,
            "지역구공급총점":100.0,
            "역세권":80,
            "30분내 이동가능 거점":0,
            "1시간내 이동가능 거점":10,
            "교통총점":42.0,
            "백화점":0,
            "아울렛몰":0,
            "대형마트":0,
            "은행":70,
            "병원":0,
            "종합병원":0,
            "공원":80,
            "혐오시설":0,
            "인프라총점":9.4,
            "초등학군":89.99,
            "중학군":49.66,
            "학군총점":57.726,
            "인구수":24.34,
            "인구증감":-7.84,
            "인구총점":14.686,
            "일자리":10.73,
            "소득수준":54.24,
            "일자리총점":23.783,
            "가치 총점":32.6878,
            "매매실거래년":20210819.0,
            "매매실거래가":7700.0,
            "전세실거래년":null,
            "전세실거래가":null,
            "전세가율":null,
            "장기전세가율평균":71.83,
            "전세가율거품지수":null,
            "검색코드":107121,
            "세대수":203.0,
            "준공년월":"2014-10-31",
            "준공년차":9.0,
            "가까운역이름":"두실",
            "가까운역거리":347.29,
            "역세권여부":"역세권",
            "30분이내주요거점역":0,
            "30분거점역이름":"[]",
            "1시간이내주요거점역":1,
            "1시간거점역이름":"['하단']",
            "3km이내백화점수":0,
            "5km이내아울렛몰수":0,
            "1km이내대형먀트수":0,
            "500m이내은행수":3,
            "500m이내병원수":0,
            "5km이내대형병원수":0,
            "500m이내공원수":1,
            "3km이내혐오시설수":0,
            "초등학교학업성취도":89.99,
            "중학교학업성취도":81.5,
            "용적률":925,
            "건폐율":67,
            "Y":35.260122,
            "X":129.090959,
            "rank":73.0,
            "area_info":"10평(33.79), 10평(34.77), 10평(35.34), 10평(35.25), 11평(38.36)",
            "last_sales":"2021-08-19,7700.0,11평(38.36)",
            "rank_history":[
                [
                    "202202",
                    73
                ],
                [
                    "202201",
                    75
                ]
            ],
            "rank_gap":2
        },
        {
            "index":466,
            "아파트명":"경동",
            "투자타입":"일반",
            "전용면적(m2)":"80.99",
            "전용면적(평)":"24평",
            "법정동주소":"부산시 금정구 청룡동 350",
            "도로명주소":"부산시 금정구 청룡예전로 74",
            "세대수":50,
            "입주년차":0,
            "용적률점수":"--",
            "건폐율점수":"--",
            "세대당주차수":0,
            "난방방식":30,
            "공급면적":"--",
            "전용률":"--",
            "욕실수":50,
            "현관타입":100,
            "주거총점":35.5,
            "지역구공급총점":100.0,
            "역세권":50,
            "30분내 이동가능 거점":0,
            "1시간내 이동가능 거점":10,
            "교통총점":27.0,
            "백화점":0,
            "아울렛몰":0,
            "대형마트":80,
            "은행":0,
            "병원":0,
            "종합병원":0,
            "공원":0,
            "혐오시설":0,
            "인프라총점":12.0,
            "초등학군":89.99,
            "중학군":43.94,
            "학군총점":53.15,
            "인구수":24.34,
            "인구증감":-7.84,
            "인구총점":14.686,
            "일자리":10.73,
            "소득수준":54.24,
            "일자리총점":23.783,
            "가치 총점":32.47,
            "매매실거래년":20211125.0,
            "매매실거래가":40000.0,
            "전세실거래년":20200601.0,
            "전세실거래가":15000.0,
            "전세가율":63.83,
            "장기전세가율평균":71.83,
            "전세가율거품지수":8.0,
            "검색코드":4283,
            "세대수":612.0,
            "준공년월":"1997-10-25",
            "준공년차":26.0,
            "가까운역이름":"노포",
            "가까운역거리":877.81,
            "역세권여부":"준역세권",
            "30분이내주요거점역":0,
            "30분거점역이름":"[]",
            "1시간이내주요거점역":1,
            "1시간거점역이름":"['하단']",
            "3km이내백화점수":0,
            "5km이내아울렛몰수":0,
            "1km이내대형먀트수":1,
            "500m이내은행수":0,
            "500m이내병원수":0,
            "5km이내대형병원수":0,
            "500m이내공원수":0,
            "3km이내혐오시설수":0,
            "초등학교학업성취도":89.99,
            "중학교학업성취도":72.9,
            "용적률":317,
            "건폐율":53,
            "Y":35.280372,
            "X":129.086339,
            "rank":74.0,
            "area_info":"24평(80.99), 31평(105.67), 54평(178.7), 65평(217.57)",
            "last_sales":"2021-11-25,40000.0,54평(178.7)",
            "rank_history":[
                [
                    "202202",
                    74
                ],
                [
                    "202201",
                    83
                ]
            ],
            "rank_gap":9
        },
        {
            "index":174,
            "아파트명":"국제그린파크",
            "투자타입":"재건축",
            "전용면적(m2)":"87.35",
            "전용면적(평)":"26평",
            "법정동주소":"부산시 금정구 남산동 388-1",
            "도로명주소":"부산시 금정구 벅구산로 7",
            "세대수":0,
            "입주년차":"--",
            "용적률점수":0,
            "건폐율점수":80,
            "세대당주차수":"--",
            "난방방식":"--",
            "공급면적":70,
            "전용률":80,
            "욕실수":"--",
            "현관타입":"--",
            "주거총점":23.5,
            "지역구공급총점":100.0,
            "역세권":80,
            "30분내 이동가능 거점":0,
            "1시간내 이동가능 거점":10,
            "교통총점":42.0,
            "백화점":0,
            "아울렛몰":0,
            "대형마트":80,
            "은행":0,
            "병원":0,
            "종합병원":0,
            "공원":80,
            "혐오시설":0,
            "인프라총점":14.4,
            "초등학군":89.99,
            "중학군":43.94,
            "학군총점":53.15,
            "인구수":24.34,
            "인구증감":-7.84,
            "인구총점":14.686,
            "일자리":10.73,
            "소득수준":54.24,
            "일자리총점":23.783,
            "가치 총점":32.44,
            "매매실거래년":20211002.0,
            "매매실거래가":23000.0,
            "전세실거래년":20211109.0,
            "전세실거래가":15500.0,
            "전세가율":92.81,
            "장기전세가율평균":71.83,
            "전세가율거품지수":-20.98,
            "검색코드":4092,
            "세대수":118.0,
            "준공년월":"1992-09-24",
            "준공년차":31.0,
            "가까운역이름":"범어사",
            "가까운역거리":265.12,
            "역세권여부":"역세권",
            "30분이내주요거점역":0,
            "30분거점역이름":"[]",
            "1시간이내주요거점역":1,
            "1시간거점역이름":"['하단']",
            "3km이내백화점수":0,
            "5km이내아울렛몰수":0,
            "1km이내대형먀트수":1,
            "500m이내은행수":0,
            "500m이내병원수":0,
            "5km이내대형병원수":0,
            "500m이내공원수":1,
            "3km이내혐오시설수":0,
            "초등학교학업성취도":89.99,
            "중학교학업성취도":72.9,
            "용적률":250,
            "건폐율":20,
            "Y":35.270965,
            "X":129.094028,
            "rank":75.0,
            "area_info":"26평(87.35), 26평(88.43), 26평(88.47), 30평(101.97)",
            "last_sales":"2021-10-02,23000.0,30평(101.97)",
            "rank_history":[
                [
                    "202202",
                    75
                ],
                [
                    "202201",
                    77
                ]
            ],
            "rank_gap":2
        },
        {
            "index":185,
            "아파트명":"남산하이츠타운",
            "투자타입":"일반",
            "전용면적(m2)":"83.35",
            "전용면적(평)":"25평",
            "법정동주소":"부산시 금정구 남산동 127-3",
            "도로명주소":"부산시 금정구 중앙대로1985번길 32-6",
            "세대수":30,
            "입주년차":0,
            "용적률점수":"--",
            "건폐율점수":"--",
            "세대당주차수":0,
            "난방방식":30,
            "공급면적":"--",
            "전용률":"--",
            "욕실수":50,
            "현관타입":100,
            "주거총점":28.5,
            "지역구공급총점":100.0,
            "역세권":80,
            "30분내 이동가능 거점":0,
            "1시간내 이동가능 거점":10,
            "교통총점":42.0,
            "백화점":0,
            "아울렛몰":0,
            "대형마트":0,
            "은행":20,
            "병원":0,
            "종합병원":0,
            "공원":80,
            "혐오시설":0,
            "인프라총점":4.4,
            "초등학군":89.99,
            "중학군":49.66,
            "학군총점":57.726,
            "인구수":24.34,
            "인구증감":-7.84,
            "인구총점":14.686,
            "일자리":10.73,
            "소득수준":54.24,
            "일자리총점":23.783,
            "가치 총점":32.0628,
            "매매실거래년":20211218.0,
            "매매실거래가":20400.0,
            "전세실거래년":20211220.0,
            "전세실거래가":17000.0,
            "전세가율":83.33,
            "장기전세가율평균":71.83,
            "전세가율거품지수":-11.5,
            "검색코드":4095,
            "세대수":310.0,
            "준공년월":"1997-07-21",
            "준공년차":26.0,
            "가까운역이름":"남산",
            "가까운역거리":371.16,
            "역세권여부":"역세권",
            "30분이내주요거점역":0,
            "30분거점역이름":"[]",
            "1시간이내주요거점역":1,
            "1시간거점역이름":"['하단']",
            "3km이내백화점수":0,
            "5km이내아울렛몰수":0,
            "1km이내대형먀트수":0,
            "500m이내은행수":2,
            "500m이내병원수":0,
            "5km이내대형병원수":0,
            "500m이내공원수":1,
            "3km이내혐오시설수":0,
            "초등학교학업성취도":89.99,
            "중학교학업성취도":81.5,
            "용적률":344,
            "건폐율":25,
            "Y":35.262225,
            "X":129.09057,
            "rank":76.0,
            "area_info":"25평(83.35), 25평(83.3), 29평(99.17), 31평(103.97), 39평(129.66), 41평(138.73), 47평(158.19)",
            "last_sales":"2021-12-18,20400.0,25평(83.35)",
            "rank_history":[
                [
                    "202202",
                    76
                ],
                [
                    "202201",
                    80
                ]
            ],
            "rank_gap":4
        },
        {
            "index":19,
            "아파트명":"구서동일",
            "투자타입":"재건축",
            "전용면적(m2)":"55.11",
            "전용면적(평)":"16평",
            "법정동주소":"부산시 금정구 구서동 735-1",
            "도로명주소":"부산시 금정구 구서중앙로40번길 48",
            "세대수":0,
            "입주년차":"--",
            "용적률점수":0,
            "건폐율점수":0,
            "세대당주차수":"--",
            "난방방식":"--",
            "공급면적":50,
            "전용률":60,
            "욕실수":"--",
            "현관타입":"--",
            "주거총점":5.5,
            "지역구공급총점":100.0,
            "역세권":80,
            "30분내 이동가능 거점":0,
            "1시간내 이동가능 거점":10,
            "교통총점":42.0,
            "백화점":0,
            "아울렛몰":0,
            "대형마트":80,
            "은행":70,
            "병원":0,
            "종합병원":0,
            "공원":100,
            "혐오시설":0,
            "인프라총점":22.0,
            "초등학군":90.0,
            "중학군":49.66,
            "학군총점":57.728,
            "인구수":24.34,
            "인구증감":-7.84,
            "인구총점":14.686,
            "일자리":10.73,
            "소득수준":54.24,
            "일자리총점":23.783,
            "가치 총점":31.5934,
            "매매실거래년":20210113.0,
            "매매실거래가":17300.0,
            "전세실거래년":20210408.0,
            "전세실거래가":9000.0,
            "전세가율":70.31,
            "장기전세가율평균":71.83,
            "전세가율거품지수":1.52,
            "검색코드":4014,
            "세대수":149.0,
            "준공년월":"1986-07-11",
            "준공년차":37.0,
            "가까운역이름":"두실",
            "가까운역거리":361.56,
            "역세권여부":"역세권",
            "30분이내주요거점역":0,
            "30분거점역이름":"[]",
            "1시간이내주요거점역":1,
            "1시간거점역이름":"['하단']",
            "3km이내백화점수":0,
            "5km이내아울렛몰수":0,
            "1km이내대형먀트수":1,
            "500m이내은행수":3,
            "500m이내병원수":0,
            "5km이내대형병원수":0,
            "500m이내공원수":3,
            "3km이내혐오시설수":0,
            "초등학교학업성취도":90.0,
            "중학교학업성취도":81.5,
            "용적률":0,
            "건폐율":0,
            "Y":35.256629,
            "X":129.087418,
            "rank":77.0,
            "area_info":"16평(55.11), 17평(56.82), 19평(64.03), 19평(65.34), 20평(68.23), 21평(69.99), 21평(70.03), 22평(73.24), 22평(74.51), 23평(76.8), 24평(79.47), 24평(80.77), 25평(85.18), 26평(86.49), 28평(93.7)",
            "last_sales":"2021-01-13,17300.0,23평(76.8)",
            "rank_history":[
                [
                    "202202",
                    77
                ],
                [
                    "202201",
                    79
                ]
            ],
            "rank_gap":2
        },
        {
            "index":192,
            "아파트명":"럭키남산",
            "투자타입":"재건축",
            "전용면적(m2)":"87.92",
            "전용면적(평)":"26평",
            "법정동주소":"부산시 금정구 남산동 115-30",
            "도로명주소":"부산시 금정구 남산로37번길 52",
            "세대수":50,
            "입주년차":"--",
            "용적률점수":0,
            "건폐율점수":0,
            "세대당주차수":"--",
            "난방방식":"--",
            "공급면적":70,
            "전용률":80,
            "욕실수":"--",
            "현관타입":"--",
            "주거총점":22.5,
            "지역구공급총점":100.0,
            "역세권":50,
            "30분내 이동가능 거점":0,
            "1시간내 이동가능 거점":10,
            "교통총점":27.0,
            "백화점":0,
            "아울렛몰":0,
            "대형마트":80,
            "은행":0,
            "병원":0,
            "종합병원":0,
            "공원":100,
            "혐오시설":0,
            "인프라총점":15.0,
            "초등학군":89.99,
            "중학군":49.66,
            "학군총점":57.726,
            "인구수":24.34,
            "인구증감":-7.84,
            "인구총점":14.686,
            "일자리":10.73,
            "소득수준":54.24,
            "일자리총점":23.783,
            "가치 총점":31.4928,
            "매매실거래년":20211120.0,
            "매매실거래가":29400.0,
            "전세실거래년":20211102.0,
            "전세실거래가":20000.0,
            "전세가율":68.03,
            "장기전세가율평균":71.83,
            "전세가율거품지수":3.8,
            "검색코드":4096,
            "세대수":410.0,
            "준공년월":"1991-08-02",
            "준공년차":32.0,
            "가까운역이름":"남산",
            "가까운역거리":547.36,
            "역세권여부":"준역세권",
            "30분이내주요거점역":0,
            "30분거점역이름":"[]",
            "1시간이내주요거점역":1,
            "1시간거점역이름":"['하단']",
            "3km이내백화점수":0,
            "5km이내아울렛몰수":0,
            "1km이내대형먀트수":1,
            "500m이내은행수":1,
            "500m이내병원수":0,
            "5km이내대형병원수":0,
            "500m이내공원수":5,
            "3km이내혐오시설수":0,
            "초등학교학업성취도":89.99,
            "중학교학업성취도":81.5,
            "용적률":0,
            "건폐율":0,
            "Y":35.264823,
            "X":129.086406,
            "rank":78.0,
            "area_info":"26평(87.92), 30평(101.41), 30평(101.17)",
            "last_sales":"2021-11-20,29400.0,26평(87.92)",
            "rank_history":[
                [
                    "202202",
                    78
                ],
                [
                    "202201",
                    78
                ]
            ],
            "rank_gap":0
        },
        {
            "index":493,
            "아파트명":"화신골든맨션",
            "투자타입":"일반",
            "전용면적(m2)":"92.2",
            "전용면적(평)":"27평",
            "법정동주소":"부산시 금정구 청룡동 7-9",
            "도로명주소":"부산시 금정구 금정도서관로 13",
            "세대수":0,
            "입주년차":0,
            "용적률점수":"--",
            "건폐율점수":"--",
            "세대당주차수":0,
            "난방방식":30,
            "공급면적":"--",
            "전용률":"--",
            "욕실수":100,
            "현관타입":50,
            "주거총점":18.0,
            "지역구공급총점":100.0,
            "역세권":80,
            "30분내 이동가능 거점":0,
            "1시간내 이동가능 거점":10,
            "교통총점":42.0,
            "백화점":0,
            "아울렛몰":0,
            "대형마트":80,
            "은행":0,
            "병원":0,
            "종합병원":0,
            "공원":80,
            "혐오시설":0,
            "인프라총점":14.4,
            "초등학군":89.99,
            "중학군":43.94,
            "학군총점":53.15,
            "인구수":24.34,
            "인구증감":-7.84,
            "인구총점":14.686,
            "일자리":10.73,
            "소득수준":54.24,
            "일자리총점":23.783,
            "가치 총점":31.065,
            "매매실거래년":20210116.0,
            "매매실거래가":18500.0,
            "전세실거래년":null,
            "전세실거래가":null,
            "전세가율":null,
            "장기전세가율평균":71.83,
            "전세가율거품지수":null,
            "검색코드":4287,
            "세대수":147.0,
            "준공년월":"1993-02-10",
            "준공년차":30.0,
            "가까운역이름":"범어사",
            "가까운역거리":131.38,
            "역세권여부":"역세권",
            "30분이내주요거점역":0,
            "30분거점역이름":"[]",
            "1시간이내주요거점역":1,
            "1시간거점역이름":"['하단']",
            "3km이내백화점수":0,
            "5km이내아울렛몰수":0,
            "1km이내대형먀트수":1,
            "500m이내은행수":0,
            "500m이내병원수":0,
            "5km이내대형병원수":0,
            "500m이내공원수":1,
            "3km이내혐오시설수":0,
            "초등학교학업성취도":89.99,
            "중학교학업성취도":72.9,
            "용적률":277,
            "건폐율":25,
            "Y":35.27319,
            "X":129.09408,
            "rank":79.0,
            "area_info":"27평(92.2), 30평(101.73), 30평(102.0)",
            "last_sales":"2021-01-16,18500.0,30평(102.0)",
            "rank_history":[
                [
                    "202202",
                    79
                ],
                [
                    "202201",
                    81
                ]
            ],
            "rank_gap":2
        },
        {
            "index":196,
            "아파트명":"현대그레이스",
            "투자타입":"일반",
            "전용면적(m2)":"74.8",
            "전용면적(평)":"22평",
            "법정동주소":"부산시 금정구 남산동 374-68",
            "도로명주소":"부산시 금정구 벅구산로 25-5",
            "세대수":0,
            "입주년차":0,
            "용적률점수":"--",
            "건폐율점수":"--",
            "세대당주차수":0,
            "난방방식":30,
            "공급면적":"--",
            "전용률":"--",
            "욕실수":50,
            "현관타입":50,
            "주거총점":13.0,
            "지역구공급총점":100.0,
            "역세권":80,
            "30분내 이동가능 거점":0,
            "1시간내 이동가능 거점":10,
            "교통총점":42.0,
            "백화점":0,
            "아울렛몰":0,
            "대형마트":80,
            "은행":20,
            "병원":0,
            "종합병원":0,
            "공원":80,
            "혐오시설":0,
            "인프라총점":16.4,
            "초등학군":89.99,
            "중학군":43.94,
            "학군총점":53.15,
            "인구수":24.34,
            "인구증감":-7.84,
            "인구총점":14.686,
            "일자리":10.73,
            "소득수준":54.24,
            "일자리총점":23.783,
            "가치 총점":30.415,
            "매매실거래년":20210713.0,
            "매매실거래가":22200.0,
            "전세실거래년":null,
            "전세실거래가":null,
            "전세가율":null,
            "장기전세가율평균":71.83,
            "전세가율거품지수":null,
            "검색코드":4100,
            "세대수":207.0,
            "준공년월":"1994-06-14",
            "준공년차":29.0,
            "가까운역이름":"범어사",
            "가까운역거리":451.52,
            "역세권여부":"역세권",
            "30분이내주요거점역":0,
            "30분거점역이름":"[]",
            "1시간이내주요거점역":1,
            "1시간거점역이름":"['하단']",
            "3km이내백화점수":0,
            "5km이내아울렛몰수":0,
            "1km이내대형먀트수":1,
            "500m이내은행수":2,
            "500m이내병원수":0,
            "5km이내대형병원수":0,
            "500m이내공원수":1,
            "3km이내혐오시설수":0,
            "초등학교학업성취도":89.99,
            "중학교학업성취도":72.9,
            "용적률":323,
            "건폐율":31,
            "Y":35.269223,
            "X":129.094257,
            "rank":80.0,
            "area_info":"22평(74.8), 23평(77.49), 32평(107.15), 32평(108.81), 32평(108.55), 43평(142.18), 46평(154.86)",
            "last_sales":"2021-07-13,22200.0,46평(154.86)",
            "rank_history":[
                [
                    "202202",
                    80
                ],
                [
                    "202201",
                    82
                ]
            ],
            "rank_gap":2
        },
        {
            "index":470,
            "아파트명":"금정산경동메르빌",
            "투자타입":"일반",
            "전용면적(m2)":"103.66",
            "전용면적(평)":"31평",
            "법정동주소":"부산시 금정구 청룡동 380-5",
            "도로명주소":"부산시 금정구 청룡예전로 100-12",
            "세대수":0,
            "입주년차":40,
            "용적률점수":"--",
            "건폐율점수":"--",
            "세대당주차수":80,
            "난방방식":30,
            "공급면적":"--",
            "전용률":"--",
            "욕실수":50,
            "현관타입":100,
            "주거총점":38.0,
            "지역구공급총점":100.0,
            "역세권":0,
            "30분내 이동가능 거점":0,
            "1시간내 이동가능 거점":0,
            "교통총점":0.0,
            "백화점":0,
            "아울렛몰":0,
            "대형마트":80,
            "은행":0,
            "병원":0,
            "종합병원":0,
            "공원":80,
            "혐오시설":0,
            "인프라총점":14.4,
            "초등학군":89.99,
            "중학군":43.94,
            "학군총점":53.15,
            "인구수":24.34,
            "인구증감":-7.84,
            "인구총점":14.686,
            "일자리":10.73,
            "소득수준":54.24,
            "일자리총점":23.783,
            "가치 총점":29.765,
            "매매실거래년":20200822.0,
            "매매실거래가":65000.0,
            "전세실거래년":null,
            "전세실거래가":null,
            "전세가율":null,
            "장기전세가율평균":71.83,
            "전세가율거품지수":null,
            "검색코드":22544,
            "세대수":158.0,
            "준공년월":"2007-02-16",
            "준공년차":16.0,
            "가까운역이름":"범어사",
            "가까운역거리":1006.14,
            "역세권여부":"비역세권",
            "30분이내주요거점역":0,
            "30분거점역이름":"[]",
            "1시간이내주요거점역":0,
            "1시간거점역이름":"[]",
            "3km이내백화점수":0,
            "5km이내아울렛몰수":0,
            "1km이내대형먀트수":1,
            "500m이내은행수":0,
            "500m이내병원수":0,
            "5km이내대형병원수":0,
            "500m이내공원수":1,
            "3km이내혐오시설수":0,
            "초등학교학업성취도":89.99,
            "중학교학업성취도":72.9,
            "용적률":294,
            "건폐율":41,
            "Y":35.279547,
            "X":129.08491,
            "rank":81.0,
            "area_info":"31평(103.66), 35평(115.96), 35평(116.76), 44평(148.31), 58평(192.12), 73평(243.64), 76평(252.52), 76평(252.41), 76평(252.61)",
            "last_sales":"2020-08-22,65000.0,76평(252.61)",
            "rank_history":[
                [
                    "202202",
                    81
                ],
                [
                    "202201",
                    73
                ]
            ],
            "rank_gap":-8
        },
        {
            "index":479,
            "아파트명":"범양",
            "투자타입":"재건축",
            "전용면적(m2)":"56.43",
            "전용면적(평)":"17평",
            "법정동주소":"부산시 금정구 청룡동 87-2",
            "도로명주소":"부산시 금정구 중앙대로 2128-12",
            "세대수":0,
            "입주년차":"--",
            "용적률점수":0,
            "건폐율점수":0,
            "세대당주차수":"--",
            "난방방식":"--",
            "공급면적":50,
            "전용률":80,
            "욕실수":"--",
            "현관타입":"--",
            "주거총점":6.5,
            "지역구공급총점":100.0,
            "역세권":80,
            "30분내 이동가능 거점":0,
            "1시간내 이동가능 거점":10,
            "교통총점":42.0,
            "백화점":0,
            "아울렛몰":0,
            "대형마트":80,
            "은행":0,
            "병원":0,
            "종합병원":0,
            "공원":80,
            "혐오시설":0,
            "인프라총점":14.4,
            "초등학군":89.99,
            "중학군":43.94,
            "학군총점":53.15,
            "인구수":24.34,
            "인구증감":-7.84,
            "인구총점":14.686,
            "일자리":10.73,
            "소득수준":54.24,
            "일자리총점":23.783,
            "가치 총점":28.19,
            "매매실거래년":20210605.0,
            "매매실거래가":27500.0,
            "전세실거래년":20210811.0,
            "전세실거래가":11700.0,
            "전세가율":78.0,
            "장기전세가율평균":71.83,
            "전세가율거품지수":-6.17,
            "검색코드":4289,
            "세대수":210.0,
            "준공년월":"1985-06-11",
            "준공년차":38.0,
            "가까운역이름":"범어사",
            "가까운역거리":173.57,
            "역세권여부":"역세권",
            "30분이내주요거점역":0,
            "30분거점역이름":"[]",
            "1시간이내주요거점역":1,
            "1시간거점역이름":"['하단']",
            "3km이내백화점수":0,
            "5km이내아울렛몰수":0,
            "1km이내대형먀트수":1,
            "500m이내은행수":0,
            "500m이내병원수":0,
            "5km이내대형병원수":0,
            "500m이내공원수":1,
            "3km이내혐오시설수":0,
            "초등학교학업성취도":89.99,
            "중학교학업성취도":72.9,
            "용적률":0,
            "건폐율":0,
            "Y":35.274357,
            "X":129.093711,
            "rank":82.0,
            "area_info":"17평(56.43), 17평(58.4), 20평(66.94), 21평(71.84), 24평(81.75), 25평(83.13), 25평(84.81), 28평(94.65), 29평(97.26)",
            "last_sales":"2021-06-05,27500.0,28평(94.65)",
            "rank_history":[
                [
                    "202202",
                    82
                ],
                [
                    "202201",
                    85
                ]
            ],
            "rank_gap":3
        },
        {
            "index":141,
            "아파트명":"태평양",
            "투자타입":"일반",
            "전용면적(m2)":"84.59",
            "전용면적(평)":"25평",
            "법정동주소":"부산시 금정구 구서동 75",
            "도로명주소":"부산시 금정구 체육공원로 56",
            "세대수":0,
            "입주년차":0,
            "용적률점수":"--",
            "건폐율점수":"--",
            "세대당주차수":0,
            "난방방식":30,
            "공급면적":"--",
            "전용률":"--",
            "욕실수":50,
            "현관타입":10,
            "주거총점":9.0,
            "지역구공급총점":100.0,
            "역세권":50,
            "30분내 이동가능 거점":0,
            "1시간내 이동가능 거점":10,
            "교통총점":27.0,
            "백화점":0,
            "아울렛몰":0,
            "대형마트":80,
            "은행":0,
            "병원":0,
            "종합병원":0,
            "공원":0,
            "혐오시설":0,
            "인프라총점":12.0,
            "초등학군":89.96,
            "중학군":51.98,
            "학군총점":59.576,
            "인구수":24.34,
            "인구증감":-7.84,
            "인구총점":14.686,
            "일자리":10.73,
            "소득수준":54.24,
            "일자리총점":23.783,
            "가치 총점":27.7728,
            "매매실거래년":20211110.0,
            "매매실거래가":16000.0,
            "전세실거래년":20210520.0,
            "전세실거래가":16000.0,
            "전세가율":100.0,
            "장기전세가율평균":71.83,
            "전세가율거품지수":-28.17,
            "검색코드":9902,
            "세대수":200.0,
            "준공년월":"1994-07-13",
            "준공년차":29.0,
            "가까운역이름":"구서",
            "가까운역거리":634.68,
            "역세권여부":"준역세권",
            "30분이내주요거점역":0,
            "30분거점역이름":"[]",
            "1시간이내주요거점역":1,
            "1시간거점역이름":"['하단']",
            "3km이내백화점수":0,
            "5km이내아울렛몰수":0,
            "1km이내대형먀트수":1,
            "500m이내은행수":0,
            "500m이내병원수":0,
            "5km이내대형병원수":0,
            "500m이내공원수":0,
            "3km이내혐오시설수":0,
            "초등학교학업성취도":89.96,
            "중학교학업성취도":83.1,
            "용적률":300,
            "건폐율":20,
            "Y":35.2488,
            "X":129.098026,
            "rank":83.0,
            "area_info":"25평(84.59), 31평(105.11)",
            "last_sales":"2021-11-10,16000.0,25평(84.59)",
            "rank_history":[
                [
                    "202202",
                    83
                ],
                [
                    "202201",
                    86
                ]
            ],
            "rank_gap":3
        },
        {
            "index":139,
            "아파트명":"일신",
            "투자타입":"재건축",
            "전용면적(m2)":"95.94",
            "전용면적(평)":"29평",
            "법정동주소":"부산시 금정구 구서동 1025",
            "도로명주소":"부산시 금정구 두실로45번길 102",
            "세대수":0,
            "입주년차":"--",
            "용적률점수":0,
            "건폐율점수":0,
            "세대당주차수":"--",
            "난방방식":"--",
            "공급면적":70,
            "전용률":80,
            "욕실수":"--",
            "현관타입":"--",
            "주거총점":7.5,
            "지역구공급총점":100.0,
            "역세권":50,
            "30분내 이동가능 거점":0,
            "1시간내 이동가능 거점":10,
            "교통총점":27.0,
            "백화점":0,
            "아울렛몰":0,
            "대형마트":80,
            "은행":0,
            "병원":0,
            "종합병원":0,
            "공원":100,
            "혐오시설":0,
            "인프라총점":15.0,
            "초등학군":90.0,
            "중학군":49.66,
            "학군총점":57.728,
            "인구수":24.34,
            "인구증감":-7.84,
            "인구총점":14.686,
            "일자리":10.73,
            "소득수준":54.24,
            "일자리총점":23.783,
            "가치 총점":27.7434,
            "매매실거래년":20210925.0,
            "매매실거래가":27800.0,
            "전세실거래년":20211001.0,
            "전세실거래가":17000.0,
            "전세가율":70.83,
            "장기전세가율평균":71.83,
            "전세가율거품지수":1.0,
            "검색코드":4065,
            "세대수":206.0,
            "준공년월":"1990-06-08",
            "준공년차":33.0,
            "가까운역이름":"두실",
            "가까운역거리":590.8,
            "역세권여부":"준역세권",
            "30분이내주요거점역":0,
            "30분거점역이름":"[]",
            "1시간이내주요거점역":1,
            "1시간거점역이름":"['하단']",
            "3km이내백화점수":0,
            "5km이내아울렛몰수":0,
            "1km이내대형먀트수":1,
            "500m이내은행수":0,
            "500m이내병원수":0,
            "5km이내대형병원수":0,
            "500m이내공원수":3,
            "3km이내혐오시설수":0,
            "초등학교학업성취도":90.0,
            "중학교학업성취도":81.5,
            "용적률":0,
            "건폐율":0,
            "Y":35.257355,
            "X":129.084878,
            "rank":84.0,
            "area_info":"29평(95.94), 30평(101.92)",
            "last_sales":"2021-09-25,27800.0,30평(101.92)",
            "rank_history":[
                [
                    "202202",
                    84
                ],
                [
                    "202201",
                    84
                ]
            ],
            "rank_gap":0
        },
        {
            "index":195,
            "아파트명":"삼성",
            "투자타입":"재건축",
            "전용면적(m2)":"68.25",
            "전용면적(평)":"20평",
            "법정동주소":"부산시 금정구 남산동 35-8",
            "도로명주소":"부산시 금정구 금단로 136",
            "세대수":0,
            "입주년차":"--",
            "용적률점수":0,
            "건폐율점수":0,
            "세대당주차수":"--",
            "난방방식":"--",
            "공급면적":50,
            "전용률":60,
            "욕실수":"--",
            "현관타입":"--",
            "주거총점":5.5,
            "지역구공급총점":100.0,
            "역세권":80,
            "30분내 이동가능 거점":0,
            "1시간내 이동가능 거점":10,
            "교통총점":42.0,
            "백화점":0,
            "아울렛몰":0,
            "대형마트":0,
            "은행":20,
            "병원":0,
            "종합병원":0,
            "공원":0,
            "혐오시설":0,
            "인프라총점":2.0,
            "초등학군":89.99,
            "중학군":49.66,
            "학군총점":57.726,
            "인구수":24.34,
            "인구증감":-7.84,
            "인구총점":14.686,
            "일자리":10.73,
            "소득수준":54.24,
            "일자리총점":23.783,
            "가치 총점":25.5928,
            "매매실거래년":20211120.0,
            "매매실거래가":13970.0,
            "전세실거래년":20210617.0,
            "전세실거래가":10500.0,
            "전세가율":75.16,
            "장기전세가율평균":71.83,
            "전세가율거품지수":-3.33,
            "검색코드":4097,
            "세대수":180.0,
            "준공년월":"1992-12-12",
            "준공년차":31.0,
            "가까운역이름":"남산",
            "가까운역거리":446.76,
            "역세권여부":"역세권",
            "30분이내주요거점역":0,
            "30분거점역이름":"[]",
            "1시간이내주요거점역":1,
            "1시간거점역이름":"['하단']",
            "3km이내백화점수":0,
            "5km이내아울렛몰수":0,
            "1km이내대형먀트수":0,
            "500m이내은행수":2,
            "500m이내병원수":0,
            "5km이내대형병원수":0,
            "500m이내공원수":0,
            "3km이내혐오시설수":0,
            "초등학교학업성취도":89.99,
            "중학교학업성취도":81.5,
            "용적률":0,
            "건폐율":0,
            "Y":35.261263,
            "X":129.093381,
            "rank":85.0,
            "area_info":"20평(68.25)",
            "last_sales":"2021-11-20,13970.0,20평(68.25)",
            "rank_history":[
                [
                    "202202",
                    85
                ],
                [
                    "202201",
                    87
                ]
            ],
            "rank_gap":2
        }
    ]
}