{
    "schema":{
        "fields":[
            {
                "name":"index",
                "type":"integer"
            },
            {
                "name":"아파트명",
                "type":"string"
            },
            {
                "name":"투자타입",
                "type":"string"
            },
            {
                "name":"전용면적(m2)",
                "type":"string"
            },
            {
                "name":"전용면적(평)",
                "type":"string"
            },
            {
                "name":"법정동주소",
                "type":"string"
            },
            {
                "name":"도로명주소",
                "type":"string"
            },
            {
                "name":"세대수",
                "type":"integer"
            },
            {
                "name":"입주년차",
                "type":"string"
            },
            {
                "name":"용적률점수",
                "type":"string"
            },
            {
                "name":"건폐율점수",
                "type":"string"
            },
            {
                "name":"세대당주차수",
                "type":"string"
            },
            {
                "name":"난방방식",
                "type":"string"
            },
            {
                "name":"공급면적",
                "type":"string"
            },
            {
                "name":"전용률",
                "type":"string"
            },
            {
                "name":"욕실수",
                "type":"string"
            },
            {
                "name":"현관타입",
                "type":"string"
            },
            {
                "name":"주거총점",
                "type":"number"
            },
            {
                "name":"지역구공급총점",
                "type":"number"
            },
            {
                "name":"역세권",
                "type":"integer"
            },
            {
                "name":"30분내 이동가능 거점",
                "type":"integer"
            },
            {
                "name":"1시간내 이동가능 거점",
                "type":"integer"
            },
            {
                "name":"교통총점",
                "type":"number"
            },
            {
                "name":"백화점",
                "type":"integer"
            },
            {
                "name":"아울렛몰",
                "type":"integer"
            },
            {
                "name":"대형마트",
                "type":"integer"
            },
            {
                "name":"은행",
                "type":"integer"
            },
            {
                "name":"병원",
                "type":"integer"
            },
            {
                "name":"종합병원",
                "type":"integer"
            },
            {
                "name":"공원",
                "type":"integer"
            },
            {
                "name":"혐오시설",
                "type":"integer"
            },
            {
                "name":"인프라총점",
                "type":"number"
            },
            {
                "name":"초등학군",
                "type":"number"
            },
            {
                "name":"중학군",
                "type":"number"
            },
            {
                "name":"학군총점",
                "type":"number"
            },
            {
                "name":"인구수",
                "type":"number"
            },
            {
                "name":"인구증감",
                "type":"number"
            },
            {
                "name":"인구총점",
                "type":"number"
            },
            {
                "name":"일자리",
                "type":"number"
            },
            {
                "name":"소득수준",
                "type":"number"
            },
            {
                "name":"일자리총점",
                "type":"number"
            },
            {
                "name":"가치 총점",
                "type":"number"
            },
            {
                "name":"매매실거래년",
                "type":"string"
            },
            {
                "name":"매매실거래가",
                "type":"number"
            },
            {
                "name":"전세실거래년",
                "type":"number"
            },
            {
                "name":"전세실거래가",
                "type":"number"
            },
            {
                "name":"전세가율",
                "type":"number"
            },
            {
                "name":"장기전세가율평균",
                "type":"number"
            },
            {
                "name":"전세가율거품지수",
                "type":"number"
            },
            {
                "name":"검색코드",
                "type":"integer"
            },
            {
                "name":"세대수",
                "type":"number"
            },
            {
                "name":"준공년월",
                "type":"string"
            },
            {
                "name":"준공년차",
                "type":"number"
            },
            {
                "name":"가까운역이름",
                "type":"string"
            },
            {
                "name":"가까운역거리",
                "type":"number"
            },
            {
                "name":"역세권여부",
                "type":"string"
            },
            {
                "name":"30분이내주요거점역",
                "type":"integer"
            },
            {
                "name":"30분거점역이름",
                "type":"string"
            },
            {
                "name":"1시간이내주요거점역",
                "type":"integer"
            },
            {
                "name":"1시간거점역이름",
                "type":"string"
            },
            {
                "name":"3km이내백화점수",
                "type":"integer"
            },
            {
                "name":"5km이내아울렛몰수",
                "type":"integer"
            },
            {
                "name":"1km이내대형먀트수",
                "type":"integer"
            },
            {
                "name":"500m이내은행수",
                "type":"integer"
            },
            {
                "name":"500m이내병원수",
                "type":"integer"
            },
            {
                "name":"5km이내대형병원수",
                "type":"integer"
            },
            {
                "name":"500m이내공원수",
                "type":"integer"
            },
            {
                "name":"3km이내혐오시설수",
                "type":"integer"
            },
            {
                "name":"초등학교학업성취도",
                "type":"number"
            },
            {
                "name":"중학교학업성취도",
                "type":"number"
            },
            {
                "name":"용적률",
                "type":"integer"
            },
            {
                "name":"건폐율",
                "type":"integer"
            },
            {
                "name":"Y",
                "type":"number"
            },
            {
                "name":"X",
                "type":"number"
            },
            {
                "name":"rank",
                "type":"number"
            },
            {
                "name":"area_info",
                "type":"string"
            },
            {
                "name":"last_sales",
                "type":"string"
            },
            {
                "name":"rank_history",
                "type":"string"
            },
            {
                "name":"rank_gap",
                "type":"integer"
            }
        ],
        "primaryKey":[
            "index"
        ],
        "pandas_version":"1.4.0"
    },
    "data":[
        {
            "index":72,
            "아파트명":"반월당효성해링턴플레이스",
            "투자타입":"일반",
            "전용면적(m2)":"113.4",
            "전용면적(평)":"34평",
            "법정동주소":"대구시 중구 남산동 3006",
            "도로명주소":"대구시 중구 중앙대로66길 20",
            "세대수":50,
            "입주년차":80,
            "용적률점수":"--",
            "건폐율점수":"--",
            "세대당주차수":100,
            "난방방식":30,
            "공급면적":"--",
            "전용률":"--",
            "욕실수":100,
            "현관타입":100,
            "주거총점":71.5,
            "지역구공급총점":0.0,
            "역세권":80,
            "30분내 이동가능 거점":20,
            "1시간내 이동가능 거점":10,
            "교통총점":48.0,
            "백화점":100,
            "아울렛몰":80,
            "대형마트":80,
            "은행":100,
            "병원":0,
            "종합병원":100,
            "공원":0,
            "혐오시설":0,
            "인프라총점":80.0,
            "초등학군":89.98,
            "중학군":49.02,
            "학군총점":57.212,
            "인구수":7.96,
            "인구증감":-11.32,
            "인구총점":2.176,
            "일자리":11.23,
            "소득수준":60.53,
            "일자리총점":26.02,
            "가치 총점":66.2386,
            "매매실거래년":20211203.0,
            "매매실거래가":64000.0,
            "전세실거래년":20211218.0,
            "전세실거래가":50000.0,
            "전세가율":78.12,
            "장기전세가율평균":72.3,
            "전세가율거품지수":-5.82,
            "검색코드":103967,
            "세대수":499.0,
            "준공년월":"2014-07-31",
            "준공년차":9.0,
            "가까운역이름":"반월당",
            "가까운역거리":449.6,
            "역세권여부":"역세권",
            "30분이내주요거점역":1,
            "30분거점역이름":"['동대구']",
            "1시간이내주요거점역":1,
            "1시간거점역이름":"['동대구']",
            "3km이내백화점수":2,
            "5km이내아울렛몰수":1,
            "1km이내대형먀트수":1,
            "500m이내은행수":7,
            "500m이내병원수":0,
            "5km이내대형병원수":11,
            "500m이내공원수":0,
            "3km이내혐오시설수":0,
            "초등학교학업성취도":89.98,
            "중학교학업성취도":81.7,
            "용적률":408,
            "건폐율":65,
            "Y":35.861429,
            "X":128.593993,
            "rank":1.0,
            "area_info":"34평(113.4), 34평(113.96), 34평(113.82), 34평(113.67), 34평(113.59), 34평(114.02), 47평(156.89), 47평(157.68)",
            "last_sales":"2021-12-03,64000.0,34평(113.4)",
            "rank_history":[
                [
                    "202202",
                    1
                ],
                [
                    "202201",
                    1
                ]
            ],
            "rank_gap":0
        },
        {
            "index":15,
            "아파트명":"극동스타클래스남산",
            "투자타입":"일반",
            "전용면적(m2)":"80.41",
            "전용면적(평)":"24평",
            "법정동주소":"대구시 중구 남산동 3000",
            "도로명주소":"대구시 중구 남산로 30",
            "세대수":90,
            "입주년차":80,
            "용적률점수":"--",
            "건폐율점수":"--",
            "세대당주차수":60,
            "난방방식":30,
            "공급면적":"--",
            "전용률":"--",
            "욕실수":100,
            "현관타입":100,
            "주거총점":79.5,
            "지역구공급총점":0.0,
            "역세권":80,
            "30분내 이동가능 거점":20,
            "1시간내 이동가능 거점":10,
            "교통총점":48.0,
            "백화점":100,
            "아울렛몰":80,
            "대형마트":0,
            "은행":0,
            "병원":0,
            "종합병원":100,
            "공원":80,
            "혐오시설":0,
            "인프라총점":60.4,
            "초등학군":89.99,
            "중학군":55.96,
            "학군총점":62.766,
            "인구수":7.96,
            "인구증감":-11.32,
            "인구총점":2.176,
            "일자리":11.23,
            "소득수준":60.53,
            "일자리총점":26.02,
            "가치 총점":64.0248,
            "매매실거래년":20211215.0,
            "매매실거래가":42000.0,
            "전세실거래년":20220106.0,
            "전세실거래가":31000.0,
            "전세가율":73.81,
            "장기전세가율평균":72.3,
            "전세가율거품지수":-1.51,
            "검색코드":103643,
            "세대수":946.0,
            "준공년월":"2014-06-27",
            "준공년차":9.0,
            "가까운역이름":"남산",
            "가까운역거리":357.89,
            "역세권여부":"역세권",
            "30분이내주요거점역":1,
            "30분거점역이름":"['동대구']",
            "1시간이내주요거점역":1,
            "1시간거점역이름":"['동대구']",
            "3km이내백화점수":2,
            "5km이내아울렛몰수":1,
            "1km이내대형먀트수":0,
            "500m이내은행수":1,
            "500m이내병원수":0,
            "5km이내대형병원수":11,
            "500m이내공원수":1,
            "3km이내혐오시설수":0,
            "초등학교학업성취도":89.99,
            "중학교학업성취도":92.2,
            "용적률":264,
            "건폐율":16,
            "Y":35.859901,
            "X":128.583839,
            "rank":2.0,
            "area_info":"24평(80.41), 24평(80.55), 24평(80.49), 31평(103.85), 31평(104.58), 31평(104.67), 33평(111.9), 33평(111.72), 33평(111.51), 33평(111.72), 34평(112.56), 34평(113.53), 34평(114.19), 40평(133.84), 40평(134.5), 41평(138.37), 47평(157.47)",
            "last_sales":"2021-12-15,42000.0,24평(80.41)",
            "rank_history":[
                [
                    "202202",
                    2
                ],
                [
                    "202201",
                    2
                ]
            ],
            "rank_gap":0
        },
        {
            "index":45,
            "아파트명":"남산롯데캐슬센트럴스카이",
            "투자타입":"일반",
            "전용면적(m2)":"57.86",
            "전용면적(평)":"17평",
            "법정동주소":"대구시 중구 남산동 130-2번지 일원",
            "도로명주소":"대구시 중구 재마루길 77",
            "세대수":90,
            "입주년차":100,
            "용적률점수":"--",
            "건폐율점수":"--",
            "세대당주차수":30,
            "난방방식":30,
            "공급면적":"--",
            "전용률":"--",
            "욕실수":50,
            "현관타입":10,
            "주거총점":65.0,
            "지역구공급총점":0.0,
            "역세권":80,
            "30분내 이동가능 거점":20,
            "1시간내 이동가능 거점":10,
            "교통총점":48.0,
            "백화점":100,
            "아울렛몰":80,
            "대형마트":80,
            "은행":70,
            "병원":0,
            "종합병원":100,
            "공원":0,
            "혐오시설":0,
            "인프라총점":77.0,
            "초등학군":89.99,
            "중학군":45.88,
            "학군총점":54.702,
            "인구수":7.96,
            "인구증감":-11.32,
            "인구총점":2.176,
            "일자리":11.23,
            "소득수준":60.53,
            "일자리총점":26.02,
            "가치 총점":62.9606,
            "매매실거래년":20200627.0,
            "매매실거래가":85000.0,
            "전세실거래년":null,
            "전세실거래가":null,
            "전세가율":null,
            "장기전세가율평균":72.3,
            "전세가율거품지수":null,
            "검색코드":122280,
            "세대수":987.0,
            "준공년월":"2021-09-01",
            "준공년차":2.0,
            "가까운역이름":"신남",
            "가까운역거리":218.08,
            "역세권여부":"역세권",
            "30분이내주요거점역":1,
            "30분거점역이름":"['동대구']",
            "1시간이내주요거점역":1,
            "1시간거점역이름":"['동대구']",
            "3km이내백화점수":2,
            "5km이내아울렛몰수":1,
            "1km이내대형먀트수":1,
            "500m이내은행수":3,
            "500m이내병원수":0,
            "5km이내대형병원수":11,
            "500m이내공원수":0,
            "3km이내혐오시설수":0,
            "초등학교학업성취도":89.99,
            "중학교학업성취도":76.2,
            "용적률":280,
            "건폐율":18,
            "Y":35.863471,
            "X":128.584628,
            "rank":3.0,
            "area_info":"17평(57.86), 24평(81.62), 33평(109.67), 33평(110.56), 38평(126.71)",
            "last_sales":"2020-06-27,85000.0,38평(126.71)",
            "rank_history":[
                [
                    "202202",
                    3
                ],
                [
                    "202201",
                    6
                ]
            ],
            "rank_gap":3
        },
        {
            "index":147,
            "아파트명":"대신센트럴자이",
            "투자타입":"일반",
            "전용면적(m2)":"86.72",
            "전용면적(평)":"26평",
            "법정동주소":"대구시 중구 대신동 2106",
            "도로명주소":"대구시 중구 달구벌대로 1955",
            "세대수":90,
            "입주년차":80,
            "용적률점수":"--",
            "건폐율점수":"--",
            "세대당주차수":30,
            "난방방식":30,
            "공급면적":"--",
            "전용률":"--",
            "욕실수":100,
            "현관타입":100,
            "주거총점":75.0,
            "지역구공급총점":0.0,
            "역세권":80,
            "30분내 이동가능 거점":20,
            "1시간내 이동가능 거점":10,
            "교통총점":48.0,
            "백화점":100,
            "아울렛몰":80,
            "대형마트":0,
            "은행":70,
            "병원":0,
            "종합병원":100,
            "공원":80,
            "혐오시설":0,
            "인프라총점":67.4,
            "초등학군":89.99,
            "중학군":45.88,
            "학군총점":54.702,
            "인구수":7.96,
            "인구증감":-11.32,
            "인구총점":2.176,
            "일자리":11.23,
            "소득수준":60.53,
            "일자리총점":26.02,
            "가치 총점":62.5806,
            "매매실거래년":20210917.0,
            "매매실거래가":78000.0,
            "전세실거래년":20211231.0,
            "전세실거래가":30500.0,
            "전세가율":61.0,
            "장기전세가율평균":72.3,
            "전세가율거품지수":11.3,
            "검색코드":105070,
            "세대수":1147.0,
            "준공년월":"2015-04-15",
            "준공년차":8.0,
            "가까운역이름":"신남",
            "가까운역거리":418.53,
            "역세권여부":"역세권",
            "30분이내주요거점역":1,
            "30분거점역이름":"['동대구']",
            "1시간이내주요거점역":1,
            "1시간거점역이름":"['동대구']",
            "3km이내백화점수":2,
            "5km이내아울렛몰수":1,
            "1km이내대형먀트수":0,
            "500m이내은행수":3,
            "500m이내병원수":0,
            "5km이내대형병원수":11,
            "500m이내공원수":1,
            "3km이내혐오시설수":0,
            "초등학교학업성취도":89.99,
            "중학교학업성취도":76.2,
            "용적률":266,
            "건폐율":18,
            "Y":35.864787,
            "X":128.577793,
            "rank":4.0,
            "area_info":"26평(86.72), 26평(86.54), 26평(86.49), 34평(112.54), 34평(113.75), 35평(115.99), 39평(131.06)",
            "last_sales":"2021-09-17,78000.0,39평(131.06)",
            "rank_history":[
                [
                    "202202",
                    4
                ],
                [
                    "202201",
                    3
                ]
            ],
            "rank_gap":-1
        },
        {
            "index":195,
            "아파트명":"대구역센트럴자이",
            "투자타입":"일반",
            "전용면적(m2)":"83.45",
            "전용면적(평)":"25평",
            "법정동주소":"대구시 중구 수창동 173",
            "도로명주소":"대구시 중구 서성로 99",
            "세대수":90,
            "입주년차":80,
            "용적률점수":"--",
            "건폐율점수":"--",
            "세대당주차수":30,
            "난방방식":30,
            "공급면적":"--",
            "전용률":"--",
            "욕실수":100,
            "현관타입":100,
            "주거총점":75.0,
            "지역구공급총점":0.0,
            "역세권":80,
            "30분내 이동가능 거점":20,
            "1시간내 이동가능 거점":10,
            "교통총점":48.0,
            "백화점":100,
            "아울렛몰":80,
            "대형마트":0,
            "은행":0,
            "병원":0,
            "종합병원":100,
            "공원":100,
            "혐오시설":0,
            "인프라총점":61.0,
            "초등학군":89.96,
            "중학군":51.18,
            "학군총점":58.936,
            "인구수":7.96,
            "인구증감":-11.32,
            "인구총점":2.176,
            "일자리":11.23,
            "소득수준":60.53,
            "일자리총점":26.02,
            "가치 총점":61.9308,
            "매매실거래년":20211223.0,
            "매매실거래가":59000.0,
            "전세실거래년":20211213.0,
            "전세실거래가":35000.0,
            "전세가율":72.92,
            "장기전세가율평균":72.3,
            "전세가율거품지수":-0.62,
            "검색코드":109445,
            "세대수":1005.0,
            "준공년월":"2017-10-30",
            "준공년차":6.0,
            "가까운역이름":"달성공원",
            "가까운역거리":395.66,
            "역세권여부":"역세권",
            "30분이내주요거점역":1,
            "30분거점역이름":"['동대구']",
            "1시간이내주요거점역":1,
            "1시간거점역이름":"['동대구']",
            "3km이내백화점수":2,
            "5km이내아울렛몰수":1,
            "1km이내대형먀트수":0,
            "500m이내은행수":1,
            "500m이내병원수":0,
            "5km이내대형병원수":10,
            "500m이내공원수":3,
            "3km이내혐오시설수":0,
            "초등학교학업성취도":89.96,
            "중학교학업성취도":85.3,
            "용적률":516,
            "건폐율":64,
            "Y":35.875991,
            "X":128.586475,
            "rank":5.0,
            "area_info":"25평(83.45), 30평(102.23), 35평(118.17), 35평(118.6), 39평(132.07)",
            "last_sales":"2021-12-23,59000.0,35평(118.17)",
            "rank_history":[
                [
                    "202202",
                    5
                ],
                [
                    "202201",
                    5
                ]
            ],
            "rank_gap":0
        },
        {
            "index":13,
            "아파트명":"e편한세상남산",
            "투자타입":"일반",
            "전용면적(m2)":"83.55",
            "전용면적(평)":"25평",
            "법정동주소":"대구시 중구 남산동 3016",
            "도로명주소":"대구시 중구 달구벌대로 2020",
            "세대수":30,
            "입주년차":100,
            "용적률점수":"--",
            "건폐율점수":"--",
            "세대당주차수":30,
            "난방방식":30,
            "공급면적":"--",
            "전용률":"--",
            "욕실수":100,
            "현관타입":100,
            "주거총점":58.0,
            "지역구공급총점":0.0,
            "역세권":80,
            "30분내 이동가능 거점":20,
            "1시간내 이동가능 거점":10,
            "교통총점":48.0,
            "백화점":100,
            "아울렛몰":80,
            "대형마트":80,
            "은행":70,
            "병원":0,
            "종합병원":100,
            "공원":0,
            "혐오시설":0,
            "인프라총점":77.0,
            "초등학군":89.99,
            "중학군":45.88,
            "학군총점":54.702,
            "인구수":7.96,
            "인구증감":-11.32,
            "인구총점":2.176,
            "일자리":11.23,
            "소득수준":60.53,
            "일자리총점":26.02,
            "가치 총점":61.2106,
            "매매실거래년":20211201.0,
            "매매실거래가":54000.0,
            "전세실거래년":20220108.0,
            "전세실거래가":35000.0,
            "전세가율":64.81,
            "장기전세가율평균":72.3,
            "전세가율거품지수":7.49,
            "검색코드":119870,
            "세대수":348.0,
            "준공년월":"2020-05-01",
            "준공년차":3.0,
            "가까운역이름":"신남",
            "가까운역거리":288.33,
            "역세권여부":"역세권",
            "30분이내주요거점역":1,
            "30분거점역이름":"['동대구']",
            "1시간이내주요거점역":1,
            "1시간거점역이름":"['동대구']",
            "3km이내백화점수":2,
            "5km이내아울렛몰수":1,
            "1km이내대형먀트수":1,
            "500m이내은행수":4,
            "500m이내병원수":0,
            "5km이내대형병원수":11,
            "500m이내공원수":0,
            "3km이내혐오시설수":0,
            "초등학교학업성취도":89.99,
            "중학교학업성취도":76.2,
            "용적률":0,
            "건폐율":0,
            "Y":35.864924,
            "X":128.585452,
            "rank":6.0,
            "area_info":"25평(83.55), 33평(110.4)",
            "last_sales":"2021-12-01,54000.0,25평(83.55)",
            "rank_history":[
                [
                    "202202",
                    6
                ],
                [
                    "202201",
                    11
                ]
            ],
            "rank_gap":5
        },
        {
            "index":64,
            "아파트명":"반월당삼정그린코아",
            "투자타입":"일반",
            "전용면적(m2)":"109.11",
            "전용면적(평)":"33평",
            "법정동주소":"대구시 중구 남산동 665",
            "도로명주소":"대구시 중구 중앙대로67길 10",
            "세대수":30,
            "입주년차":40,
            "용적률점수":"--",
            "건폐율점수":"--",
            "세대당주차수":60,
            "난방방식":30,
            "공급면적":"--",
            "전용률":"--",
            "욕실수":100,
            "현관타입":100,
            "주거총점":50.5,
            "지역구공급총점":0.0,
            "역세권":80,
            "30분내 이동가능 거점":20,
            "1시간내 이동가능 거점":10,
            "교통총점":48.0,
            "백화점":100,
            "아울렛몰":80,
            "대형마트":80,
            "은행":100,
            "병원":0,
            "종합병원":100,
            "공원":0,
            "혐오시설":0,
            "인프라총점":80.0,
            "초등학군":89.98,
            "중학군":49.02,
            "학군총점":57.212,
            "인구수":7.96,
            "인구증감":-11.32,
            "인구총점":2.176,
            "일자리":11.23,
            "소득수준":60.53,
            "일자리총점":26.02,
            "가치 총점":60.9886,
            "매매실거래년":20210112.0,
            "매매실거래가":58000.0,
            "전세실거래년":20211004.0,
            "전세실거래가":40000.0,
            "전세가율":86.96,
            "장기전세가율평균":72.3,
            "전세가율거품지수":-14.66,
            "검색코드":14491,
            "세대수":372.0,
            "준공년월":"2007-07-27",
            "준공년차":16.0,
            "가까운역이름":"반월당",
            "가까운역거리":213.57,
            "역세권여부":"역세권",
            "30분이내주요거점역":1,
            "30분거점역이름":"['동대구']",
            "1시간이내주요거점역":1,
            "1시간거점역이름":"['동대구']",
            "3km이내백화점수":2,
            "5km이내아울렛몰수":1,
            "1km이내대형먀트수":1,
            "500m이내은행수":8,
            "500m이내병원수":0,
            "5km이내대형병원수":11,
            "500m이내공원수":0,
            "3km이내혐오시설수":0,
            "초등학교학업성취도":89.98,
            "중학교학업성취도":81.7,
            "용적률":654,
            "건폐율":48,
            "Y":35.863707,
            "X":128.592592,
            "rank":7.0,
            "area_info":"33평(109.11), 39평(129.92), 39평(130.75), 49평(162.05), 49평(164.61), 49평(165.1), 51평(170.3), 52평(174.77)",
            "last_sales":"2021-01-12,58000.0,51평(170.3)",
            "rank_history":[
                [
                    "202202",
                    7
                ],
                [
                    "202201",
                    12
                ]
            ],
            "rank_gap":5
        },
        {
            "index":137,
            "아파트명":"e편한세상대신",
            "투자타입":"일반",
            "전용면적(m2)":"82.87",
            "전용면적(평)":"25평",
            "법정동주소":"대구시 중구 대신동 2110",
            "도로명주소":"대구시 중구 달구벌대로 1943",
            "세대수":50,
            "입주년차":80,
            "용적률점수":"--",
            "건폐율점수":"--",
            "세대당주차수":60,
            "난방방식":30,
            "공급면적":"--",
            "전용률":"--",
            "욕실수":100,
            "현관타입":100,
            "주거총점":65.5,
            "지역구공급총점":0.0,
            "역세권":80,
            "30분내 이동가능 거점":20,
            "1시간내 이동가능 거점":10,
            "교통총점":48.0,
            "백화점":100,
            "아울렛몰":80,
            "대형마트":0,
            "은행":70,
            "병원":0,
            "종합병원":100,
            "공원":80,
            "혐오시설":0,
            "인프라총점":67.4,
            "초등학군":90.0,
            "중학군":45.88,
            "학군총점":54.704,
            "인구수":7.96,
            "인구증감":-11.32,
            "인구총점":2.176,
            "일자리":11.23,
            "소득수준":60.53,
            "일자리총점":26.02,
            "가치 총점":60.2062,
            "매매실거래년":20211212.0,
            "매매실거래가":45000.0,
            "전세실거래년":20220106.0,
            "전세실거래가":36000.0,
            "전세가율":80.0,
            "장기전세가율평균":72.3,
            "전세가율거품지수":-7.7,
            "검색코드":111647,
            "세대수":467.0,
            "준공년월":"2018-08-24",
            "준공년차":5.0,
            "가까운역이름":"반고개",
            "가까운역거리":422.92,
            "역세권여부":"역세권",
            "30분이내주요거점역":1,
            "30분거점역이름":"['동대구']",
            "1시간이내주요거점역":1,
            "1시간거점역이름":"['동대구']",
            "3km이내백화점수":2,
            "5km이내아울렛몰수":1,
            "1km이내대형먀트수":0,
            "500m이내은행수":3,
            "500m이내병원수":0,
            "5km이내대형병원수":11,
            "500m이내공원수":1,
            "3km이내혐오시설수":0,
            "초등학교학업성취도":90.0,
            "중학교학업성취도":76.2,
            "용적률":278,
            "건폐율":21,
            "Y":35.86462,
            "X":128.576392,
            "rank":8.0,
            "area_info":"25평(82.87), 25평(82.87), 33평(110.6), 33평(111.06)",
            "last_sales":"2021-12-12,45000.0,25평(82.87)",
            "rank_history":[
                [
                    "202202",
                    8
                ],
                [
                    "202201",
                    7
                ]
            ],
            "rank_gap":-1
        },
        {
            "index":0,
            "아파트명":"신성미소시티",
            "투자타입":"일반",
            "전용면적(m2)":"143.5",
            "전용면적(평)":"43평",
            "법정동주소":"대구시 중구 계산동2가 100",
            "도로명주소":"대구시 중구 달구벌대로 2051",
            "세대수":0,
            "입주년차":40,
            "용적률점수":"--",
            "건폐율점수":"--",
            "세대당주차수":80,
            "난방방식":30,
            "공급면적":"--",
            "전용률":"--",
            "욕실수":100,
            "현관타입":100,
            "주거총점":43.0,
            "지역구공급총점":0.0,
            "역세권":80,
            "30분내 이동가능 거점":20,
            "1시간내 이동가능 거점":10,
            "교통총점":48.0,
            "백화점":100,
            "아울렛몰":80,
            "대형마트":80,
            "은행":100,
            "병원":0,
            "종합병원":100,
            "공원":0,
            "혐오시설":0,
            "인프라총점":80.0,
            "초등학군":89.99,
            "중학군":51.18,
            "학군총점":58.942,
            "인구수":7.96,
            "인구증감":-11.32,
            "인구총점":2.176,
            "일자리":11.23,
            "소득수준":60.53,
            "일자리총점":26.02,
            "가치 총점":59.6326,
            "매매실거래년":20210217.0,
            "매매실거래가":95000.0,
            "전세실거래년":20210702.0,
            "전세실거래가":45000.0,
            "전세가율":95.74,
            "장기전세가율평균":72.3,
            "전세가율거품지수":-23.44,
            "검색코드":19771,
            "세대수":250.0,
            "준공년월":"2007-10-09",
            "준공년차":16.0,
            "가까운역이름":"반월당",
            "가까운역거리":486.86,
            "역세권여부":"역세권",
            "30분이내주요거점역":1,
            "30분거점역이름":"['동대구']",
            "1시간이내주요거점역":1,
            "1시간거점역이름":"['동대구']",
            "3km이내백화점수":2,
            "5km이내아울렛몰수":1,
            "1km이내대형먀트수":1,
            "500m이내은행수":8,
            "500m이내병원수":0,
            "5km이내대형병원수":11,
            "500m이내공원수":0,
            "3km이내혐오시설수":0,
            "초등학교학업성취도":89.99,
            "중학교학업성취도":85.3,
            "용적률":681,
            "건폐율":50,
            "Y":35.866756,
            "X":128.588407,
            "rank":9.0,
            "area_info":"43평(143.5), 45평(150.44), 49평(162.71), 50평(167.42), 55평(183.65), 57평(190.52)",
            "last_sales":"2021-02-17,95000.0,57평(190.52)",
            "rank_history":[
                [
                    "202202",
                    9
                ],
                [
                    "202201",
                    15
                ]
            ],
            "rank_gap":6
        },
        {
            "index":50,
            "아파트명":"남산역화성파크드림",
            "투자타입":"일반",
            "전용면적(m2)":"83.24",
            "전용면적(평)":"25평",
            "법정동주소":"대구시 중구 남산동 3012",
            "도로명주소":"대구시 중구 남산로7길 7",
            "세대수":50,
            "입주년차":80,
            "용적률점수":"--",
            "건폐율점수":"--",
            "세대당주차수":30,
            "난방방식":30,
            "공급면적":"--",
            "전용률":"--",
            "욕실수":100,
            "현관타입":100,
            "주거총점":61.0,
            "지역구공급총점":0.0,
            "역세권":80,
            "30분내 이동가능 거점":20,
            "1시간내 이동가능 거점":10,
            "교통총점":48.0,
            "백화점":100,
            "아울렛몰":80,
            "대형마트":0,
            "은행":0,
            "병원":0,
            "종합병원":100,
            "공원":80,
            "혐오시설":0,
            "인프라총점":60.4,
            "초등학군":89.99,
            "중학군":55.96,
            "학군총점":62.766,
            "인구수":7.96,
            "인구증감":-11.32,
            "인구총점":2.176,
            "일자리":11.23,
            "소득수준":60.53,
            "일자리총점":26.02,
            "가치 총점":59.3998,
            "매매실거래년":20211123.0,
            "매매실거래가":45000.0,
            "전세실거래년":20220125.0,
            "전세실거래가":33500.0,
            "전세가율":74.44,
            "장기전세가율평균":72.3,
            "전세가율거품지수":-2.14,
            "검색코드":112121,
            "세대수":415.0,
            "준공년월":"2018-09-13",
            "준공년차":5.0,
            "가까운역이름":"남산",
            "가까운역거리":237.01,
            "역세권여부":"역세권",
            "30분이내주요거점역":1,
            "30분거점역이름":"['동대구']",
            "1시간이내주요거점역":1,
            "1시간거점역이름":"['동대구']",
            "3km이내백화점수":2,
            "5km이내아울렛몰수":1,
            "1km이내대형먀트수":0,
            "500m이내은행수":1,
            "500m이내병원수":0,
            "5km이내대형병원수":11,
            "500m이내공원수":1,
            "3km이내혐오시설수":0,
            "초등학교학업성취도":89.99,
            "중학교학업성취도":92.2,
            "용적률":296,
            "건폐율":25,
            "Y":35.858288,
            "X":128.581712,
            "rank":10.0,
            "area_info":"25평(83.24), 29평(96.04), 32평(108.74), 34평(115.31), 35평(116.07)",
            "last_sales":"2021-11-23,45000.0,25평(83.24)",
            "rank_history":[
                [
                    "202202",
                    10
                ],
                [
                    "202201",
                    10
                ]
            ],
            "rank_gap":0
        },
        {
            "index":125,
            "아파트명":"센트로팰리스",
            "투자타입":"일반",
            "전용면적(m2)":"105.88",
            "전용면적(평)":"32평",
            "법정동주소":"대구시 중구 대봉동 60-10",
            "도로명주소":"대구시 중구 대봉로 260",
            "세대수":80,
            "입주년차":40,
            "용적률점수":"--",
            "건폐율점수":"--",
            "세대당주차수":60,
            "난방방식":30,
            "공급면적":"--",
            "전용률":"--",
            "욕실수":100,
            "현관타입":100,
            "주거총점":68.0,
            "지역구공급총점":0.0,
            "역세권":80,
            "30분내 이동가능 거점":20,
            "1시간내 이동가능 거점":10,
            "교통총점":48.0,
            "백화점":100,
            "아울렛몰":80,
            "대형마트":0,
            "은행":20,
            "병원":0,
            "종합병원":100,
            "공원":0,
            "혐오시설":0,
            "인프라총점":60.0,
            "초등학군":90.0,
            "중학군":48.92,
            "학군총점":57.136,
            "인구수":7.96,
            "인구증감":-11.32,
            "인구총점":2.176,
            "일자리":11.23,
            "소득수준":60.53,
            "일자리총점":26.02,
            "가치 총점":59.3408,
            "매매실거래년":20210430.0,
            "매매실거래가":117000.0,
            "전세실거래년":20211116.0,
            "전세실거래가":50000.0,
            "전세가율":81.97,
            "장기전세가율평균":72.3,
            "전세가율거품지수":-9.67,
            "검색코드":13620,
            "세대수":843.0,
            "준공년월":"2007-03-23",
            "준공년차":16.0,
            "가까운역이름":"경대병원",
            "가까운역거리":167.2,
            "역세권여부":"역세권",
            "30분이내주요거점역":1,
            "30분거점역이름":"['동대구']",
            "1시간이내주요거점역":1,
            "1시간거점역이름":"['동대구']",
            "3km이내백화점수":2,
            "5km이내아울렛몰수":1,
            "1km이내대형먀트수":0,
            "500m이내은행수":2,
            "500m이내병원수":0,
            "5km이내대형병원수":7,
            "500m이내공원수":0,
            "3km이내혐오시설수":0,
            "초등학교학업성취도":90.0,
            "중학교학업성취도":80.8,
            "용적률":546,
            "건폐율":27,
            "Y":35.861885,
            "X":128.601891,
            "rank":11.0,
            "area_info":"32평(105.88), 32평(105.88), 48평(158.77), 52평(175.06), 57평(188.61), 67평(222.6)",
            "last_sales":"2021-04-30,117000.0,67평(222.6)",
            "rank_history":[
                [
                    "202202",
                    11
                ],
                [
                    "202201",
                    4
                ]
            ],
            "rank_gap":-7
        },
        {
            "index":36,
            "아파트명":"남산그린타운",
            "투자타입":"일반",
            "전용면적(m2)":"75.84",
            "전용면적(평)":"22평",
            "법정동주소":"대구시 중구 남산동 2937-1",
            "도로명주소":"대구시 중구 달구벌대로 1950",
            "세대수":80,
            "입주년차":40,
            "용적률점수":"--",
            "건폐율점수":"--",
            "세대당주차수":30,
            "난방방식":30,
            "공급면적":"--",
            "전용률":"--",
            "욕실수":50,
            "현관타입":100,
            "주거총점":58.5,
            "지역구공급총점":0.0,
            "역세권":80,
            "30분내 이동가능 거점":20,
            "1시간내 이동가능 거점":10,
            "교통총점":48.0,
            "백화점":100,
            "아울렛몰":80,
            "대형마트":0,
            "은행":70,
            "병원":0,
            "종합병원":100,
            "공원":80,
            "혐오시설":0,
            "인프라총점":67.4,
            "초등학군":90.0,
            "중학군":46.92,
            "학군총점":55.536,
            "인구수":7.96,
            "인구증감":-11.32,
            "인구총점":2.176,
            "일자리":11.23,
            "소득수준":60.53,
            "일자리총점":26.02,
            "가치 총점":58.7058,
            "매매실거래년":20211211.0,
            "매매실거래가":39250.0,
            "전세실거래년":20211208.0,
            "전세실거래가":27000.0,
            "전세가율":77.36,
            "장기전세가율평균":72.3,
            "전세가율거품지수":-5.06,
            "검색코드":11488,
            "세대수":804.0,
            "준공년월":"2005-04-27",
            "준공년차":18.0,
            "가까운역이름":"반고개",
            "가까운역거리":399.41,
            "역세권여부":"역세권",
            "30분이내주요거점역":1,
            "30분거점역이름":"['동대구']",
            "1시간이내주요거점역":1,
            "1시간거점역이름":"['동대구']",
            "3km이내백화점수":2,
            "5km이내아울렛몰수":1,
            "1km이내대형먀트수":0,
            "500m이내은행수":4,
            "500m이내병원수":0,
            "5km이내대형병원수":11,
            "500m이내공원수":1,
            "3km이내혐오시설수":0,
            "초등학교학업성취도":90.0,
            "중학교학업성취도":78.2,
            "용적률":298,
            "건폐율":21,
            "Y":35.862629,
            "X":128.577127,
            "rank":12.0,
            "area_info":"22평(75.84), 27평(89.98), 33평(109.46), 33평(109.77), 33평(109.87), 33평(109.46), 33평(109.46), 33평(109.46), 39평(131.47)",
            "last_sales":"2021-12-11,39250.0,27평(89.98)",
            "rank_history":[
                [
                    "202202",
                    12
                ],
                [
                    "202201",
                    9
                ]
            ],
            "rank_gap":-3
        },
        {
            "index":55,
            "아파트명":"반월당SK허브스카이",
            "투자타입":"일반",
            "전용면적(m2)":"109.88",
            "전용면적(평)":"33평",
            "법정동주소":"대구시 중구 남산동 654-1",
            "도로명주소":"대구시 중구 중앙대로 323",
            "세대수":0,
            "입주년차":40,
            "용적률점수":"--",
            "건폐율점수":"--",
            "세대당주차수":60,
            "난방방식":30,
            "공급면적":"--",
            "전용률":"--",
            "욕실수":100,
            "현관타입":100,
            "주거총점":40.0,
            "지역구공급총점":0.0,
            "역세권":80,
            "30분내 이동가능 거점":20,
            "1시간내 이동가능 거점":10,
            "교통총점":48.0,
            "백화점":100,
            "아울렛몰":80,
            "대형마트":80,
            "은행":100,
            "병원":0,
            "종합병원":100,
            "공원":0,
            "혐오시설":0,
            "인프라총점":80.0,
            "초등학군":89.98,
            "중학군":49.02,
            "학군총점":57.212,
            "인구수":7.96,
            "인구증감":-11.32,
            "인구총점":2.176,
            "일자리":11.23,
            "소득수준":60.53,
            "일자리총점":26.02,
            "가치 총점":58.3636,
            "매매실거래년":20201111.0,
            "매매실거래가":55000.0,
            "전세실거래년":20211218.0,
            "전세실거래가":33000.0,
            "전세가율":94.29,
            "장기전세가율평균":72.3,
            "전세가율거품지수":-21.99,
            "검색코드":19772,
            "세대수":134.0,
            "준공년월":"2006-09-29",
            "준공년차":17.0,
            "가까운역이름":"반월당",
            "가까운역거리":360.12,
            "역세권여부":"역세권",
            "30분이내주요거점역":1,
            "30분거점역이름":"['동대구']",
            "1시간이내주요거점역":1,
            "1시간거점역이름":"['동대구']",
            "3km이내백화점수":2,
            "5km이내아울렛몰수":1,
            "1km이내대형먀트수":1,
            "500m이내은행수":8,
            "500m이내병원수":0,
            "5km이내대형병원수":11,
            "500m이내공원수":0,
            "3km이내혐오시설수":0,
            "초등학교학업성취도":89.98,
            "중학교학업성취도":81.7,
            "용적률":726,
            "건폐율":57,
            "Y":35.86231,
            "X":128.592626,
            "rank":13.0,
            "area_info":"33평(109.88), 35평(118.08), 39평(129.96), 43평(144.45), 51평(170.24), 54평(181.24), 57평(189.05), 59평(196.95), 69평(229.67)",
            "last_sales":"2020-11-11,55000.0,54평(181.24)",
            "rank_history":[
                [
                    "202202",
                    13
                ],
                [
                    "202201",
                    19
                ]
            ],
            "rank_gap":6
        },
        {
            "index":157,
            "아파트명":"태왕아너스스카이",
            "투자타입":"일반",
            "전용면적(m2)":"99.4",
            "전용면적(평)":"30평",
            "법정동주소":"대구시 중구 대신동 305-1",
            "도로명주소":"대구시 중구 달구벌대로 1975",
            "세대수":50,
            "입주년차":40,
            "용적률점수":"--",
            "건폐율점수":"--",
            "세대당주차수":60,
            "난방방식":30,
            "공급면적":"--",
            "전용률":"--",
            "욕실수":100,
            "현관타입":100,
            "주거총점":57.5,
            "지역구공급총점":0.0,
            "역세권":80,
            "30분내 이동가능 거점":20,
            "1시간내 이동가능 거점":10,
            "교통총점":48.0,
            "백화점":100,
            "아울렛몰":80,
            "대형마트":0,
            "은행":70,
            "병원":0,
            "종합병원":100,
            "공원":80,
            "혐오시설":0,
            "인프라총점":67.4,
            "초등학군":89.99,
            "중학군":45.88,
            "학군총점":54.702,
            "인구수":7.96,
            "인구증감":-11.32,
            "인구총점":2.176,
            "일자리":11.23,
            "소득수준":60.53,
            "일자리총점":26.02,
            "가치 총점":58.2056,
            "매매실거래년":20210304.0,
            "매매실거래가":81000.0,
            "전세실거래년":20210714.0,
            "전세실거래가":40000.0,
            "전세가율":77.37,
            "장기전세가율평균":72.3,
            "전세가율거품지수":-5.07,
            "검색코드":15320,
            "세대수":492.0,
            "준공년월":"2006-12-20",
            "준공년차":17.0,
            "가까운역이름":"신남",
            "가까운역거리":236.18,
            "역세권여부":"역세권",
            "30분이내주요거점역":1,
            "30분거점역이름":"['동대구']",
            "1시간이내주요거점역":1,
            "1시간거점역이름":"['동대구']",
            "3km이내백화점수":2,
            "5km이내아울렛몰수":1,
            "1km이내대형먀트수":0,
            "500m이내은행수":3,
            "500m이내병원수":0,
            "5km이내대형병원수":11,
            "500m이내공원수":1,
            "3km이내혐오시설수":0,
            "초등학교학업성취도":89.99,
            "중학교학업성취도":76.2,
            "용적률":294,
            "건폐율":24,
            "Y":35.864985,
            "X":128.579946,
            "rank":14.0,
            "area_info":"30평(99.4), 33평(110.21), 41평(135.56), 49평(162.41), 50평(165.33), 60평(199.81), 68평(227.66)",
            "last_sales":"2021-03-04,81000.0,60평(199.81)",
            "rank_history":[
                [
                    "202202",
                    14
                ],
                [
                    "202201",
                    8
                ]
            ],
            "rank_gap":-6
        },
        {
            "index":184,
            "아파트명":"봉산뜨란채",
            "투자타입":"일반",
            "전용면적(m2)":"78.14",
            "전용면적(평)":"23평",
            "법정동주소":"대구시 중구 봉산동 110",
            "도로명주소":"대구시 중구 봉산문화길 69",
            "세대수":0,
            "입주년차":40,
            "용적률점수":"--",
            "건폐율점수":"--",
            "세대당주차수":30,
            "난방방식":30,
            "공급면적":"--",
            "전용률":"--",
            "욕실수":100,
            "현관타입":100,
            "주거총점":35.5,
            "지역구공급총점":0.0,
            "역세권":80,
            "30분내 이동가능 거점":20,
            "1시간내 이동가능 거점":10,
            "교통총점":48.0,
            "백화점":100,
            "아울렛몰":80,
            "대형마트":80,
            "은행":100,
            "병원":0,
            "종합병원":100,
            "공원":0,
            "혐오시설":0,
            "인프라총점":80.0,
            "초등학군":90.0,
            "중학군":49.02,
            "학군총점":57.216,
            "인구수":7.96,
            "인구증감":-11.32,
            "인구총점":2.176,
            "일자리":11.23,
            "소득수준":60.53,
            "일자리총점":26.02,
            "가치 총점":57.2398,
            "매매실거래년":20210414.0,
            "매매실거래가":48500.0,
            "전세실거래년":20211021.0,
            "전세실거래가":30000.0,
            "전세가율":66.67,
            "장기전세가율평균":72.3,
            "전세가율거품지수":5.63,
            "검색코드":19707,
            "세대수":295.0,
            "준공년월":"2006-08-18",
            "준공년차":17.0,
            "가까운역이름":"반월당",
            "가까운역거리":433.52,
            "역세권여부":"역세권",
            "30분이내주요거점역":1,
            "30분거점역이름":"['동대구']",
            "1시간이내주요거점역":1,
            "1시간거점역이름":"['동대구']",
            "3km이내백화점수":2,
            "5km이내아울렛몰수":1,
            "1km이내대형먀트수":1,
            "500m이내은행수":6,
            "500m이내병원수":0,
            "5km이내대형병원수":8,
            "500m이내공원수":0,
            "3km이내혐오시설수":0,
            "초등학교학업성취도":90.0,
            "중학교학업성취도":81.7,
            "용적률":252,
            "건폐율":17,
            "Y":35.86264,
            "X":128.596892,
            "rank":15.0,
            "area_info":"23평(78.14), 30평(99.45), 30평(99.96), 33평(111.61), 33평(111.59)",
            "last_sales":"2021-04-14,48500.0,33평(111.61)",
            "rank_history":[
                [
                    "202202",
                    15
                ],
                [
                    "202201",
                    20
                ]
            ],
            "rank_gap":5
        },
        {
            "index":112,
            "아파트명":"대봉태왕아너스",
            "투자타입":"일반",
            "전용면적(m2)":"79.77",
            "전용면적(평)":"24평",
            "법정동주소":"대구시 중구 대봉동 758",
            "도로명주소":"대구시 중구 동덕로 55",
            "세대수":50,
            "입주년차":80,
            "용적률점수":"--",
            "건폐율점수":"--",
            "세대당주차수":30,
            "난방방식":30,
            "공급면적":"--",
            "전용률":"--",
            "욕실수":100,
            "현관타입":100,
            "주거총점":61.0,
            "지역구공급총점":0.0,
            "역세권":80,
            "30분내 이동가능 거점":20,
            "1시간내 이동가능 거점":10,
            "교통총점":48.0,
            "백화점":100,
            "아울렛몰":80,
            "대형마트":0,
            "은행":0,
            "병원":0,
            "종합병원":100,
            "공원":0,
            "혐오시설":0,
            "인프라총점":58.0,
            "초등학군":90.0,
            "중학군":48.92,
            "학군총점":57.136,
            "인구수":7.96,
            "인구증감":-11.32,
            "인구총점":2.176,
            "일자리":11.23,
            "소득수준":60.53,
            "일자리총점":26.02,
            "가치 총점":56.9908,
            "매매실거래년":20211106.0,
            "매매실거래가":66000.0,
            "전세실거래년":20220109.0,
            "전세실거래가":29400.0,
            "전세가율":73.5,
            "장기전세가율평균":72.3,
            "전세가율거품지수":-1.2,
            "검색코드":107549,
            "세대수":410.0,
            "준공년월":"2015-11-30",
            "준공년차":8.0,
            "가까운역이름":"경대병원",
            "가까운역거리":345.09,
            "역세권여부":"역세권",
            "30분이내주요거점역":1,
            "30분거점역이름":"['동대구']",
            "1시간이내주요거점역":1,
            "1시간거점역이름":"['동대구']",
            "3km이내백화점수":2,
            "5km이내아울렛몰수":1,
            "1km이내대형먀트수":0,
            "500m이내은행수":1,
            "500m이내병원수":0,
            "5km이내대형병원수":7,
            "500m이내공원수":0,
            "3km이내혐오시설수":0,
            "초등학교학업성취도":90.0,
            "중학교학업성취도":80.8,
            "용적률":280,
            "건폐율":22,
            "Y":35.860049,
            "X":128.603161,
            "rank":16.0,
            "area_info":"24평(79.77), 24평(79.85), 30평(102.41), 30평(102.12), 30평(102.41), 33평(111.41)",
            "last_sales":"2021-11-06,66000.0,33평(111.41)",
            "rank_history":[
                [
                    "202202",
                    16
                ],
                [
                    "202201",
                    14
                ]
            ],
            "rank_gap":-2
        },
        {
            "index":83,
            "아파트명":"보성황실타운",
            "투자타입":"일반",
            "전용면적(m2)":"89.26",
            "전용면적(평)":"27평",
            "법정동주소":"대구시 중구 남산동 2466-1",
            "도로명주소":"대구시 중구 남산로13길 17",
            "세대수":90,
            "입주년차":0,
            "용적률점수":"--",
            "건폐율점수":"--",
            "세대당주차수":0,
            "난방방식":30,
            "공급면적":"--",
            "전용률":"--",
            "욕실수":50,
            "현관타입":100,
            "주거총점":49.5,
            "지역구공급총점":0.0,
            "역세권":80,
            "30분내 이동가능 거점":20,
            "1시간내 이동가능 거점":10,
            "교통총점":48.0,
            "백화점":100,
            "아울렛몰":80,
            "대형마트":0,
            "은행":0,
            "병원":0,
            "종합병원":100,
            "공원":80,
            "혐오시설":0,
            "인프라총점":60.4,
            "초등학군":89.99,
            "중학군":55.96,
            "학군총점":62.766,
            "인구수":7.96,
            "인구증감":-11.32,
            "인구총점":2.176,
            "일자리":11.23,
            "소득수준":60.53,
            "일자리총점":26.02,
            "가치 총점":56.5248,
            "매매실거래년":20211125.0,
            "매매실거래가":34000.0,
            "전세실거래년":20220110.0,
            "전세실거래가":23100.0,
            "전세가율":67.94,
            "장기전세가율평균":72.3,
            "전세가율거품지수":4.36,
            "검색코드":6445,
            "세대수":1058.0,
            "준공년월":"1993-03-29",
            "준공년차":30.0,
            "가까운역이름":"남산",
            "가까운역거리":433.94,
            "역세권여부":"역세권",
            "30분이내주요거점역":1,
            "30분거점역이름":"['동대구']",
            "1시간이내주요거점역":1,
            "1시간거점역이름":"['동대구']",
            "3km이내백화점수":2,
            "5km이내아울렛몰수":1,
            "1km이내대형먀트수":0,
            "500m이내은행수":1,
            "500m이내병원수":0,
            "5km이내대형병원수":11,
            "500m이내공원수":1,
            "3km이내혐오시설수":0,
            "초등학교학업성취도":89.99,
            "중학교학업성취도":92.2,
            "용적률":0,
            "건폐율":0,
            "Y":35.860177,
            "X":128.581283,
            "rank":17.0,
            "area_info":"27평(89.26), 32평(109.09), 44평(148.76), 50평(165.29), 60평(198.35), 77평(257.85)",
            "last_sales":"2021-11-25,34000.0,27평(89.26)",
            "rank_history":[
                [
                    "202202",
                    17
                ],
                [
                    "202201",
                    18
                ]
            ],
            "rank_gap":1
        },
        {
            "index":189,
            "아파트명":"삼덕청아람리슈빌",
            "투자타입":"일반",
            "전용면적(m2)":"60.96",
            "전용면적(평)":"18평",
            "법정동주소":"대구시 중구 삼덕동3가 383",
            "도로명주소":"대구시 중구 달구벌대로447길 77",
            "세대수":80,
            "입주년차":60,
            "용적률점수":"--",
            "건폐율점수":"--",
            "세대당주차수":30,
            "난방방식":30,
            "공급면적":"--",
            "전용률":"--",
            "욕실수":50,
            "현관타입":10,
            "주거총점":53.5,
            "지역구공급총점":0.0,
            "역세권":50,
            "30분내 이동가능 거점":20,
            "1시간내 이동가능 거점":10,
            "교통총점":33.0,
            "백화점":100,
            "아울렛몰":80,
            "대형마트":0,
            "은행":70,
            "병원":0,
            "종합병원":100,
            "공원":80,
            "혐오시설":0,
            "인프라총점":67.4,
            "초등학군":90.0,
            "중학군":48.92,
            "학군총점":57.136,
            "인구수":7.96,
            "인구증감":-11.32,
            "인구총점":2.176,
            "일자리":11.23,
            "소득수준":60.53,
            "일자리총점":26.02,
            "가치 총점":55.6858,
            "매매실거래년":20211228.0,
            "매매실거래가":29900.0,
            "전세실거래년":20220121.0,
            "전세실거래가":24000.0,
            "전세가율":80.27,
            "장기전세가율평균":72.3,
            "전세가율거품지수":-7.97,
            "검색코드":102935,
            "세대수":730.0,
            "준공년월":"2013-04-03",
            "준공년차":10.0,
            "가까운역이름":"경대병원",
            "가까운역거리":510.61,
            "역세권여부":"준역세권",
            "30분이내주요거점역":1,
            "30분거점역이름":"['동대구']",
            "1시간이내주요거점역":1,
            "1시간거점역이름":"['동대구']",
            "3km이내백화점수":3,
            "5km이내아울렛몰수":1,
            "1km이내대형먀트수":0,
            "500m이내은행수":4,
            "500m이내병원수":0,
            "5km이내대형병원수":7,
            "500m이내공원수":1,
            "3km이내혐오시설수":0,
            "초등학교학업성취도":90.0,
            "중학교학업성취도":80.8,
            "용적률":257,
            "건폐율":21,
            "Y":35.866113,
            "X":128.607227,
            "rank":18.0,
            "area_info":"18평(60.96), 24평(81.31), 35평(115.81), 34평(115.52), 35평(116.01), 35평(116.45)",
            "last_sales":"2021-12-28,29900.0,18평(60.96)",
            "rank_history":[
                [
                    "202202",
                    18
                ],
                [
                    "202201",
                    13
                ]
            ],
            "rank_gap":-5
        },
        {
            "index":100,
            "아파트명":"청라센트럴파크",
            "투자타입":"일반",
            "전용면적(m2)":"101.7",
            "전용면적(평)":"30평",
            "법정동주소":"대구시 중구 남산동 2991",
            "도로명주소":"대구시 중구 달구벌대로 1970",
            "세대수":50,
            "입주년차":40,
            "용적률점수":"--",
            "건폐율점수":"--",
            "세대당주차수":30,
            "난방방식":30,
            "공급면적":"--",
            "전용률":"--",
            "욕실수":100,
            "현관타입":100,
            "주거총점":53.0,
            "지역구공급총점":0.0,
            "역세권":80,
            "30분내 이동가능 거점":20,
            "1시간내 이동가능 거점":10,
            "교통총점":48.0,
            "백화점":100,
            "아울렛몰":80,
            "대형마트":0,
            "은행":20,
            "병원":0,
            "종합병원":100,
            "공원":80,
            "혐오시설":0,
            "인프라총점":62.4,
            "초등학군":89.99,
            "중학군":45.88,
            "학군총점":54.702,
            "인구수":7.96,
            "인구증감":-11.32,
            "인구총점":2.176,
            "일자리":11.23,
            "소득수준":60.53,
            "일자리총점":26.02,
            "가치 총점":55.5806,
            "매매실거래년":20210601.0,
            "매매실거래가":52800.0,
            "전세실거래년":20211226.0,
            "전세실거래가":32000.0,
            "전세가율":60.61,
            "장기전세가율평균":72.3,
            "전세가율거품지수":11.69,
            "검색코드":23784,
            "세대수":604.0,
            "준공년월":"2008-10-28",
            "준공년차":15.0,
            "가까운역이름":"신남",
            "가까운역거리":226.44,
            "역세권여부":"역세권",
            "30분이내주요거점역":1,
            "30분거점역이름":"['동대구']",
            "1시간이내주요거점역":1,
            "1시간거점역이름":"['동대구']",
            "3km이내백화점수":2,
            "5km이내아울렛몰수":1,
            "1km이내대형먀트수":0,
            "500m이내은행수":2,
            "500m이내병원수":0,
            "5km이내대형병원수":11,
            "500m이내공원수":1,
            "3km이내혐오시설수":0,
            "초등학교학업성취도":89.99,
            "중학교학업성취도":76.2,
            "용적률":255,
            "건폐율":17,
            "Y":35.8631,
            "X":128.580264,
            "rank":19.0,
            "area_info":"30평(101.7), 33평(109.31), 33평(109.23), 40평(134.7)",
            "last_sales":"2021-06-01,52800.0,30평(101.7)",
            "rank_history":[
                [
                    "202202",
                    19
                ],
                [
                    "202201",
                    17
                ]
            ],
            "rank_gap":-2
        },
        {
            "index":89,
            "아파트명":"인터불고코아시스(도시형)",
            "투자타입":"일반",
            "전용면적(m2)":"29.74",
            "전용면적(평)":"8평",
            "법정동주소":"대구시 중구 남산동 437-1",
            "도로명주소":"대구시 중구 명륜로 19",
            "세대수":0,
            "입주년차":80,
            "용적률점수":"--",
            "건폐율점수":"--",
            "세대당주차수":0,
            "난방방식":30,
            "공급면적":"--",
            "전용률":"--",
            "욕실수":50,
            "현관타입":10,
            "주거총점":25.0,
            "지역구공급총점":0.0,
            "역세권":80,
            "30분내 이동가능 거점":20,
            "1시간내 이동가능 거점":10,
            "교통총점":48.0,
            "백화점":100,
            "아울렛몰":80,
            "대형마트":80,
            "은행":100,
            "병원":0,
            "종합병원":100,
            "공원":0,
            "혐오시설":0,
            "인프라총점":80.0,
            "초등학군":89.99,
            "중학군":51.18,
            "학군총점":58.942,
            "인구수":7.96,
            "인구증감":-11.32,
            "인구총점":2.176,
            "일자리":11.23,
            "소득수준":60.53,
            "일자리총점":26.02,
            "가치 총점":55.1326,
            "매매실거래년":20211230.0,
            "매매실거래가":10000.0,
            "전세실거래년":null,
            "전세실거래가":null,
            "전세가율":null,
            "장기전세가율평균":72.3,
            "전세가율거품지수":null,
            "검색코드":107768,
            "세대수":192.0,
            "준공년월":"2014-02-07",
            "준공년차":9.0,
            "가까운역이름":"반월당",
            "가까운역거리":406.53,
            "역세권여부":"역세권",
            "30분이내주요거점역":1,
            "30분거점역이름":"['동대구']",
            "1시간이내주요거점역":1,
            "1시간거점역이름":"['동대구']",
            "3km이내백화점수":2,
            "5km이내아울렛몰수":1,
            "1km이내대형먀트수":1,
            "500m이내은행수":11,
            "500m이내병원수":0,
            "5km이내대형병원수":11,
            "500m이내공원수":0,
            "3km이내혐오시설수":0,
            "초등학교학업성취도":89.99,
            "중학교학업성취도":85.3,
            "용적률":751,
            "건폐율":59,
            "Y":35.864733,
            "X":128.589145,
            "rank":20.0,
            "area_info":"8평(29.74), 9평(30.44), 9평(31.21), 9평(31.17), 12평(40.27), 12평(40.08), 12평(40.49), 12평(40.13), 12평(41.39), 12평(42.23), 13평(43.08)",
            "last_sales":"2021-12-30,10000.0,12평(42.23)",
            "rank_history":[
                [
                    "202202",
                    20
                ],
                [
                    "202201",
                    22
                ]
            ],
            "rank_gap":2
        },
        {
            "index":32,
            "아파트명":"까치",
            "투자타입":"재건축",
            "전용면적(m2)":"44.44",
            "전용면적(평)":"13평",
            "법정동주소":"대구시 중구 남산동 2482-1",
            "도로명주소":"대구시 중구 남산로7길 80",
            "세대수":50,
            "입주년차":"--",
            "용적률점수":0,
            "건폐율점수":60,
            "세대당주차수":"--",
            "난방방식":"--",
            "공급면적":50,
            "전용률":60,
            "욕실수":"--",
            "현관타입":"--",
            "주거총점":32.5,
            "지역구공급총점":0.0,
            "역세권":80,
            "30분내 이동가능 거점":20,
            "1시간내 이동가능 거점":10,
            "교통총점":48.0,
            "백화점":100,
            "아울렛몰":80,
            "대형마트":0,
            "은행":20,
            "병원":0,
            "종합병원":100,
            "공원":80,
            "혐오시설":0,
            "인프라총점":62.4,
            "초등학군":89.99,
            "중학군":55.96,
            "학군총점":62.766,
            "인구수":7.96,
            "인구증감":-11.32,
            "인구총점":2.176,
            "일자리":11.23,
            "소득수준":60.53,
            "일자리총점":26.02,
            "가치 총점":52.8748,
            "매매실거래년":20211104.0,
            "매매실거래가":12200.0,
            "전세실거래년":20211129.0,
            "전세실거래가":8500.0,
            "전세가율":69.67,
            "장기전세가율평균":72.3,
            "전세가율거품지수":2.63,
            "검색코드":6440,
            "세대수":690.0,
            "준공년월":"1992-06-30",
            "준공년차":31.0,
            "가까운역이름":"남산",
            "가까운역거리":474.05,
            "역세권여부":"역세권",
            "30분이내주요거점역":1,
            "30분거점역이름":"['동대구']",
            "1시간이내주요거점역":1,
            "1시간거점역이름":"['동대구']",
            "3km이내백화점수":2,
            "5km이내아울렛몰수":1,
            "1km이내대형먀트수":0,
            "500m이내은행수":2,
            "500m이내병원수":0,
            "5km이내대형병원수":11,
            "500m이내공원수":1,
            "3km이내혐오시설수":0,
            "초등학교학업성취도":89.99,
            "중학교학업성취도":92.2,
            "용적률":418,
            "건폐율":33,
            "Y":35.859848,
            "X":128.579919,
            "rank":21.0,
            "area_info":"13평(44.44), 21평(71.56), 24평(79.65), 24평(79.85)",
            "last_sales":"2021-11-04,12200.0,13평(44.44)",
            "rank_history":[
                [
                    "202202",
                    21
                ],
                [
                    "202201",
                    23
                ]
            ],
            "rank_gap":2
        },
        {
            "index":6,
            "아파트명":"노마즈하우스(도시형)",
            "투자타입":"일반",
            "전용면적(m2)":"22.93",
            "전용면적(평)":"6평",
            "법정동주소":"대구시 중구 교동 8",
            "도로명주소":"대구시 중구 공평로 105",
            "세대수":0,
            "입주년차":80,
            "용적률점수":"--",
            "건폐율점수":"--",
            "세대당주차수":0,
            "난방방식":30,
            "공급면적":"--",
            "전용률":"--",
            "욕실수":50,
            "현관타입":10,
            "주거총점":25.0,
            "지역구공급총점":0.0,
            "역세권":80,
            "30분내 이동가능 거점":0,
            "1시간내 이동가능 거점":10,
            "교통총점":42.0,
            "백화점":100,
            "아울렛몰":80,
            "대형마트":0,
            "은행":100,
            "병원":0,
            "종합병원":100,
            "공원":80,
            "혐오시설":0,
            "인프라총점":70.4,
            "초등학군":89.99,
            "중학군":55.1,
            "학군총점":62.078,
            "인구수":7.96,
            "인구증감":-11.32,
            "인구총점":2.176,
            "일자리":11.23,
            "소득수준":60.53,
            "일자리총점":26.02,
            "가치 총점":52.2934,
            "매매실거래년":20211011.0,
            "매매실거래가":5250.0,
            "전세실거래년":20190726.0,
            "전세실거래가":5000.0,
            "전세가율":98.43,
            "장기전세가율평균":72.3,
            "전세가율거품지수":-26.13,
            "검색코드":104684,
            "세대수":269.0,
            "준공년월":"2014-01-21",
            "준공년차":9.0,
            "가까운역이름":"칠성시장",
            "가까운역거리":474.83,
            "역세권여부":"역세권",
            "30분이내주요거점역":0,
            "30분거점역이름":"[]",
            "1시간이내주요거점역":1,
            "1시간거점역이름":"['동대구']",
            "3km이내백화점수":3,
            "5km이내아울렛몰수":1,
            "1km이내대형먀트수":0,
            "500m이내은행수":10,
            "500m이내병원수":0,
            "5km이내대형병원수":7,
            "500m이내공원수":1,
            "3km이내혐오시설수":0,
            "초등학교학업성취도":89.99,
            "중학교학업성취도":91.3,
            "용적률":883,
            "건폐율":69,
            "Y":35.873517,
            "X":128.600938,
            "rank":22.0,
            "area_info":"6평(22.93), 7평(23.54), 7평(26.29), 8평(26.91), 8평(27.31), 8평(28.87), 9평(32.62)",
            "last_sales":"2021-10-11,5250.0,8평(28.87)",
            "rank_history":[
                [
                    "202202",
                    22
                ],
                [
                    "202201",
                    16
                ]
            ],
            "rank_gap":-6
        },
        {
            "index":118,
            "아파트명":"대봉화성파크드림",
            "투자타입":"일반",
            "전용면적(m2)":"107.27",
            "전용면적(평)":"32평",
            "법정동주소":"대구시 중구 대봉동 152-24",
            "도로명주소":"대구시 중구 명덕로55길 25",
            "세대수":0,
            "입주년차":40,
            "용적률점수":"--",
            "건폐율점수":"--",
            "세대당주차수":30,
            "난방방식":30,
            "공급면적":"--",
            "전용률":"--",
            "욕실수":100,
            "현관타입":100,
            "주거총점":35.5,
            "지역구공급총점":0.0,
            "역세권":80,
            "30분내 이동가능 거점":20,
            "1시간내 이동가능 거점":10,
            "교통총점":48.0,
            "백화점":100,
            "아울렛몰":80,
            "대형마트":0,
            "은행":20,
            "병원":0,
            "종합병원":100,
            "공원":80,
            "혐오시설":0,
            "인프라총점":62.4,
            "초등학군":90.0,
            "중학군":49.02,
            "학군총점":57.216,
            "인구수":7.96,
            "인구증감":-11.32,
            "인구총점":2.176,
            "일자리":11.23,
            "소득수준":60.53,
            "일자리총점":26.02,
            "가치 총점":51.9598,
            "매매실거래년":20201110.0,
            "매매실거래가":51500.0,
            "전세실거래년":20210308.0,
            "전세실거래가":33000.0,
            "전세가율":89.67,
            "장기전세가율평균":72.3,
            "전세가율거품지수":-17.37,
            "검색코드":22888,
            "세대수":263.0,
            "준공년월":"2006-05-22",
            "준공년차":17.0,
            "가까운역이름":"건들바위",
            "가까운역거리":143.82,
            "역세권여부":"역세권",
            "30분이내주요거점역":1,
            "30분거점역이름":"['동대구']",
            "1시간이내주요거점역":1,
            "1시간거점역이름":"['동대구']",
            "3km이내백화점수":2,
            "5km이내아울렛몰수":1,
            "1km이내대형먀트수":0,
            "500m이내은행수":2,
            "500m이내병원수":0,
            "5km이내대형병원수":9,
            "500m이내공원수":1,
            "3km이내혐오시설수":0,
            "초등학교학업성취도":90.0,
            "중학교학업성취도":81.7,
            "용적률":305,
            "건폐율":24,
            "Y":35.85659,
            "X":128.599105,
            "rank":23.0,
            "area_info":"32평(107.27), 33평(111.55), 33평(112.0), 33평(112.0), 34평(113.18), 34평(115.09), 42평(139.59)",
            "last_sales":"2020-11-10,51500.0,42평(139.59)",
            "rank_history":[
                [
                    "202202",
                    23
                ],
                [
                    "202201",
                    27
                ]
            ],
            "rank_gap":4
        },
        {
            "index":80,
            "아파트명":"보성송림",
            "투자타입":"재건축",
            "전용면적(m2)":"97.86",
            "전용면적(평)":"29평",
            "법정동주소":"대구시 중구 남산동 2434",
            "도로명주소":"대구시 중구 남산로4길 91",
            "세대수":30,
            "입주년차":"--",
            "용적률점수":0,
            "건폐율점수":0,
            "세대당주차수":"--",
            "난방방식":"--",
            "공급면적":70,
            "전용률":40,
            "욕실수":"--",
            "현관타입":"--",
            "주거총점":14.5,
            "지역구공급총점":0.0,
            "역세권":80,
            "30분내 이동가능 거점":20,
            "1시간내 이동가능 거점":10,
            "교통총점":48.0,
            "백화점":100,
            "아울렛몰":80,
            "대형마트":80,
            "은행":0,
            "병원":0,
            "종합병원":100,
            "공원":80,
            "혐오시설":0,
            "인프라총점":72.4,
            "초등학군":89.99,
            "중학군":55.96,
            "학군총점":62.766,
            "인구수":7.96,
            "인구증감":-11.32,
            "인구총점":2.176,
            "일자리":11.23,
            "소득수준":60.53,
            "일자리총점":26.02,
            "가치 총점":51.3748,
            "매매실거래년":20210507.0,
            "매매실거래가":56000.0,
            "전세실거래년":20211213.0,
            "전세실거래가":20000.0,
            "전세가율":73.53,
            "장기전세가율평균":72.3,
            "전세가율거품지수":-1.23,
            "검색코드":6443,
            "세대수":317.0,
            "준공년월":"1992-12-17",
            "준공년차":31.0,
            "가까운역이름":"신남",
            "가까운역거리":380.42,
            "역세권여부":"역세권",
            "30분이내주요거점역":1,
            "30분거점역이름":"['동대구']",
            "1시간이내주요거점역":1,
            "1시간거점역이름":"['동대구']",
            "3km이내백화점수":2,
            "5km이내아울렛몰수":1,
            "1km이내대형먀트수":1,
            "500m이내은행수":1,
            "500m이내병원수":0,
            "5km이내대형병원수":11,
            "500m이내공원수":1,
            "3km이내혐오시설수":0,
            "초등학교학업성취도":89.99,
            "중학교학업성취도":92.2,
            "용적률":0,
            "건폐율":0,
            "Y":35.861125,
            "X":128.584236,
            "rank":24.0,
            "area_info":"29평(97.86), 35평(118.72), 53평(176.12)",
            "last_sales":"2021-05-07,56000.0,53평(176.12)",
            "rank_history":[
                [
                    "202202",
                    24
                ],
                [
                    "202201",
                    31
                ]
            ],
            "rank_gap":7
        },
        {
            "index":180,
            "아파트명":"동인삼정그린코아",
            "투자타입":"일반",
            "전용면적(m2)":"111.08",
            "전용면적(평)":"33평",
            "법정동주소":"대구시 중구 동인동4가 220",
            "도로명주소":"대구시 중구 동덕로30길 53",
            "세대수":0,
            "입주년차":60,
            "용적률점수":"--",
            "건폐율점수":"--",
            "세대당주차수":60,
            "난방방식":30,
            "공급면적":"--",
            "전용률":"--",
            "욕실수":100,
            "현관타입":10,
            "주거총점":35.0,
            "지역구공급총점":0.0,
            "역세권":50,
            "30분내 이동가능 거점":20,
            "1시간내 이동가능 거점":10,
            "교통총점":33.0,
            "백화점":100,
            "아울렛몰":80,
            "대형마트":0,
            "은행":70,
            "병원":0,
            "종합병원":100,
            "공원":100,
            "혐오시설":0,
            "인프라총점":68.0,
            "초등학군":89.98,
            "중학군":48.92,
            "학군총점":57.132,
            "인구수":7.96,
            "인구증감":-11.32,
            "인구총점":2.176,
            "일자리":11.23,
            "소득수준":60.53,
            "일자리총점":26.02,
            "가치 총점":51.2396,
            "매매실거래년":20220121.0,
            "매매실거래가":50000.0,
            "전세실거래년":null,
            "전세실거래가":null,
            "전세가율":null,
            "장기전세가율평균":72.3,
            "전세가율거품지수":null,
            "검색코드":102330,
            "세대수":174.0,
            "준공년월":"2009-03-05",
            "준공년차":14.0,
            "가까운역이름":"경대병원",
            "가까운역거리":625.6,
            "역세권여부":"준역세권",
            "30분이내주요거점역":1,
            "30분거점역이름":"['동대구']",
            "1시간이내주요거점역":1,
            "1시간거점역이름":"['동대구']",
            "3km이내백화점수":3,
            "5km이내아울렛몰수":1,
            "1km이내대형먀트수":0,
            "500m이내은행수":3,
            "500m이내병원수":0,
            "5km이내대형병원수":7,
            "500m이내공원수":2,
            "3km이내혐오시설수":0,
            "초등학교학업성취도":89.98,
            "중학교학업성취도":80.8,
            "용적률":270,
            "건폐율":19,
            "Y":35.867791,
            "X":128.606819,
            "rank":25.0,
            "area_info":"33평(111.08), 34평(112.73), 34평(113.31), 41평(137.09)",
            "last_sales":"2022-01-21,50000.0,41평(137.09)",
            "rank_history":[
                [
                    "202202",
                    25
                ],
                [
                    "202201",
                    21
                ]
            ],
            "rank_gap":-4
        },
        {
            "index":209,
            "아파트명":"대보",
            "투자타입":"재건축",
            "전용면적(m2)":"27.53",
            "전용면적(평)":"8평",
            "법정동주소":"대구시 중구 향촌동 63",
            "도로명주소":"대구시 중구 경상감영길 117-7",
            "세대수":0,
            "입주년차":"--",
            "용적률점수":0,
            "건폐율점수":0,
            "세대당주차수":"--",
            "난방방식":"--",
            "공급면적":50,
            "전용률":60,
            "욕실수":"--",
            "현관타입":"--",
            "주거총점":5.5,
            "지역구공급총점":0.0,
            "역세권":80,
            "30분내 이동가능 거점":20,
            "1시간내 이동가능 거점":10,
            "교통총점":48.0,
            "백화점":100,
            "아울렛몰":80,
            "대형마트":80,
            "은행":100,
            "병원":0,
            "종합병원":100,
            "공원":100,
            "혐오시설":0,
            "인프라총점":83.0,
            "초등학군":90.02,
            "중학군":51.18,
            "학군총점":58.948,
            "인구수":7.96,
            "인구증감":-11.32,
            "인구총점":2.176,
            "일자리":11.23,
            "소득수준":60.53,
            "일자리총점":26.02,
            "가치 총점":51.1594,
            "매매실거래년":"18000101",
            "매매실거래가":null,
            "전세실거래년":null,
            "전세실거래가":null,
            "전세가율":null,
            "장기전세가율평균":72.3,
            "전세가율거품지수":null,
            "검색코드":17069,
            "세대수":107.0,
            "준공년월":"1980-07-29",
            "준공년차":43.0,
            "가까운역이름":"대구",
            "가까운역거리":210.11,
            "역세권여부":"역세권",
            "30분이내주요거점역":1,
            "30분거점역이름":"['동대구']",
            "1시간이내주요거점역":1,
            "1시간거점역이름":"['동대구']",
            "3km이내백화점수":2,
            "5km이내아울렛몰수":1,
            "1km이내대형먀트수":1,
            "500m이내은행수":8,
            "500m이내병원수":0,
            "5km이내대형병원수":8,
            "500m이내공원수":2,
            "3km이내혐오시설수":0,
            "초등학교학업성취도":90.02,
            "중학교학업성취도":85.3,
            "용적률":0,
            "건폐율":0,
            "Y":35.872733,
            "X":128.593723,
            "rank":26.0,
            "area_info":"8평(27.53), 14평(49.49), 16평(55.07), 17평(57.22), 19평(65.62), 19평(65.67), 20평(68.66), 24평(79.89), 24평(79.7), 24평(82.12), 25평(85.78), 27평(91.71), 28평(95.32), 28평(95.33), 29평(98.78), 30평(99.18)",
            "last_sales":"1800-01-01,nan,8평(27.53)",
            "rank_history":[
                [
                    "202202",
                    26
                ],
                [
                    "202201",
                    24
                ]
            ],
            "rank_gap":-2
        },
        {
            "index":166,
            "아파트명":"동산",
            "투자타입":"재건축",
            "전용면적(m2)":"60.67",
            "전용면적(평)":"18평",
            "법정동주소":"대구시 중구 동산동 357",
            "도로명주소":"대구시 중구 달구벌대로 2035",
            "세대수":0,
            "입주년차":"--",
            "용적률점수":0,
            "건폐율점수":0,
            "세대당주차수":"--",
            "난방방식":"--",
            "공급면적":50,
            "전용률":40,
            "욕실수":"--",
            "현관타입":"--",
            "주거총점":4.5,
            "지역구공급총점":0.0,
            "역세권":80,
            "30분내 이동가능 거점":20,
            "1시간내 이동가능 거점":10,
            "교통총점":48.0,
            "백화점":100,
            "아울렛몰":80,
            "대형마트":80,
            "은행":100,
            "병원":0,
            "종합병원":100,
            "공원":0,
            "혐오시설":0,
            "인프라총점":80.0,
            "초등학군":89.99,
            "중학군":51.18,
            "학군총점":58.942,
            "인구수":7.96,
            "인구증감":-11.32,
            "인구총점":2.176,
            "일자리":11.23,
            "소득수준":60.53,
            "일자리총점":26.02,
            "가치 총점":50.0076,
            "매매실거래년":20200919.0,
            "매매실거래가":27250.0,
            "전세실거래년":null,
            "전세실거래가":null,
            "전세가율":null,
            "장기전세가율평균":72.3,
            "전세가율거품지수":null,
            "검색코드":8893,
            "세대수":152.0,
            "준공년월":"1986-12-10",
            "준공년차":37.0,
            "가까운역이름":"서문시장",
            "가까운역거리":452.17,
            "역세권여부":"역세권",
            "30분이내주요거점역":1,
            "30분거점역이름":"['동대구']",
            "1시간이내주요거점역":1,
            "1시간거점역이름":"['동대구']",
            "3km이내백화점수":2,
            "5km이내아울렛몰수":1,
            "1km이내대형먀트수":1,
            "500m이내은행수":7,
            "500m이내병원수":0,
            "5km이내대형병원수":11,
            "500m이내공원수":0,
            "3km이내혐오시설수":0,
            "초등학교학업성취도":89.99,
            "중학교학업성취도":85.3,
            "용적률":0,
            "건폐율":0,
            "Y":35.867038,
            "X":128.586073,
            "rank":27.0,
            "area_info":"18평(60.67), 20평(68.18), 22평(73.49), 29평(96.25), 32평(106.66), 37평(122.66)",
            "last_sales":"2020-09-19,27250.0,37평(122.66)",
            "rank_history":[
                [
                    "202202",
                    27
                ],
                [
                    "202201",
                    32
                ]
            ],
            "rank_gap":5
        },
        {
            "index":131,
            "아파트명":"청운맨션",
            "투자타입":"재건축",
            "전용면적(m2)":"107.42",
            "전용면적(평)":"32평",
            "법정동주소":"대구시 중구 대봉동 44-10",
            "도로명주소":"대구시 중구 동덕로 33",
            "세대수":50,
            "입주년차":"--",
            "용적률점수":0,
            "건폐율점수":0,
            "세대당주차수":"--",
            "난방방식":"--",
            "공급면적":90,
            "전용률":60,
            "욕실수":"--",
            "현관타입":"--",
            "주거총점":22.5,
            "지역구공급총점":0.0,
            "역세권":80,
            "30분내 이동가능 거점":20,
            "1시간내 이동가능 거점":10,
            "교통총점":48.0,
            "백화점":100,
            "아울렛몰":80,
            "대형마트":0,
            "은행":20,
            "병원":0,
            "종합병원":100,
            "공원":80,
            "혐오시설":0,
            "인프라총점":62.4,
            "초등학군":90.0,
            "중학군":48.92,
            "학군총점":57.136,
            "인구수":7.96,
            "인구증감":-11.32,
            "인구총점":2.176,
            "일자리":11.23,
            "소득수준":60.53,
            "일자리총점":26.02,
            "가치 총점":48.6858,
            "매매실거래년":20210728.0,
            "매매실거래가":84000.0,
            "전세실거래년":20211208.0,
            "전세실거래가":45000.0,
            "전세가율":78.95,
            "장기전세가율평균":72.3,
            "전세가율거품지수":-6.65,
            "검색코드":6459,
            "세대수":669.0,
            "준공년월":"1986-12-05",
            "준공년차":37.0,
            "가까운역이름":"건들바위",
            "가까운역거리":464.23,
            "역세권여부":"역세권",
            "30분이내주요거점역":1,
            "30분거점역이름":"['동대구']",
            "1시간이내주요거점역":1,
            "1시간거점역이름":"['동대구']",
            "3km이내백화점수":2,
            "5km이내아울렛몰수":1,
            "1km이내대형먀트수":0,
            "500m이내은행수":2,
            "500m이내병원수":0,
            "5km이내대형병원수":7,
            "500m이내공원수":1,
            "3km이내혐오시설수":0,
            "초등학교학업성취도":90.0,
            "중학교학업성취도":80.8,
            "용적률":0,
            "건폐율":0,
            "Y":35.858372,
            "X":128.603304,
            "rank":28.0,
            "area_info":"32평(107.42), 39평(129.06), 45평(149.02), 46평(154.36), 59평(196.93), 68평(226.81)",
            "last_sales":"2021-07-28,84000.0,59평(196.93)",
            "rank_history":[
                [
                    "202202",
                    28
                ],
                [
                    "202201",
                    30
                ]
            ],
            "rank_gap":2
        },
        {
            "index":172,
            "아파트명":"시티타운",
            "투자타입":"일반",
            "전용면적(m2)":"54.24",
            "전용면적(평)":"16평",
            "법정동주소":"대구시 중구 동인동1가 33-1",
            "도로명주소":"대구시 중구 국채보상로131길 55",
            "세대수":0,
            "입주년차":0,
            "용적률점수":"--",
            "건폐율점수":"--",
            "세대당주차수":0,
            "난방방식":30,
            "공급면적":"--",
            "전용률":"--",
            "욕실수":50,
            "현관타입":10,
            "주거총점":9.0,
            "지역구공급총점":0.0,
            "역세권":80,
            "30분내 이동가능 거점":0,
            "1시간내 이동가능 거점":10,
            "교통총점":42.0,
            "백화점":100,
            "아울렛몰":80,
            "대형마트":0,
            "은행":100,
            "병원":0,
            "종합병원":100,
            "공원":100,
            "혐오시설":0,
            "인프라총점":71.0,
            "초등학군":90.0,
            "중학군":55.1,
            "학군총점":62.08,
            "인구수":7.96,
            "인구증감":-11.32,
            "인구총점":2.176,
            "일자리":11.23,
            "소득수준":60.53,
            "일자리총점":26.02,
            "가치 총점":48.474,
            "매매실거래년":20200309.0,
            "매매실거래가":28900.0,
            "전세실거래년":20150811.0,
            "전세실거래가":7000.0,
            "전세가율":53.03,
            "장기전세가율평균":72.3,
            "전세가율거품지수":19.27,
            "검색코드":6464,
            "세대수":204.0,
            "준공년월":"1997-07-11",
            "준공년차":26.0,
            "가까운역이름":"칠성시장",
            "가까운역거리":457.35,
            "역세권여부":"역세권",
            "30분이내주요거점역":0,
            "30분거점역이름":"[]",
            "1시간이내주요거점역":1,
            "1시간거점역이름":"['동대구']",
            "3km이내백화점수":3,
            "5km이내아울렛몰수":1,
            "1km이내대형먀트수":0,
            "500m이내은행수":9,
            "500m이내병원수":0,
            "5km이내대형병원수":7,
            "500m이내공원수":2,
            "3km이내혐오시설수":0,
            "초등학교학업성취도":90.0,
            "중학교학업성취도":91.3,
            "용적률":326,
            "건폐율":30,
            "Y":35.872668,
            "X":128.602338,
            "rank":29.0,
            "area_info":"16평(54.24), 21평(70.51), 24평(81.44), 30평(101.1)",
            "last_sales":"2020-03-09,28900.0,30평(101.1)",
            "rank_history":[
                [
                    "202202",
                    29
                ],
                [
                    "202201",
                    29
                ]
            ],
            "rank_gap":0
        },
        {
            "index":176,
            "아파트명":"태평",
            "투자타입":"재건축",
            "전용면적(m2)":"54.81",
            "전용면적(평)":"16평",
            "법정동주소":"대구시 중구 동인동1가 116",
            "도로명주소":"대구시 중구 태평로 225",
            "세대수":0,
            "입주년차":"--",
            "용적률점수":0,
            "건폐율점수":0,
            "세대당주차수":"--",
            "난방방식":"--",
            "공급면적":50,
            "전용률":80,
            "욕실수":"--",
            "현관타입":"--",
            "주거총점":6.5,
            "지역구공급총점":0.0,
            "역세권":80,
            "30분내 이동가능 거점":20,
            "1시간내 이동가능 거점":10,
            "교통총점":48.0,
            "백화점":100,
            "아울렛몰":80,
            "대형마트":0,
            "은행":100,
            "병원":0,
            "종합병원":100,
            "공원":0,
            "혐오시설":0,
            "인프라총점":68.0,
            "초등학군":89.99,
            "중학군":55.1,
            "학군총점":62.078,
            "인구수":7.96,
            "인구증감":-11.32,
            "인구총점":2.176,
            "일자리":11.23,
            "소득수준":60.53,
            "일자리총점":26.02,
            "가치 총점":47.8484,
            "매매실거래년":20211108.0,
            "매매실거래가":15000.0,
            "전세실거래년":20200831.0,
            "전세실거래가":5500.0,
            "전세가율":36.67,
            "장기전세가율평균":72.3,
            "전세가율거품지수":35.63,
            "검색코드":17065,
            "세대수":122.0,
            "준공년월":"1978",
            "준공년차":45.0,
            "가까운역이름":"칠성시장",
            "가까운역거리":364.37,
            "역세권여부":"역세권",
            "30분이내주요거점역":1,
            "30분거점역이름":"['동대구']",
            "1시간이내주요거점역":1,
            "1시간거점역이름":"['동대구']",
            "3km이내백화점수":3,
            "5km이내아울렛몰수":1,
            "1km이내대형먀트수":0,
            "500m이내은행수":9,
            "500m이내병원수":0,
            "5km이내대형병원수":7,
            "500m이내공원수":0,
            "3km이내혐오시설수":0,
            "초등학교학업성취도":89.99,
            "중학교학업성취도":91.3,
            "용적률":0,
            "건폐율":0,
            "Y":35.87401,
            "X":128.60202,
            "rank":30.0,
            "area_info":"16평(54.81), 19평(63.96), 21평(71.97), 23평(79.2)",
            "last_sales":"2021-11-08,15000.0,16평(54.81)",
            "rank_history":[
                [
                    "202202",
                    30
                ],
                [
                    "202201",
                    25
                ]
            ],
            "rank_gap":-5
        },
        {
            "index":200,
            "아파트명":"태평",
            "투자타입":"재건축",
            "전용면적(m2)":"56.5",
            "전용면적(평)":"17평",
            "법정동주소":"대구시 중구 태평로1가 23-1",
            "도로명주소":"대구시 중구 태평로 205",
            "세대수":0,
            "입주년차":"--",
            "용적률점수":0,
            "건폐율점수":0,
            "세대당주차수":"--",
            "난방방식":"--",
            "공급면적":50,
            "전용률":80,
            "욕실수":"--",
            "현관타입":"--",
            "주거총점":6.5,
            "지역구공급총점":0.0,
            "역세권":80,
            "30분내 이동가능 거점":20,
            "1시간내 이동가능 거점":10,
            "교통총점":48.0,
            "백화점":100,
            "아울렛몰":80,
            "대형마트":0,
            "은행":100,
            "병원":0,
            "종합병원":100,
            "공원":0,
            "혐오시설":0,
            "인프라총점":68.0,
            "초등학군":89.99,
            "중학군":55.1,
            "학군총점":62.078,
            "인구수":7.96,
            "인구증감":-11.32,
            "인구총점":2.176,
            "일자리":11.23,
            "소득수준":60.53,
            "일자리총점":26.02,
            "가치 총점":47.8484,
            "매매실거래년":20210316.0,
            "매매실거래가":33500.0,
            "전세실거래년":20180219.0,
            "전세실거래가":4000.0,
            "전세가율":18.43,
            "장기전세가율평균":72.3,
            "전세가율거품지수":53.87,
            "검색코드":17067,
            "세대수":121.0,
            "준공년월":"1977",
            "준공년차":46.0,
            "가까운역이름":"칠성시장",
            "가까운역거리":459.9,
            "역세권여부":"역세권",
            "30분이내주요거점역":1,
            "30분거점역이름":"['동대구']",
            "1시간이내주요거점역":1,
            "1시간거점역이름":"['동대구']",
            "3km이내백화점수":3,
            "5km이내아울렛몰수":1,
            "1km이내대형먀트수":0,
            "500m이내은행수":11,
            "500m이내병원수":0,
            "5km이내대형병원수":7,
            "500m이내공원수":0,
            "3km이내혐오시설수":0,
            "초등학교학업성취도":89.99,
            "중학교학업성취도":91.3,
            "용적률":0,
            "건폐율":0,
            "Y":35.874384,
            "X":128.60049,
            "rank":30.0,
            "area_info":"17평(56.5), 20평(67.41), 22평(73.26), 22평(74.94), 22평(75.6), 22평(75.55)",
            "last_sales":"2021-03-16,33500.0,22평(73.26)",
            "rank_history":[
                [
                    "202202",
                    30
                ],
                [
                    "202201",
                    26
                ]
            ],
            "rank_gap":-4
        },
        {
            "index":154,
            "아파트명":"동서타운",
            "투자타입":"재건축",
            "전용면적(m2)":"72.96",
            "전용면적(평)":"22평",
            "법정동주소":"대구시 중구 대신동 1450",
            "도로명주소":"대구시 중구 달구벌대로 1937",
            "세대수":0,
            "입주년차":"--",
            "용적률점수":0,
            "건폐율점수":0,
            "세대당주차수":"--",
            "난방방식":"--",
            "공급면적":50,
            "전용률":80,
            "욕실수":"--",
            "현관타입":"--",
            "주거총점":6.5,
            "지역구공급총점":0.0,
            "역세권":80,
            "30분내 이동가능 거점":20,
            "1시간내 이동가능 거점":10,
            "교통총점":48.0,
            "백화점":100,
            "아울렛몰":80,
            "대형마트":0,
            "은행":70,
            "병원":0,
            "종합병원":100,
            "공원":80,
            "혐오시설":0,
            "인프라총점":67.4,
            "초등학군":90.0,
            "중학군":45.88,
            "학군총점":54.704,
            "인구수":7.96,
            "인구증감":-11.32,
            "인구총점":2.176,
            "일자리":11.23,
            "소득수준":60.53,
            "일자리총점":26.02,
            "가치 총점":45.4562,
            "매매실거래년":20210821.0,
            "매매실거래가":33350.0,
            "전세실거래년":20210917.0,
            "전세실거래가":15500.0,
            "전세가율":46.48,
            "장기전세가율평균":72.3,
            "전세가율거품지수":25.82,
            "검색코드":13234,
            "세대수":145.0,
            "준공년월":"1985-06-01",
            "준공년차":38.0,
            "가까운역이름":"반고개",
            "가까운역거리":329.53,
            "역세권여부":"역세권",
            "30분이내주요거점역":1,
            "30분거점역이름":"['동대구']",
            "1시간이내주요거점역":1,
            "1시간거점역이름":"['동대구']",
            "3km이내백화점수":2,
            "5km이내아울렛몰수":1,
            "1km이내대형먀트수":0,
            "500m이내은행수":4,
            "500m이내병원수":0,
            "5km이내대형병원수":11,
            "500m이내공원수":1,
            "3km이내혐오시설수":0,
            "초등학교학업성취도":90.0,
            "중학교학업성취도":76.2,
            "용적률":0,
            "건폐율":0,
            "Y":35.863997,
            "X":128.575675,
            "rank":31.0,
            "area_info":"22평(72.96), 27평(91.14), 27평(92.52)",
            "last_sales":"2021-08-21,33350.0,22평(72.96)",
            "rank_history":[
                [
                    "202202",
                    31
                ],
                [
                    "202201",
                    34
                ]
            ],
            "rank_gap":3
        },
        {
            "index":206,
            "아파트명":"태평라이프",
            "투자타입":"재건축",
            "전용면적(m2)":"64.87",
            "전용면적(평)":"19평",
            "법정동주소":"대구시 중구 태평로1가 1-187",
            "도로명주소":"대구시 중구 태평로 177",
            "세대수":0,
            "입주년차":"--",
            "용적률점수":0,
            "건폐율점수":0,
            "세대당주차수":"--",
            "난방방식":"--",
            "공급면적":50,
            "전용률":60,
            "욕실수":"--",
            "현관타입":"--",
            "주거총점":5.5,
            "지역구공급총점":0.0,
            "역세권":50,
            "30분내 이동가능 거점":20,
            "1시간내 이동가능 거점":10,
            "교통총점":33.0,
            "백화점":100,
            "아울렛몰":80,
            "대형마트":0,
            "은행":100,
            "병원":0,
            "종합병원":100,
            "공원":0,
            "혐오시설":0,
            "인프라총점":68.0,
            "초등학군":89.99,
            "중학군":55.1,
            "학군총점":62.078,
            "인구수":7.96,
            "인구증감":-11.32,
            "인구총점":2.176,
            "일자리":11.23,
            "소득수준":60.53,
            "일자리총점":26.02,
            "가치 총점":45.3484,
            "매매실거래년":20210903.0,
            "매매실거래가":34500.0,
            "전세실거래년":20190624.0,
            "전세실거래가":7300.0,
            "전세가율":87.95,
            "장기전세가율평균":72.3,
            "전세가율거품지수":-15.65,
            "검색코드":17068,
            "세대수":181.0,
            "준공년월":"1985-07-15",
            "준공년차":38.0,
            "가까운역이름":"대구",
            "가까운역거리":547.35,
            "역세권여부":"준역세권",
            "30분이내주요거점역":1,
            "30분거점역이름":"['동대구']",
            "1시간이내주요거점역":1,
            "1시간거점역이름":"['동대구']",
            "3km이내백화점수":3,
            "5km이내아울렛몰수":1,
            "1km이내대형먀트수":0,
            "500m이내은행수":5,
            "500m이내병원수":0,
            "5km이내대형병원수":7,
            "500m이내공원수":0,
            "3km이내혐오시설수":0,
            "초등학교학업성취도":89.99,
            "중학교학업성취도":91.3,
            "용적률":0,
            "건폐율":0,
            "Y":35.87492,
            "X":128.5974,
            "rank":32.0,
            "area_info":"19평(64.87), 23평(76.38), 26평(87.83)",
            "last_sales":"2021-09-03,34500.0,26평(87.83)",
            "rank_history":[
                [
                    "202202",
                    32
                ],
                [
                    "202201",
                    28
                ]
            ],
            "rank_gap":-4
        },
        {
            "index":164,
            "아파트명":"도원",
            "투자타입":"재건축",
            "전용면적(m2)":"44.56",
            "전용면적(평)":"13평",
            "법정동주소":"대구시 중구 도원동 3-5",
            "도로명주소":"대구시 중구 태평로 56",
            "세대수":0,
            "입주년차":"--",
            "용적률점수":0,
            "건폐율점수":0,
            "세대당주차수":"--",
            "난방방식":"--",
            "공급면적":50,
            "전용률":80,
            "욕실수":"--",
            "현관타입":"--",
            "주거총점":6.5,
            "지역구공급총점":0.0,
            "역세권":80,
            "30분내 이동가능 거점":20,
            "1시간내 이동가능 거점":10,
            "교통총점":48.0,
            "백화점":100,
            "아울렛몰":80,
            "대형마트":0,
            "은행":0,
            "병원":0,
            "종합병원":100,
            "공원":100,
            "혐오시설":0,
            "인프라총점":61.0,
            "초등학군":89.96,
            "중학군":51.18,
            "학군총점":58.936,
            "인구수":7.96,
            "인구증감":-11.32,
            "인구총점":2.176,
            "일자리":11.23,
            "소득수준":60.53,
            "일자리총점":26.02,
            "가치 총점":44.8058,
            "매매실거래년":20210616.0,
            "매매실거래가":38000.0,
            "전세실거래년":20181204.0,
            "전세실거래가":2000.0,
            "전세가율":5.71,
            "장기전세가율평균":72.3,
            "전세가율거품지수":66.59,
            "검색코드":17064,
            "세대수":128.0,
            "준공년월":"1976-04-01",
            "준공년차":47.0,
            "가까운역이름":"달성공원",
            "가까운역거리":213.51,
            "역세권여부":"역세권",
            "30분이내주요거점역":1,
            "30분거점역이름":"['동대구']",
            "1시간이내주요거점역":1,
            "1시간거점역이름":"['동대구']",
            "3km이내백화점수":2,
            "5km이내아울렛몰수":1,
            "1km이내대형먀트수":0,
            "500m이내은행수":1,
            "500m이내병원수":0,
            "5km이내대형병원수":10,
            "500m이내공원수":3,
            "3km이내혐오시설수":0,
            "초등학교학업성취도":89.96,
            "중학교학업성취도":85.3,
            "용적률":0,
            "건폐율":0,
            "Y":35.876682,
            "X":128.584128,
            "rank":33.0,
            "area_info":"13평(44.56), 13평(45.88)",
            "last_sales":"2021-06-16,38000.0,13평(45.88)",
            "rank_history":[
                [
                    "202202",
                    33
                ],
                [
                    "202201",
                    35
                ]
            ],
            "rank_gap":2
        },
        {
            "index":104,
            "아파트명":"대봉맨션",
            "투자타입":"재건축",
            "전용면적(m2)":"91.64",
            "전용면적(평)":"27평",
            "법정동주소":"대구시 중구 대봉동 55-146",
            "도로명주소":"대구시 중구 명륜로 161",
            "세대수":0,
            "입주년차":"--",
            "용적률점수":0,
            "건폐율점수":0,
            "세대당주차수":"--",
            "난방방식":"--",
            "공급면적":70,
            "전용률":80,
            "욕실수":"--",
            "현관타입":"--",
            "주거총점":7.5,
            "지역구공급총점":0.0,
            "역세권":80,
            "30분내 이동가능 거점":20,
            "1시간내 이동가능 거점":10,
            "교통총점":48.0,
            "백화점":100,
            "아울렛몰":80,
            "대형마트":0,
            "은행":20,
            "병원":0,
            "종합병원":100,
            "공원":0,
            "혐오시설":0,
            "인프라총점":60.0,
            "초등학군":90.0,
            "중학군":48.92,
            "학군총점":57.136,
            "인구수":7.96,
            "인구증감":-11.32,
            "인구총점":2.176,
            "일자리":11.23,
            "소득수준":60.53,
            "일자리총점":26.02,
            "가치 총점":44.2158,
            "매매실거래년":20210914.0,
            "매매실거래가":48500.0,
            "전세실거래년":20160219.0,
            "전세실거래가":11000.0,
            "전세가율":22.68,
            "장기전세가율평균":72.3,
            "전세가율거품지수":49.62,
            "검색코드":12113,
            "세대수":130.0,
            "준공년월":"1973-08-21",
            "준공년차":50.0,
            "가까운역이름":"경대병원",
            "가까운역거리":277.77,
            "역세권여부":"역세권",
            "30분이내주요거점역":1,
            "30분거점역이름":"['동대구']",
            "1시간이내주요거점역":1,
            "1시간거점역이름":"['동대구']",
            "3km이내백화점수":2,
            "5km이내아울렛몰수":1,
            "1km이내대형먀트수":0,
            "500m이내은행수":2,
            "500m이내병원수":0,
            "5km이내대형병원수":7,
            "500m이내공원수":0,
            "3km이내혐오시설수":0,
            "초등학교학업성취도":90.0,
            "중학교학업성취도":80.8,
            "용적률":0,
            "건폐율":0,
            "Y":35.860932,
            "X":128.601474,
            "rank":34.0,
            "area_info":"27평(91.64), 27평(91.24), 31평(103.14), 31평(105.19), 41평(136.86), 41평(137.38), 45평(150.94), 59평(196.82)",
            "last_sales":"2021-09-14,48500.0,27평(91.64)",
            "rank_history":[
                [
                    "202202",
                    34
                ],
                [
                    "202201",
                    33
                ]
            ],
            "rank_gap":-1
        },
        {
            "index":141,
            "아파트명":"광명",
            "투자타입":"재건축",
            "전용면적(m2)":"62.64",
            "전용면적(평)":"18평",
            "법정동주소":"대구시 중구 대신동 1535",
            "도로명주소":"대구시 중구 큰장로 74",
            "세대수":0,
            "입주년차":"--",
            "용적률점수":0,
            "건폐율점수":0,
            "세대당주차수":"--",
            "난방방식":"--",
            "공급면적":50,
            "전용률":80,
            "욕실수":"--",
            "현관타입":"--",
            "주거총점":6.5,
            "지역구공급총점":0.0,
            "역세권":80,
            "30분내 이동가능 거점":20,
            "1시간내 이동가능 거점":10,
            "교통총점":48.0,
            "백화점":100,
            "아울렛몰":80,
            "대형마트":0,
            "은행":20,
            "병원":0,
            "종합병원":100,
            "공원":80,
            "혐오시설":0,
            "인프라총점":62.4,
            "초등학군":89.99,
            "중학군":45.88,
            "학군총점":54.702,
            "인구수":7.96,
            "인구증감":-11.32,
            "인구총점":2.176,
            "일자리":11.23,
            "소득수준":60.53,
            "일자리총점":26.02,
            "가치 총점":43.9556,
            "매매실거래년":20210321.0,
            "매매실거래가":40000.0,
            "전세실거래년":20210116.0,
            "전세실거래가":10000.0,
            "전세가율":29.41,
            "장기전세가율평균":72.3,
            "전세가율거품지수":42.89,
            "검색코드":13454,
            "세대수":127.0,
            "준공년월":"1979-06-05",
            "준공년차":44.0,
            "가까운역이름":"반고개",
            "가까운역거리":488.1,
            "역세권여부":"역세권",
            "30분이내주요거점역":1,
            "30분거점역이름":"['동대구']",
            "1시간이내주요거점역":1,
            "1시간거점역이름":"['동대구']",
            "3km이내백화점수":2,
            "5km이내아울렛몰수":1,
            "1km이내대형먀트수":0,
            "500m이내은행수":2,
            "500m이내병원수":0,
            "5km이내대형병원수":11,
            "500m이내공원수":1,
            "3km이내혐오시설수":0,
            "초등학교학업성취도":89.99,
            "중학교학업성취도":76.2,
            "용적률":0,
            "건폐율":0,
            "Y":35.86598,
            "X":128.575579,
            "rank":35.0,
            "area_info":"18평(62.64), 20평(67.87), 21평(70.91), 23평(76.46), 23평(77.14), 23평(79.14)",
            "last_sales":"2021-03-21,40000.0,23평(79.14)",
            "rank_history":[
                [
                    "202202",
                    35
                ],
                [
                    "202201",
                    36
                ]
            ],
            "rank_gap":1
        }
    ]
}