{
    "schema":{
        "fields":[
            {
                "name":"index",
                "type":"integer"
            },
            {
                "name":"아파트명",
                "type":"string"
            },
            {
                "name":"투자타입",
                "type":"string"
            },
            {
                "name":"전용면적(m2)",
                "type":"string"
            },
            {
                "name":"전용면적(평)",
                "type":"string"
            },
            {
                "name":"법정동주소",
                "type":"string"
            },
            {
                "name":"도로명주소",
                "type":"string"
            },
            {
                "name":"세대수",
                "type":"integer"
            },
            {
                "name":"입주년차",
                "type":"string"
            },
            {
                "name":"용적률점수",
                "type":"string"
            },
            {
                "name":"건폐율점수",
                "type":"string"
            },
            {
                "name":"세대당주차수",
                "type":"string"
            },
            {
                "name":"난방방식",
                "type":"string"
            },
            {
                "name":"공급면적",
                "type":"string"
            },
            {
                "name":"전용률",
                "type":"string"
            },
            {
                "name":"욕실수",
                "type":"string"
            },
            {
                "name":"현관타입",
                "type":"string"
            },
            {
                "name":"주거총점",
                "type":"number"
            },
            {
                "name":"지역구공급총점",
                "type":"number"
            },
            {
                "name":"역세권",
                "type":"integer"
            },
            {
                "name":"30분내 이동가능 거점",
                "type":"integer"
            },
            {
                "name":"1시간내 이동가능 거점",
                "type":"integer"
            },
            {
                "name":"교통총점",
                "type":"number"
            },
            {
                "name":"백화점",
                "type":"integer"
            },
            {
                "name":"아울렛몰",
                "type":"integer"
            },
            {
                "name":"대형마트",
                "type":"integer"
            },
            {
                "name":"은행",
                "type":"integer"
            },
            {
                "name":"병원",
                "type":"integer"
            },
            {
                "name":"종합병원",
                "type":"integer"
            },
            {
                "name":"공원",
                "type":"integer"
            },
            {
                "name":"혐오시설",
                "type":"integer"
            },
            {
                "name":"인프라총점",
                "type":"number"
            },
            {
                "name":"초등학군",
                "type":"number"
            },
            {
                "name":"중학군",
                "type":"number"
            },
            {
                "name":"학군총점",
                "type":"number"
            },
            {
                "name":"인구수",
                "type":"number"
            },
            {
                "name":"인구증감",
                "type":"number"
            },
            {
                "name":"인구총점",
                "type":"number"
            },
            {
                "name":"일자리",
                "type":"number"
            },
            {
                "name":"소득수준",
                "type":"number"
            },
            {
                "name":"일자리총점",
                "type":"number"
            },
            {
                "name":"가치 총점",
                "type":"number"
            },
            {
                "name":"매매실거래년",
                "type":"string"
            },
            {
                "name":"매매실거래가",
                "type":"number"
            },
            {
                "name":"전세실거래년",
                "type":"number"
            },
            {
                "name":"전세실거래가",
                "type":"number"
            },
            {
                "name":"전세가율",
                "type":"number"
            },
            {
                "name":"장기전세가율평균",
                "type":"number"
            },
            {
                "name":"전세가율거품지수",
                "type":"number"
            },
            {
                "name":"검색코드",
                "type":"integer"
            },
            {
                "name":"세대수",
                "type":"number"
            },
            {
                "name":"준공년월",
                "type":"string"
            },
            {
                "name":"준공년차",
                "type":"number"
            },
            {
                "name":"가까운역이름",
                "type":"string"
            },
            {
                "name":"가까운역거리",
                "type":"number"
            },
            {
                "name":"역세권여부",
                "type":"string"
            },
            {
                "name":"30분이내주요거점역",
                "type":"integer"
            },
            {
                "name":"30분거점역이름",
                "type":"string"
            },
            {
                "name":"1시간이내주요거점역",
                "type":"integer"
            },
            {
                "name":"1시간거점역이름",
                "type":"string"
            },
            {
                "name":"3km이내백화점수",
                "type":"integer"
            },
            {
                "name":"5km이내아울렛몰수",
                "type":"integer"
            },
            {
                "name":"1km이내대형먀트수",
                "type":"integer"
            },
            {
                "name":"500m이내은행수",
                "type":"integer"
            },
            {
                "name":"500m이내병원수",
                "type":"integer"
            },
            {
                "name":"5km이내대형병원수",
                "type":"integer"
            },
            {
                "name":"500m이내공원수",
                "type":"integer"
            },
            {
                "name":"3km이내혐오시설수",
                "type":"integer"
            },
            {
                "name":"초등학교학업성취도",
                "type":"number"
            },
            {
                "name":"중학교학업성취도",
                "type":"number"
            },
            {
                "name":"용적률",
                "type":"integer"
            },
            {
                "name":"건폐율",
                "type":"integer"
            },
            {
                "name":"Y",
                "type":"number"
            },
            {
                "name":"X",
                "type":"number"
            },
            {
                "name":"rank",
                "type":"number"
            },
            {
                "name":"area_info",
                "type":"string"
            },
            {
                "name":"last_sales",
                "type":"string"
            },
            {
                "name":"rank_history",
                "type":"string"
            },
            {
                "name":"rank_gap",
                "type":"integer"
            }
        ],
        "primaryKey":[
            "index"
        ],
        "pandas_version":"1.4.0"
    },
    "data":[
        {
            "index":364,
            "아파트명":"이안센트럴D",
            "투자타입":"일반",
            "전용면적(m2)":"80.87",
            "전용면적(평)":"24평",
            "법정동주소":"대구시 동구 신암동 235-1",
            "도로명주소":"대구시 동구 동대구로 577",
            "세대수":90,
            "입주년차":100,
            "용적률점수":"--",
            "건폐율점수":"--",
            "세대당주차수":60,
            "난방방식":30,
            "공급면적":"--",
            "전용률":"--",
            "욕실수":100,
            "현관타입":100,
            "주거총점":83.5,
            "지역구공급총점":0.0,
            "역세권":80,
            "30분내 이동가능 거점":0,
            "1시간내 이동가능 거점":10,
            "교통총점":42.0,
            "백화점":100,
            "아울렛몰":100,
            "대형마트":0,
            "은행":0,
            "병원":0,
            "종합병원":100,
            "공원":100,
            "혐오시설":0,
            "인프라총점":63.0,
            "초등학군":90.0,
            "중학군":52.42,
            "학군총점":59.936,
            "인구수":35.84,
            "인구증감":2.28,
            "인구총점":25.772,
            "일자리":18.13,
            "소득수준":54.98,
            "일자리총점":29.185,
            "가치 총점":64.0558,
            "매매실거래년":20210911.0,
            "매매실거래가":93515.0,
            "전세실거래년":null,
            "전세실거래가":null,
            "전세가율":null,
            "장기전세가율평균":72.21,
            "전세가율거품지수":null,
            "검색코드":124233,
            "세대수":999.0,
            "준공년월":"2021-09-01",
            "준공년차":2.0,
            "가까운역이름":"동대구",
            "가까운역거리":407.17,
            "역세권여부":"역세권",
            "30분이내주요거점역":0,
            "30분거점역이름":"[]",
            "1시간이내주요거점역":1,
            "1시간거점역이름":"['동대구']",
            "3km이내백화점수":2,
            "5km이내아울렛몰수":2,
            "1km이내대형먀트수":0,
            "500m이내은행수":1,
            "500m이내병원수":0,
            "5km이내대형병원수":4,
            "500m이내공원수":3,
            "3km이내혐오시설수":0,
            "초등학교학업성취도":90.0,
            "중학교학업성취도":86.9,
            "용적률":340,
            "건폐율":30,
            "Y":35.880478,
            "X":128.625195,
            "rank":1.0,
            "area_info":"24평(80.87), 24평(80.97), 33평(112.28), 34평(113.07), 34평(113.31), 46평(154.21)",
            "last_sales":"2021-09-11,93515.0,46평(154.21)",
            "rank_history":[
                [
                    "202202",
                    1
                ],
                [
                    "202201",
                    2
                ]
            ],
            "rank_gap":1
        },
        {
            "index":383,
            "아파트명":"동대구비스타동원",
            "투자타입":"일반",
            "전용면적(m2)":"79.08",
            "전용면적(평)":"23평",
            "법정동주소":"대구시 동구 신천동 478번지 일원",
            "도로명주소":"대구시 동구 화랑로 51",
            "세대수":50,
            "입주년차":100,
            "용적률점수":"--",
            "건폐율점수":"--",
            "세대당주차수":30,
            "난방방식":30,
            "공급면적":"--",
            "전용률":"--",
            "욕실수":100,
            "현관타입":100,
            "주거총점":65.0,
            "지역구공급총점":0.0,
            "역세권":50,
            "30분내 이동가능 거점":20,
            "1시간내 이동가능 거점":10,
            "교통총점":33.0,
            "백화점":100,
            "아울렛몰":80,
            "대형마트":80,
            "은행":70,
            "병원":0,
            "종합병원":100,
            "공원":100,
            "혐오시설":0,
            "인프라총점":80.0,
            "초등학군":89.97,
            "중학군":53.36,
            "학군총점":60.682,
            "인구수":35.84,
            "인구증감":2.28,
            "인구총점":25.772,
            "일자리":18.13,
            "소득수준":54.98,
            "일자리총점":29.185,
            "가치 총점":63.4046,
            "매매실거래년":20211221.0,
            "매매실거래가":52000.0,
            "전세실거래년":null,
            "전세실거래가":null,
            "전세가율":null,
            "장기전세가율평균":72.21,
            "전세가율거품지수":null,
            "검색코드":125333,
            "세대수":524.0,
            "준공년월":"2021-11-01",
            "준공년차":2.0,
            "가까운역이름":"동대구",
            "가까운역거리":723.54,
            "역세권여부":"준역세권",
            "30분이내주요거점역":1,
            "30분거점역이름":"['동대구']",
            "1시간이내주요거점역":1,
            "1시간거점역이름":"['동대구']",
            "3km이내백화점수":1,
            "5km이내아울렛몰수":1,
            "1km이내대형먀트수":1,
            "500m이내은행수":4,
            "500m이내병원수":0,
            "5km이내대형병원수":4,
            "500m이내공원수":3,
            "3km이내혐오시설수":0,
            "초등학교학업성취도":89.97,
            "중학교학업성취도":87.4,
            "용적률":250,
            "건폐율":0,
            "Y":35.871807,
            "X":128.631682,
            "rank":2.0,
            "area_info":"23평(79.08), 30평(99.56), 33평(110.71), 33평(110.39)",
            "last_sales":"2021-12-21,52000.0,33평(110.39)",
            "rank_history":[
                [
                    "202202",
                    2
                ],
                [
                    "202201",
                    4
                ]
            ],
            "rank_gap":2
        },
        {
            "index":357,
            "아파트명":"이안동대구",
            "투자타입":"일반",
            "전용면적(m2)":"79.42",
            "전용면적(평)":"24평",
            "법정동주소":"대구시 동구 신암동 1833",
            "도로명주소":"대구시 동구 송라로28길 14",
            "세대수":90,
            "입주년차":80,
            "용적률점수":"--",
            "건폐율점수":"--",
            "세대당주차수":60,
            "난방방식":30,
            "공급면적":"--",
            "전용률":"--",
            "욕실수":100,
            "현관타입":100,
            "주거총점":79.5,
            "지역구공급총점":0.0,
            "역세권":80,
            "30분내 이동가능 거점":0,
            "1시간내 이동가능 거점":10,
            "교통총점":42.0,
            "백화점":100,
            "아울렛몰":80,
            "대형마트":0,
            "은행":20,
            "병원":0,
            "종합병원":100,
            "공원":100,
            "혐오시설":0,
            "인프라총점":63.0,
            "초등학군":89.99,
            "중학군":52.42,
            "학군총점":59.934,
            "인구수":35.84,
            "인구증감":2.28,
            "인구총점":25.772,
            "일자리":18.13,
            "소득수준":54.98,
            "일자리총점":29.185,
            "가치 총점":63.0552,
            "매매실거래년":20211025.0,
            "매매실거래가":74500.0,
            "전세실거래년":20220120.0,
            "전세실거래가":30000.0,
            "전세가율":62.5,
            "장기전세가율평균":72.21,
            "전세가율거품지수":9.71,
            "검색코드":111847,
            "세대수":931.0,
            "준공년월":"2018-11-30",
            "준공년차":5.0,
            "가까운역이름":"신천",
            "가까운역거리":473.71,
            "역세권여부":"역세권",
            "30분이내주요거점역":0,
            "30분거점역이름":"[]",
            "1시간이내주요거점역":1,
            "1시간거점역이름":"['동대구']",
            "3km이내백화점수":3,
            "5km이내아울렛몰수":1,
            "1km이내대형먀트수":0,
            "500m이내은행수":2,
            "500m이내병원수":0,
            "5km이내대형병원수":5,
            "500m이내공원수":2,
            "3km이내혐오시설수":0,
            "초등학교학업성취도":89.99,
            "중학교학업성취도":86.9,
            "용적률":274,
            "건폐율":19,
            "Y":35.878759,
            "X":128.616316,
            "rank":3.0,
            "area_info":"24평(79.42), 29평(99.01), 33평(111.86), 33평(111.94), 33평(111.39), 33평(111.52), 40평(133.03)",
            "last_sales":"2021-10-25,74500.0,40평(133.03)",
            "rank_history":[
                [
                    "202202",
                    3
                ],
                [
                    "202201",
                    3
                ]
            ],
            "rank_gap":0
        },
        {
            "index":318,
            "아파트명":"동서청기와",
            "투자타입":"재건축",
            "전용면적(m2)":"66.89",
            "전용면적(평)":"20평",
            "법정동주소":"대구시 동구 신암동 1525",
            "도로명주소":"대구시 동구 아양로49길 20",
            "세대수":30,
            "입주년차":"--",
            "용적률점수":80,
            "건폐율점수":80,
            "세대당주차수":"--",
            "난방방식":"--",
            "공급면적":50,
            "전용률":80,
            "욕실수":"--",
            "현관타입":"--",
            "주거총점":63.5,
            "지역구공급총점":0.0,
            "역세권":80,
            "30분내 이동가능 거점":0,
            "1시간내 이동가능 거점":10,
            "교통총점":42.0,
            "백화점":100,
            "아울렛몰":100,
            "대형마트":80,
            "은행":20,
            "병원":0,
            "종합병원":100,
            "공원":100,
            "혐오시설":0,
            "인프라총점":77.0,
            "초등학군":89.97,
            "중학군":46.44,
            "학군총점":55.146,
            "인구수":35.84,
            "인구증감":2.28,
            "인구총점":25.772,
            "일자리":18.13,
            "소득수준":54.98,
            "일자리총점":29.185,
            "가치 총점":61.8188,
            "매매실거래년":20211019.0,
            "매매실거래가":25000.0,
            "전세실거래년":20211008.0,
            "전세실거래가":12000.0,
            "전세가율":48.0,
            "장기전세가율평균":72.21,
            "전세가율거품지수":24.21,
            "검색코드":4935,
            "세대수":330.0,
            "준공년월":"1988-11-15",
            "준공년차":35.0,
            "가까운역이름":"아양교",
            "가까운역거리":119.01,
            "역세권여부":"역세권",
            "30분이내주요거점역":0,
            "30분거점역이름":"[]",
            "1시간이내주요거점역":1,
            "1시간거점역이름":"['동대구']",
            "3km이내백화점수":1,
            "5km이내아울렛몰수":2,
            "1km이내대형먀트수":1,
            "500m이내은행수":2,
            "500m이내병원수":0,
            "5km이내대형병원수":3,
            "500m이내공원수":3,
            "3km이내혐오시설수":0,
            "초등학교학업성취도":89.97,
            "중학교학업성취도":77.0,
            "용적률":150,
            "건폐율":27,
            "Y":35.88804,
            "X":128.6391,
            "rank":4.0,
            "area_info":"20평(66.89), 25평(84.67), 30평(99.26)",
            "last_sales":"2021-10-19,25000.0,20평(66.89)",
            "rank_history":[
                [
                    "202202",
                    4
                ],
                [
                    "202201",
                    11
                ]
            ],
            "rank_gap":7
        },
        {
            "index":330,
            "아파트명":"보성신암타운2차",
            "투자타입":"재건축",
            "전용면적(m2)":"68.22",
            "전용면적(평)":"20평",
            "법정동주소":"대구시 동구 신암동 67",
            "도로명주소":"대구시 동구 아양로49길 77",
            "세대수":50,
            "입주년차":"--",
            "용적률점수":100,
            "건폐율점수":80,
            "세대당주차수":"--",
            "난방방식":"--",
            "공급면적":50,
            "전용률":80,
            "욕실수":"--",
            "현관타입":"--",
            "주거총점":77.5,
            "지역구공급총점":0.0,
            "역세권":50,
            "30분내 이동가능 거점":0,
            "1시간내 이동가능 거점":10,
            "교통총점":27.0,
            "백화점":100,
            "아울렛몰":100,
            "대형마트":80,
            "은행":0,
            "병원":0,
            "종합병원":100,
            "공원":100,
            "혐오시설":-50,
            "인프라총점":74.0,
            "초등학군":89.99,
            "중학군":44.54,
            "학군총점":53.63,
            "인구수":35.84,
            "인구증감":2.28,
            "인구총점":25.772,
            "일자리":18.13,
            "소득수준":54.98,
            "일자리총점":29.185,
            "가치 총점":61.714,
            "매매실거래년":20211214.0,
            "매매실거래가":23000.0,
            "전세실거래년":20220115.0,
            "전세실거래가":11000.0,
            "전세가율":73.33,
            "장기전세가율평균":72.21,
            "전세가율거품지수":-1.12,
            "검색코드":4947,
            "세대수":495.0,
            "준공년월":"1988-11-10",
            "준공년차":35.0,
            "가까운역이름":"아양교",
            "가까운역거리":718.64,
            "역세권여부":"준역세권",
            "30분이내주요거점역":0,
            "30분거점역이름":"[]",
            "1시간이내주요거점역":1,
            "1시간거점역이름":"['동대구']",
            "3km이내백화점수":1,
            "5km이내아울렛몰수":2,
            "1km이내대형먀트수":1,
            "500m이내은행수":0,
            "500m이내병원수":0,
            "5km이내대형병원수":3,
            "500m이내공원수":2,
            "3km이내혐오시설수":1,
            "초등학교학업성취도":89.99,
            "중학교학업성취도":73.7,
            "용적률":129,
            "건폐율":28,
            "Y":35.891123,
            "X":128.63358,
            "rank":5.0,
            "area_info":"20평(68.22), 24평(79.84), 29평(98.94)",
            "last_sales":"2021-12-14,23000.0,24평(79.84)",
            "rank_history":[
                [
                    "202202",
                    5
                ],
                [
                    "202201",
                    10
                ]
            ],
            "rank_gap":5
        },
        {
            "index":76,
            "아파트명":"동촌역태왕아너스르네상스",
            "투자타입":"일반",
            "전용면적(m2)":"82.54",
            "전용면적(평)":"24평",
            "법정동주소":"대구시 동구 검사동 1111",
            "도로명주소":"대구시 동구 동촌로 100",
            "세대수":50,
            "입주년차":80,
            "용적률점수":"--",
            "건폐율점수":"--",
            "세대당주차수":60,
            "난방방식":30,
            "공급면적":"--",
            "전용률":"--",
            "욕실수":100,
            "현관타입":100,
            "주거총점":65.5,
            "지역구공급총점":0.0,
            "역세권":80,
            "30분내 이동가능 거점":0,
            "1시간내 이동가능 거점":10,
            "교통총점":42.0,
            "백화점":100,
            "아울렛몰":100,
            "대형마트":100,
            "은행":0,
            "병원":0,
            "종합병원":100,
            "공원":80,
            "혐오시설":0,
            "인프라총점":77.4,
            "초등학군":89.99,
            "중학군":39.68,
            "학군총점":49.742,
            "인구수":35.84,
            "인구증감":2.28,
            "인구총점":25.772,
            "일자리":18.13,
            "소득수준":54.98,
            "일자리총점":29.185,
            "가치 총점":60.8176,
            "매매실거래년":20211130.0,
            "매매실거래가":33500.0,
            "전세실거래년":20210807.0,
            "전세실거래가":28000.0,
            "전세가율":83.58,
            "장기전세가율평균":72.21,
            "전세가율거품지수":-11.37,
            "검색코드":111510,
            "세대수":453.0,
            "준공년월":"2017-12-26",
            "준공년차":6.0,
            "가까운역이름":"동촌",
            "가까운역거리":148.01,
            "역세권여부":"역세권",
            "30분이내주요거점역":0,
            "30분거점역이름":"[]",
            "1시간이내주요거점역":1,
            "1시간거점역이름":"['동대구']",
            "3km이내백화점수":1,
            "5km이내아울렛몰수":3,
            "1km이내대형먀트수":2,
            "500m이내은행수":1,
            "500m이내병원수":0,
            "5km이내대형병원수":2,
            "500m이내공원수":1,
            "3km이내혐오시설수":0,
            "초등학교학업성취도":89.99,
            "중학교학업성취도":65.2,
            "용적률":337,
            "건폐율":33,
            "Y":35.886364,
            "X":128.651878,
            "rank":6.0,
            "area_info":"24평(82.54), 29평(95.98), 29평(95.97), 30평(99.79), 33평(109.33)",
            "last_sales":"2021-11-30,33500.0,24평(82.54)",
            "rank_history":[
                [
                    "202202",
                    6
                ],
                [
                    "202201",
                    9
                ]
            ],
            "rank_gap":3
        },
        {
            "index":305,
            "아파트명":"동대구에일린의뜰",
            "투자타입":"일반",
            "전용면적(m2)":"79.85",
            "전용면적(평)":"24평",
            "법정동주소":"대구시 동구 신암동 1846",
            "도로명주소":"대구시 동구 아양로9길 35",
            "세대수":80,
            "입주년차":100,
            "용적률점수":"--",
            "건폐율점수":"--",
            "세대당주차수":60,
            "난방방식":30,
            "공급면적":"--",
            "전용률":"--",
            "욕실수":100,
            "현관타입":100,
            "주거총점":80.0,
            "지역구공급총점":0.0,
            "역세권":0,
            "30분내 이동가능 거점":0,
            "1시간내 이동가능 거점":10,
            "교통총점":2.0,
            "백화점":100,
            "아울렛몰":100,
            "대형마트":80,
            "은행":20,
            "병원":0,
            "종합병원":100,
            "공원":100,
            "혐오시설":0,
            "인프라총점":77.0,
            "초등학군":89.97,
            "중학군":44.54,
            "학군총점":53.626,
            "인구수":35.84,
            "인구증감":2.28,
            "인구총점":25.772,
            "일자리":18.13,
            "소득수준":54.98,
            "일자리총점":29.185,
            "가치 총점":59.4878,
            "매매실거래년":20211229.0,
            "매매실거래가":53160.0,
            "전세실거래년":null,
            "전세실거래가":null,
            "전세가율":null,
            "장기전세가율평균":72.21,
            "전세가율거품지수":null,
            "검색코드":124604,
            "세대수":705.0,
            "준공년월":"2021-10-01",
            "준공년차":2.0,
            "가까운역이름":"신천",
            "가까운역거리":1179.87,
            "역세권여부":"비역세권",
            "30분이내주요거점역":0,
            "30분거점역이름":"[]",
            "1시간이내주요거점역":1,
            "1시간거점역이름":"['동대구']",
            "3km이내백화점수":2,
            "5km이내아울렛몰수":2,
            "1km이내대형먀트수":1,
            "500m이내은행수":2,
            "500m이내병원수":0,
            "5km이내대형병원수":4,
            "500m이내공원수":4,
            "3km이내혐오시설수":0,
            "초등학교학업성취도":89.97,
            "중학교학업성취도":73.7,
            "용적률":270,
            "건폐율":20,
            "Y":35.885294,
            "X":128.617524,
            "rank":7.0,
            "area_info":"24평(79.85), 24평(79.97), 29평(98.99), 29평(98.86), 29평(99.01), 33평(111.4), 33평(112.16), 33평(112.28), 33평(112.2)",
            "last_sales":"2021-12-29,53160.0,33평(112.16)",
            "rank_history":[
                [
                    "202202",
                    7
                ],
                [
                    "202201",
                    1
                ]
            ],
            "rank_gap":-6
        },
        {
            "index":314,
            "아파트명":"동대구우방아이유쉘",
            "투자타입":"일반",
            "전용면적(m2)":"83.24",
            "전용면적(평)":"25평",
            "법정동주소":"대구시 동구 신암동 1839",
            "도로명주소":"대구시 동구 송라로32길 32",
            "세대수":50,
            "입주년차":100,
            "용적률점수":"--",
            "건폐율점수":"--",
            "세대당주차수":60,
            "난방방식":30,
            "공급면적":"--",
            "전용률":"--",
            "욕실수":100,
            "현관타입":100,
            "주거총점":69.5,
            "지역구공급총점":0.0,
            "역세권":50,
            "30분내 이동가능 거점":0,
            "1시간내 이동가능 거점":10,
            "교통총점":27.0,
            "백화점":100,
            "아울렛몰":100,
            "대형마트":0,
            "은행":20,
            "병원":0,
            "종합병원":100,
            "공원":100,
            "혐오시설":0,
            "인프라총점":65.0,
            "초등학군":90.0,
            "중학군":52.42,
            "학군총점":59.936,
            "인구수":35.84,
            "인구증감":2.28,
            "인구총점":25.772,
            "일자리":18.13,
            "소득수준":54.98,
            "일자리총점":29.185,
            "가치 총점":58.9058,
            "매매실거래년":20210510.0,
            "매매실거래가":58400.0,
            "전세실거래년":20201126.0,
            "전세실거래가":34000.0,
            "전세가율":78.1,
            "장기전세가율평균":72.21,
            "전세가율거품지수":-5.89,
            "검색코드":119579,
            "세대수":570.0,
            "준공년월":"2020-10-01",
            "준공년차":3.0,
            "가까운역이름":"신천",
            "가까운역거리":638.5,
            "역세권여부":"준역세권",
            "30분이내주요거점역":0,
            "30분거점역이름":"[]",
            "1시간이내주요거점역":1,
            "1시간거점역이름":"['동대구']",
            "3km이내백화점수":3,
            "5km이내아울렛몰수":2,
            "1km이내대형먀트수":0,
            "500m이내은행수":2,
            "500m이내병원수":0,
            "5km이내대형병원수":5,
            "500m이내공원수":2,
            "3km이내혐오시설수":0,
            "초등학교학업성취도":90.0,
            "중학교학업성취도":86.9,
            "용적률":0,
            "건폐율":0,
            "Y":35.880424,
            "X":128.617567,
            "rank":8.0,
            "area_info":"25평(83.24), 33평(109.24), 33평(111.53), 33평(111.85)",
            "last_sales":"2021-05-10,58400.0,33평(111.85)",
            "rank_history":[
                [
                    "202202",
                    8
                ],
                [
                    "202201",
                    5
                ]
            ],
            "rank_gap":-3
        },
        {
            "index":447,
            "아파트명":"신천역센트럴리버파크",
            "투자타입":"일반",
            "전용면적(m2)":"84.84",
            "전용면적(평)":"25평",
            "법정동주소":"대구시 동구 신천동 621",
            "도로명주소":"대구시 동구 동부로 26",
            "세대수":80,
            "입주년차":60,
            "용적률점수":"--",
            "건폐율점수":"--",
            "세대당주차수":30,
            "난방방식":30,
            "공급면적":"--",
            "전용률":"--",
            "욕실수":100,
            "현관타입":50,
            "주거총점":62.5,
            "지역구공급총점":0.0,
            "역세권":80,
            "30분내 이동가능 거점":0,
            "1시간내 이동가능 거점":10,
            "교통총점":42.0,
            "백화점":100,
            "아울렛몰":80,
            "대형마트":0,
            "은행":20,
            "병원":0,
            "종합병원":100,
            "공원":100,
            "혐오시설":0,
            "인프라총점":63.0,
            "초등학군":89.97,
            "중학군":52.56,
            "학군총점":60.042,
            "인구수":35.84,
            "인구증감":2.28,
            "인구총점":25.772,
            "일자리":18.13,
            "소득수준":54.98,
            "일자리총점":29.185,
            "가치 총점":58.8376,
            "매매실거래년":20220109.0,
            "매매실거래가":53000.0,
            "전세실거래년":20211223.0,
            "전세실거래가":27000.0,
            "전세가율":72.97,
            "장기전세가율평균":72.21,
            "전세가율거품지수":-0.76,
            "검색코드":27510,
            "세대수":785.0,
            "준공년월":"2011-03-23",
            "준공년차":12.0,
            "가까운역이름":"신천",
            "가까운역거리":299.82,
            "역세권여부":"역세권",
            "30분이내주요거점역":0,
            "30분거점역이름":"[]",
            "1시간이내주요거점역":1,
            "1시간거점역이름":"['동대구']",
            "3km이내백화점수":3,
            "5km이내아울렛몰수":1,
            "1km이내대형먀트수":0,
            "500m이내은행수":2,
            "500m이내병원수":0,
            "5km이내대형병원수":5,
            "500m이내공원수":3,
            "3km이내혐오시설수":0,
            "초등학교학업성취도":89.97,
            "중학교학업성취도":87.6,
            "용적률":238,
            "건폐율":16,
            "Y":35.872704,
            "X":128.615605,
            "rank":9.0,
            "area_info":"25평(84.84), 30평(100.8), 30평(101.14), 33평(109.69), 41평(136.34)",
            "last_sales":"2022-01-09,53000.0,41평(136.34)",
            "rank_history":[
                [
                    "202202",
                    9
                ],
                [
                    "202201",
                    12
                ]
            ],
            "rank_gap":3
        },
        {
            "index":321,
            "아파트명":"동서타운1차",
            "투자타입":"재건축",
            "전용면적(m2)":"59.52",
            "전용면적(평)":"18평",
            "법정동주소":"대구시 동구 신암동 20",
            "도로명주소":"대구시 동구 아양로39길 16",
            "세대수":0,
            "입주년차":"--",
            "용적률점수":80,
            "건폐율점수":60,
            "세대당주차수":"--",
            "난방방식":"--",
            "공급면적":50,
            "전용률":80,
            "욕실수":"--",
            "현관타입":"--",
            "주거총점":50.5,
            "지역구공급총점":0.0,
            "역세권":80,
            "30분내 이동가능 거점":0,
            "1시간내 이동가능 거점":10,
            "교통총점":42.0,
            "백화점":100,
            "아울렛몰":100,
            "대형마트":80,
            "은행":20,
            "병원":0,
            "종합병원":100,
            "공원":100,
            "혐오시설":0,
            "인프라총점":77.0,
            "초등학군":89.97,
            "중학군":46.44,
            "학군총점":55.146,
            "인구수":35.84,
            "인구증감":2.28,
            "인구총점":25.772,
            "일자리":18.13,
            "소득수준":54.98,
            "일자리총점":29.185,
            "가치 총점":58.5688,
            "매매실거래년":20210701.0,
            "매매실거래가":25000.0,
            "전세실거래년":20211108.0,
            "전세실거래가":12000.0,
            "전세가율":57.69,
            "장기전세가율평균":72.21,
            "전세가율거품지수":14.52,
            "검색코드":4932,
            "세대수":220.0,
            "준공년월":"1984-09-11",
            "준공년차":39.0,
            "가까운역이름":"아양교",
            "가까운역거리":405.64,
            "역세권여부":"역세권",
            "30분이내주요거점역":0,
            "30분거점역이름":"[]",
            "1시간이내주요거점역":1,
            "1시간거점역이름":"['동대구']",
            "3km이내백화점수":1,
            "5km이내아울렛몰수":2,
            "1km이내대형먀트수":1,
            "500m이내은행수":2,
            "500m이내병원수":0,
            "5km이내대형병원수":3,
            "500m이내공원수":3,
            "3km이내혐오시설수":0,
            "초등학교학업성취도":89.97,
            "중학교학업성취도":77.0,
            "용적률":155,
            "건폐율":34,
            "Y":35.887346,
            "X":128.635422,
            "rank":10.0,
            "area_info":"18평(59.52), 21평(69.53), 26평(86.12)",
            "last_sales":"2021-07-01,25000.0,21평(69.53)",
            "rank_history":[
                [
                    "202202",
                    10
                ],
                [
                    "202201",
                    21
                ]
            ],
            "rank_gap":11
        },
        {
            "index":677,
            "아파트명":"진로이스트타운",
            "투자타입":"일반",
            "전용면적(m2)":"77.31",
            "전용면적(평)":"23평",
            "법정동주소":"대구시 동구 효목동 55",
            "도로명주소":"대구시 동구 아양로 218",
            "세대수":80,
            "입주년차":0,
            "용적률점수":"--",
            "건폐율점수":"--",
            "세대당주차수":30,
            "난방방식":30,
            "공급면적":"--",
            "전용률":"--",
            "욕실수":50,
            "현관타입":100,
            "주거총점":50.5,
            "지역구공급총점":0.0,
            "역세권":80,
            "30분내 이동가능 거점":0,
            "1시간내 이동가능 거점":10,
            "교통총점":42.0,
            "백화점":100,
            "아울렛몰":100,
            "대형마트":80,
            "은행":20,
            "병원":0,
            "종합병원":100,
            "공원":100,
            "혐오시설":0,
            "인프라총점":77.0,
            "초등학군":89.97,
            "중학군":46.44,
            "학군총점":55.146,
            "인구수":35.84,
            "인구증감":2.28,
            "인구총점":25.772,
            "일자리":18.13,
            "소득수준":54.98,
            "일자리총점":29.185,
            "가치 총점":58.5688,
            "매매실거래년":20210828.0,
            "매매실거래가":40900.0,
            "전세실거래년":20211026.0,
            "전세실거래가":20000.0,
            "전세가율":69.2,
            "장기전세가율평균":72.21,
            "전세가율거품지수":3.01,
            "검색코드":5160,
            "세대수":897.0,
            "준공년월":"1998-08-29",
            "준공년차":25.0,
            "가까운역이름":"아양교",
            "가까운역거리":397.91,
            "역세권여부":"역세권",
            "30분이내주요거점역":0,
            "30분거점역이름":"[]",
            "1시간이내주요거점역":1,
            "1시간거점역이름":"['동대구']",
            "3km이내백화점수":1,
            "5km이내아울렛몰수":2,
            "1km이내대형먀트수":1,
            "500m이내은행수":2,
            "500m이내병원수":0,
            "5km이내대형병원수":3,
            "500m이내공원수":5,
            "3km이내혐오시설수":0,
            "초등학교학업성취도":89.97,
            "중학교학업성취도":77.0,
            "용적률":190,
            "건폐율":24,
            "Y":35.884353,
            "X":128.637248,
            "rank":10.0,
            "area_info":"23평(77.31), 31평(103.69), 48평(158.9), 49평(163.05), 78평(260.92)",
            "last_sales":"2021-08-28,40900.0,48평(158.9)",
            "rank_history":[
                [
                    "202202",
                    10
                ],
                [
                    "202201",
                    21
                ]
            ],
            "rank_gap":11
        },
        {
            "index":346,
            "아파트명":"신암청아람",
            "투자타입":"일반",
            "전용면적(m2)":"79.43",
            "전용면적(평)":"24평",
            "법정동주소":"대구시 동구 신암동 480",
            "도로명주소":"대구시 동구 신암로20길 39",
            "세대수":50,
            "입주년차":60,
            "용적률점수":"--",
            "건폐율점수":"--",
            "세대당주차수":60,
            "난방방식":30,
            "공급면적":"--",
            "전용률":"--",
            "욕실수":100,
            "현관타입":100,
            "주거총점":61.5,
            "지역구공급총점":0.0,
            "역세권":50,
            "30분내 이동가능 거점":0,
            "1시간내 이동가능 거점":10,
            "교통총점":27.0,
            "백화점":100,
            "아울렛몰":80,
            "대형마트":0,
            "은행":70,
            "병원":0,
            "종합병원":100,
            "공원":100,
            "혐오시설":0,
            "인프라총점":68.0,
            "초등학군":89.99,
            "중학군":55.1,
            "학군총점":62.078,
            "인구수":35.84,
            "인구증감":2.28,
            "인구총점":25.772,
            "일자리":18.13,
            "소득수준":54.98,
            "일자리총점":29.185,
            "가치 총점":58.4484,
            "매매실거래년":20211030.0,
            "매매실거래가":34000.0,
            "전세실거래년":20211209.0,
            "전세실거래가":28000.0,
            "전세가율":82.35,
            "장기전세가율평균":72.21,
            "전세가율거품지수":-10.14,
            "검색코드":26588,
            "세대수":665.0,
            "준공년월":"2009-03-31",
            "준공년차":14.0,
            "가까운역이름":"신천",
            "가까운역거리":661.8,
            "역세권여부":"준역세권",
            "30분이내주요거점역":0,
            "30분거점역이름":"[]",
            "1시간이내주요거점역":1,
            "1시간거점역이름":"['동대구']",
            "3km이내백화점수":3,
            "5km이내아울렛몰수":1,
            "1km이내대형먀트수":0,
            "500m이내은행수":3,
            "500m이내병원수":0,
            "5km이내대형병원수":5,
            "500m이내공원수":2,
            "3km이내혐오시설수":0,
            "초등학교학업성취도":89.99,
            "중학교학업성취도":91.3,
            "용적률":278,
            "건폐율":20,
            "Y":35.878928,
            "X":128.612707,
            "rank":11.0,
            "area_info":"24평(79.43), 29평(98.0), 30평(100.0), 32평(106.62), 32평(108.68), 33평(109.38), 42평(141.31), 43평(143.18)",
            "last_sales":"2021-10-30,34000.0,24평(79.43)",
            "rank_history":[
                [
                    "202202",
                    11
                ],
                [
                    "202201",
                    6
                ]
            ],
            "rank_gap":-5
        },
        {
            "index":469,
            "아파트명":"신천청아람",
            "투자타입":"일반",
            "전용면적(m2)":"80.35",
            "전용면적(평)":"24평",
            "법정동주소":"대구시 동구 신천동 200-1",
            "도로명주소":"대구시 동구 송라로14길 132",
            "세대수":50,
            "입주년차":60,
            "용적률점수":"--",
            "건폐율점수":"--",
            "세대당주차수":60,
            "난방방식":30,
            "공급면적":"--",
            "전용률":"--",
            "욕실수":100,
            "현관타입":100,
            "주거총점":61.5,
            "지역구공급총점":0.0,
            "역세권":80,
            "30분내 이동가능 거점":0,
            "1시간내 이동가능 거점":10,
            "교통총점":42.0,
            "백화점":100,
            "아울렛몰":80,
            "대형마트":0,
            "은행":20,
            "병원":0,
            "종합병원":100,
            "공원":80,
            "혐오시설":0,
            "인프라총점":62.4,
            "초등학군":89.97,
            "중학군":52.42,
            "학군총점":59.93,
            "인구수":35.84,
            "인구증감":2.28,
            "인구총점":25.772,
            "일자리":18.13,
            "소득수준":54.98,
            "일자리총점":29.185,
            "가치 총점":58.374,
            "매매실거래년":20211203.0,
            "매매실거래가":45000.0,
            "전세실거래년":20210508.0,
            "전세실거래가":25200.0,
            "전세가율":73.26,
            "장기전세가율평균":72.21,
            "전세가율거품지수":-1.05,
            "검색코드":27816,
            "세대수":490.0,
            "준공년월":"2010-02-03",
            "준공년차":13.0,
            "가까운역이름":"신천",
            "가까운역거리":390.52,
            "역세권여부":"역세권",
            "30분이내주요거점역":0,
            "30분거점역이름":"[]",
            "1시간이내주요거점역":1,
            "1시간거점역이름":"['동대구']",
            "3km이내백화점수":3,
            "5km이내아울렛몰수":1,
            "1km이내대형먀트수":0,
            "500m이내은행수":2,
            "500m이내병원수":0,
            "5km이내대형병원수":5,
            "500m이내공원수":1,
            "3km이내혐오시설수":0,
            "초등학교학업성취도":89.97,
            "중학교학업성취도":86.9,
            "용적률":247,
            "건폐율":29,
            "Y":35.873779,
            "X":128.622047,
            "rank":12.0,
            "area_info":"24평(80.35), 24평(81.98), 24평(81.92), 25평(82.93), 29평(97.93), 32평(107.75), 33평(109.86), 33평(110.68), 34평(113.33), 41평(138.55), 41평(138.63)",
            "last_sales":"2021-12-03,45000.0,32평(107.75)",
            "rank_history":[
                [
                    "202202",
                    12
                ],
                [
                    "202201",
                    13
                ]
            ],
            "rank_gap":1
        },
        {
            "index":81,
            "아파트명":"문화",
            "투자타입":"재건축",
            "전용면적(m2)":"49.77",
            "전용면적(평)":"15평",
            "법정동주소":"대구시 동구 검사동 1021",
            "도로명주소":"대구시 동구 동촌로14길 14",
            "세대수":0,
            "입주년차":"--",
            "용적률점수":100,
            "건폐율점수":0,
            "세대당주차수":"--",
            "난방방식":"--",
            "공급면적":50,
            "전용률":100,
            "욕실수":"--",
            "현관타입":"--",
            "주거총점":47.5,
            "지역구공급총점":0.0,
            "역세권":80,
            "30분내 이동가능 거점":0,
            "1시간내 이동가능 거점":10,
            "교통총점":42.0,
            "백화점":100,
            "아울렛몰":100,
            "대형마트":100,
            "은행":0,
            "병원":0,
            "종합병원":100,
            "공원":80,
            "혐오시설":0,
            "인프라총점":77.4,
            "초등학군":89.99,
            "중학군":46.44,
            "학군총점":55.15,
            "인구수":35.84,
            "인구증감":2.28,
            "인구총점":25.772,
            "일자리":18.13,
            "소득수준":54.98,
            "일자리총점":29.185,
            "가치 총점":57.94,
            "매매실거래년":20210904.0,
            "매매실거래가":15500.0,
            "전세실거래년":20211126.0,
            "전세실거래가":7000.0,
            "전세가율":45.16,
            "장기전세가율평균":72.21,
            "전세가율거품지수":27.05,
            "검색코드":4755,
            "세대수":230.0,
            "준공년월":"1985-11-20",
            "준공년차":38.0,
            "가까운역이름":"동촌",
            "가까운역거리":177.27,
            "역세권여부":"역세권",
            "30분이내주요거점역":0,
            "30분거점역이름":"[]",
            "1시간이내주요거점역":1,
            "1시간거점역이름":"['동대구']",
            "3km이내백화점수":1,
            "5km이내아울렛몰수":3,
            "1km이내대형먀트수":2,
            "500m이내은행수":0,
            "500m이내병원수":0,
            "5km이내대형병원수":2,
            "500m이내공원수":1,
            "3km이내혐오시설수":0,
            "초등학교학업성취도":89.99,
            "중학교학업성취도":77.0,
            "용적률":117,
            "건폐율":0,
            "Y":35.887443,
            "X":128.649279,
            "rank":13.0,
            "area_info":"15평(49.77)",
            "last_sales":"2021-09-04,15500.0,15평(49.77)",
            "rank_history":[
                [
                    "202202",
                    13
                ],
                [
                    "202201",
                    23
                ]
            ],
            "rank_gap":10
        },
        {
            "index":149,
            "아파트명":"영남네오빌1차",
            "투자타입":"일반",
            "전용면적(m2)":"78.86",
            "전용면적(평)":"23평",
            "법정동주소":"대구시 동구 방촌동 1050-71",
            "도로명주소":"대구시 동구 동촌로 190",
            "세대수":90,
            "입주년차":20,
            "용적률점수":"--",
            "건폐율점수":"--",
            "세대당주차수":60,
            "난방방식":30,
            "공급면적":"--",
            "전용률":"--",
            "욕실수":50,
            "현관타입":100,
            "주거총점":62.5,
            "지역구공급총점":0.0,
            "역세권":80,
            "30분내 이동가능 거점":0,
            "1시간내 이동가능 거점":10,
            "교통총점":42.0,
            "백화점":100,
            "아울렛몰":100,
            "대형마트":80,
            "은행":20,
            "병원":0,
            "종합병원":80,
            "공원":0,
            "혐오시설":0,
            "인프라총점":70.0,
            "초등학군":90.01,
            "중학군":39.68,
            "학군총점":49.746,
            "인구수":35.84,
            "인구증감":2.28,
            "인구총점":25.772,
            "일자리":18.13,
            "소득수준":54.98,
            "일자리총점":29.185,
            "가치 총점":57.8488,
            "매매실거래년":20210913.0,
            "매매실거래가":44000.0,
            "전세실거래년":20211019.0,
            "전세실거래가":18000.0,
            "전세가율":65.45,
            "장기전세가율평균":72.21,
            "전세가율거품지수":6.76,
            "검색코드":4788,
            "세대수":930.0,
            "준공년월":"2000-06-29",
            "준공년차":23.0,
            "가까운역이름":"해안",
            "가까운역거리":232.87,
            "역세권여부":"역세권",
            "30분이내주요거점역":0,
            "30분거점역이름":"[]",
            "1시간이내주요거점역":1,
            "1시간거점역이름":"['동대구']",
            "3km이내백화점수":1,
            "5km이내아울렛몰수":3,
            "1km이내대형먀트수":1,
            "500m이내은행수":2,
            "500m이내병원수":0,
            "5km이내대형병원수":1,
            "500m이내공원수":0,
            "3km이내혐오시설수":0,
            "초등학교학업성취도":90.01,
            "중학교학업성취도":65.2,
            "용적률":207,
            "건폐율":21,
            "Y":35.88172,
            "X":128.660883,
            "rank":14.0,
            "area_info":"23평(78.86), 32평(106.66), 50평(168.23), 63평(211.42)",
            "last_sales":"2021-09-13,44000.0,50평(168.23)",
            "rank_history":[
                [
                    "202202",
                    14
                ],
                [
                    "202201",
                    8
                ]
            ],
            "rank_gap":-6
        },
        {
            "index":452,
            "아파트명":"신천자이",
            "투자타입":"일반",
            "전용면적(m2)":"79.74",
            "전용면적(평)":"24평",
            "법정동주소":"대구시 동구 신천동 1503",
            "도로명주소":"대구시 동구 신암로16길 25",
            "세대수":80,
            "입주년차":60,
            "용적률점수":"--",
            "건폐율점수":"--",
            "세대당주차수":30,
            "난방방식":30,
            "공급면적":"--",
            "전용률":"--",
            "욕실수":100,
            "현관타입":100,
            "주거총점":67.5,
            "지역구공급총점":0.0,
            "역세권":50,
            "30분내 이동가능 거점":0,
            "1시간내 이동가능 거점":10,
            "교통총점":27.0,
            "백화점":100,
            "아울렛몰":80,
            "대형마트":0,
            "은행":20,
            "병원":0,
            "종합병원":100,
            "공원":80,
            "혐오시설":0,
            "인프라총점":62.4,
            "초등학군":89.99,
            "중학군":52.56,
            "학군총점":60.046,
            "인구수":35.84,
            "인구증감":2.28,
            "인구총점":25.772,
            "일자리":18.13,
            "소득수준":54.98,
            "일자리총점":29.185,
            "가치 총점":57.6588,
            "매매실거래년":20211229.0,
            "매매실거래가":50000.0,
            "전세실거래년":20211215.0,
            "전세실거래가":31500.0,
            "전세가율":75.72,
            "장기전세가율평균":72.21,
            "전세가율거품지수":-3.51,
            "검색코드":103306,
            "세대수":854.0,
            "준공년월":"2013-08-14",
            "준공년차":10.0,
            "가까운역이름":"신천",
            "가까운역거리":572.73,
            "역세권여부":"준역세권",
            "30분이내주요거점역":0,
            "30분거점역이름":"[]",
            "1시간이내주요거점역":1,
            "1시간거점역이름":"['동대구']",
            "3km이내백화점수":3,
            "5km이내아울렛몰수":1,
            "1km이내대형먀트수":0,
            "500m이내은행수":2,
            "500m이내병원수":0,
            "5km이내대형병원수":5,
            "500m이내공원수":1,
            "3km이내혐오시설수":0,
            "초등학교학업성취도":89.99,
            "중학교학업성취도":87.6,
            "용적률":271,
            "건폐율":19,
            "Y":35.876688,
            "X":128.612003,
            "rank":15.0,
            "area_info":"24평(79.74), 24평(79.9), 30평(101.08), 32평(105.91), 34평(112.47), 33평(112.2), 34평(113.31), 40평(134.98), 40평(134.66)",
            "last_sales":"2021-12-29,50000.0,34평(113.31)",
            "rank_history":[
                [
                    "202202",
                    15
                ],
                [
                    "202201",
                    7
                ]
            ],
            "rank_gap":-8
        },
        {
            "index":378,
            "아파트명":"동대구반도유보라",
            "투자타입":"일반",
            "전용면적(m2)":"59.29",
            "전용면적(평)":"17평",
            "법정동주소":"대구시 동구 신천동 1507",
            "도로명주소":"대구시 동구 송라로16길 11",
            "세대수":80,
            "입주년차":80,
            "용적률점수":"--",
            "건폐율점수":"--",
            "세대당주차수":30,
            "난방방식":30,
            "공급면적":"--",
            "전용률":"--",
            "욕실수":50,
            "현관타입":10,
            "주거총점":57.5,
            "지역구공급총점":0.0,
            "역세권":80,
            "30분내 이동가능 거점":0,
            "1시간내 이동가능 거점":10,
            "교통총점":42.0,
            "백화점":100,
            "아울렛몰":80,
            "대형마트":0,
            "은행":20,
            "병원":0,
            "종합병원":100,
            "공원":100,
            "혐오시설":0,
            "인프라총점":63.0,
            "초등학군":89.99,
            "중학군":52.42,
            "학군총점":59.934,
            "인구수":35.84,
            "인구증감":2.28,
            "인구총점":25.772,
            "일자리":18.13,
            "소득수준":54.98,
            "일자리총점":29.185,
            "가치 총점":57.5552,
            "매매실거래년":20220118.0,
            "매매실거래가":25100.0,
            "전세실거래년":20211229.0,
            "전세실거래가":23000.0,
            "전세가율":91.63,
            "장기전세가율평균":72.21,
            "전세가율거품지수":-19.42,
            "검색코드":110224,
            "세대수":764.0,
            "준공년월":"2018-02-28",
            "준공년차":5.0,
            "가까운역이름":"신천",
            "가까운역거리":156.31,
            "역세권여부":"역세권",
            "30분이내주요거점역":0,
            "30분거점역이름":"[]",
            "1시간이내주요거점역":1,
            "1시간거점역이름":"['동대구']",
            "3km이내백화점수":3,
            "5km이내아울렛몰수":1,
            "1km이내대형먀트수":0,
            "500m이내은행수":2,
            "500m이내병원수":0,
            "5km이내대형병원수":5,
            "500m이내공원수":3,
            "3km이내혐오시설수":0,
            "초등학교학업성취도":89.99,
            "중학교학업성취도":86.9,
            "용적률":267,
            "건폐율":20,
            "Y":35.87609,
            "X":128.617757,
            "rank":16.0,
            "area_info":"17평(59.29), 24평(82.14), 26평(87.58), 33평(111.39), 33평(112.24)",
            "last_sales":"2022-01-18,25100.0,17평(59.29)",
            "rank_history":[
                [
                    "202202",
                    16
                ],
                [
                    "202201",
                    16
                ]
            ],
            "rank_gap":0
        },
        {
            "index":333,
            "아파트명":"신암건영캐스빌",
            "투자타입":"일반",
            "전용면적(m2)":"66.31",
            "전용면적(평)":"20평",
            "법정동주소":"대구시 동구 신암동 194-1",
            "도로명주소":"대구시 동구 신암남로 50",
            "세대수":80,
            "입주년차":40,
            "용적률점수":"--",
            "건폐율점수":"--",
            "세대당주차수":30,
            "난방방식":30,
            "공급면적":"--",
            "전용률":"--",
            "욕실수":50,
            "현관타입":100,
            "주거총점":58.5,
            "지역구공급총점":0.0,
            "역세권":80,
            "30분내 이동가능 거점":0,
            "1시간내 이동가능 거점":10,
            "교통총점":42.0,
            "백화점":100,
            "아울렛몰":80,
            "대형마트":0,
            "은행":0,
            "병원":0,
            "종합병원":100,
            "공원":100,
            "혐오시설":0,
            "인프라총점":61.0,
            "초등학군":90.0,
            "중학군":52.42,
            "학군총점":59.936,
            "인구수":35.84,
            "인구증감":2.28,
            "인구총점":25.772,
            "일자리":18.13,
            "소득수준":54.98,
            "일자리총점":29.185,
            "가치 총점":57.2058,
            "매매실거래년":20211009.0,
            "매매실거래가":45200.0,
            "전세실거래년":20181231.0,
            "전세실거래가":13500.0,
            "전세가율":59.08,
            "장기전세가율평균":72.21,
            "전세가율거품지수":13.13,
            "검색코드":18907,
            "세대수":748.0,
            "준공년월":"2005-11-25",
            "준공년차":18.0,
            "가까운역이름":"신천",
            "가까운역거리":462.74,
            "역세권여부":"역세권",
            "30분이내주요거점역":0,
            "30분거점역이름":"[]",
            "1시간이내주요거점역":1,
            "1시간거점역이름":"['동대구']",
            "3km이내백화점수":3,
            "5km이내아울렛몰수":1,
            "1km이내대형먀트수":0,
            "500m이내은행수":1,
            "500m이내병원수":0,
            "5km이내대형병원수":5,
            "500m이내공원수":2,
            "3km이내혐오시설수":0,
            "초등학교학업성취도":90.0,
            "중학교학업성취도":86.9,
            "용적률":299,
            "건폐율":25,
            "Y":35.878294,
            "X":128.620421,
            "rank":17.0,
            "area_info":"20평(66.31), 25평(82.85), 27평(90.83), 33평(109.2), 44평(147.39)",
            "last_sales":"2021-10-09,45200.0,44평(147.39)",
            "rank_history":[
                [
                    "202202",
                    17
                ],
                [
                    "202201",
                    15
                ]
            ],
            "rank_gap":-2
        },
        {
            "index":480,
            "아파트명":"신천휴먼시아6단지",
            "투자타입":"일반",
            "전용면적(m2)":"70.94",
            "전용면적(평)":"21평",
            "법정동주소":"대구시 동구 신천동 622",
            "도로명주소":"대구시 동구 송라로11길 39",
            "세대수":50,
            "입주년차":60,
            "용적률점수":"--",
            "건폐율점수":"--",
            "세대당주차수":30,
            "난방방식":30,
            "공급면적":"--",
            "전용률":"--",
            "욕실수":50,
            "현관타입":100,
            "주거총점":52.0,
            "지역구공급총점":0.0,
            "역세권":80,
            "30분내 이동가능 거점":20,
            "1시간내 이동가능 거점":10,
            "교통총점":48.0,
            "백화점":100,
            "아울렛몰":80,
            "대형마트":0,
            "은행":20,
            "병원":0,
            "종합병원":100,
            "공원":100,
            "혐오시설":0,
            "인프라총점":63.0,
            "초등학군":89.97,
            "중학군":52.42,
            "학군총점":59.93,
            "인구수":35.84,
            "인구증감":2.28,
            "인구총점":25.772,
            "일자리":18.13,
            "소득수준":54.98,
            "일자리총점":29.185,
            "가치 총점":57.079,
            "매매실거래년":20220119.0,
            "매매실거래가":28000.0,
            "전세실거래년":20211002.0,
            "전세실거래가":26500.0,
            "전세가율":94.64,
            "장기전세가율평균":72.21,
            "전세가율거품지수":-22.43,
            "검색코드":102743,
            "세대수":550.0,
            "준공년월":"2011-01-17",
            "준공년차":12.0,
            "가까운역이름":"신천",
            "가까운역거리":406.01,
            "역세권여부":"역세권",
            "30분이내주요거점역":1,
            "30분거점역이름":"['동대구']",
            "1시간이내주요거점역":1,
            "1시간거점역이름":"['동대구']",
            "3km이내백화점수":3,
            "5km이내아울렛몰수":1,
            "1km이내대형먀트수":0,
            "500m이내은행수":2,
            "500m이내병원수":0,
            "5km이내대형병원수":5,
            "500m이내공원수":2,
            "3km이내혐오시설수":0,
            "초등학교학업성취도":89.97,
            "중학교학업성취도":86.9,
            "용적률":211,
            "건폐율":16,
            "Y":35.871101,
            "X":128.61701,
            "rank":18.0,
            "area_info":"21평(70.94), 21평(70.68), 25평(83.53), 25평(84.57)",
            "last_sales":"2022-01-19,28000.0,21평(70.94)",
            "rank_history":[
                [
                    "202202",
                    18
                ],
                [
                    "202201",
                    20
                ]
            ],
            "rank_gap":2
        },
        {
            "index":503,
            "아파트명":"화성파크드림이스트밸리",
            "투자타입":"일반",
            "전용면적(m2)":"110.83",
            "전용면적(평)":"33평",
            "법정동주소":"대구시 동구 신천동 160-1",
            "도로명주소":"대구시 동구 송라로10길 34",
            "세대수":50,
            "입주년차":40,
            "용적률점수":"--",
            "건폐율점수":"--",
            "세대당주차수":60,
            "난방방식":30,
            "공급면적":"--",
            "전용률":"--",
            "욕실수":100,
            "현관타입":100,
            "주거총점":57.5,
            "지역구공급총점":0.0,
            "역세권":50,
            "30분내 이동가능 거점":20,
            "1시간내 이동가능 거점":10,
            "교통총점":33.0,
            "백화점":100,
            "아울렛몰":80,
            "대형마트":0,
            "은행":70,
            "병원":0,
            "종합병원":100,
            "공원":0,
            "혐오시설":0,
            "인프라총점":65.0,
            "초등학군":89.97,
            "중학군":52.42,
            "학군총점":59.93,
            "인구수":35.84,
            "인구증감":2.28,
            "인구총점":25.772,
            "일자리":18.13,
            "소득수준":54.98,
            "일자리총점":29.185,
            "가치 총점":56.804,
            "매매실거래년":20211104.0,
            "매매실거래가":49500.0,
            "전세실거래년":20211117.0,
            "전세실거래가":33600.0,
            "전세가율":62.34,
            "장기전세가율평균":72.21,
            "전세가율거품지수":9.87,
            "검색코드":24664,
            "세대수":447.0,
            "준공년월":"2008-09-29",
            "준공년차":15.0,
            "가까운역이름":"신천",
            "가까운역거리":567.6,
            "역세권여부":"준역세권",
            "30분이내주요거점역":1,
            "30분거점역이름":"['동대구']",
            "1시간이내주요거점역":1,
            "1시간거점역이름":"['동대구']",
            "3km이내백화점수":3,
            "5km이내아울렛몰수":1,
            "1km이내대형먀트수":0,
            "500m이내은행수":3,
            "500m이내병원수":0,
            "5km이내대형병원수":5,
            "500m이내공원수":0,
            "3km이내혐오시설수":0,
            "초등학교학업성취도":89.97,
            "중학교학업성취도":86.9,
            "용적률":278,
            "건폐율":15,
            "Y":35.871307,
            "X":128.622581,
            "rank":19.0,
            "area_info":"33평(110.83), 34평(113.92), 34평(114.4), 34평(114.72), 35평(116.78), 35평(116.29), 36평(119.75), 46평(154.36), 46평(154.36), 46평(154.36), 52평(174.17)",
            "last_sales":"2021-11-04,49500.0,35평(116.78)",
            "rank_history":[
                [
                    "202202",
                    19
                ],
                [
                    "202201",
                    14
                ]
            ],
            "rank_gap":-5
        },
        {
            "index":439,
            "아파트명":"신천보성",
            "투자타입":"재건축",
            "전용면적(m2)":"51.31",
            "전용면적(평)":"15평",
            "법정동주소":"대구시 동구 신천동 487",
            "도로명주소":"대구시 동구 효신로 17",
            "세대수":0,
            "입주년차":"--",
            "용적률점수":80,
            "건폐율점수":0,
            "세대당주차수":"--",
            "난방방식":"--",
            "공급면적":50,
            "전용률":80,
            "욕실수":"--",
            "현관타입":"--",
            "주거총점":38.5,
            "지역구공급총점":0.0,
            "역세권":50,
            "30분내 이동가능 거점":20,
            "1시간내 이동가능 거점":10,
            "교통총점":33.0,
            "백화점":100,
            "아울렛몰":80,
            "대형마트":80,
            "은행":70,
            "병원":0,
            "종합병원":100,
            "공원":100,
            "혐오시설":0,
            "인프라총점":80.0,
            "초등학군":89.97,
            "중학군":53.36,
            "학군총점":60.682,
            "인구수":35.84,
            "인구증감":2.28,
            "인구총점":25.772,
            "일자리":18.13,
            "소득수준":54.98,
            "일자리총점":29.185,
            "가치 총점":56.7796,
            "매매실거래년":20210307.0,
            "매매실거래가":24500.0,
            "전세실거래년":20180622.0,
            "전세실거래가":6000.0,
            "전세가율":50.42,
            "장기전세가율평균":72.21,
            "전세가율거품지수":21.79,
            "검색코드":11441,
            "세대수":100.0,
            "준공년월":"1982-10-19",
            "준공년차":41.0,
            "가까운역이름":"동대구",
            "가까운역거리":717.59,
            "역세권여부":"준역세권",
            "30분이내주요거점역":1,
            "30분거점역이름":"['동대구']",
            "1시간이내주요거점역":1,
            "1시간거점역이름":"['동대구']",
            "3km이내백화점수":1,
            "5km이내아울렛몰수":1,
            "1km이내대형먀트수":1,
            "500m이내은행수":4,
            "500m이내병원수":0,
            "5km이내대형병원수":4,
            "500m이내공원수":3,
            "3km이내혐오시설수":0,
            "초등학교학업성취도":89.97,
            "중학교학업성취도":87.4,
            "용적률":157,
            "건폐율":70,
            "Y":35.873715,
            "X":128.634317,
            "rank":20.0,
            "area_info":"15평(51.31), 19평(64.45)",
            "last_sales":"2021-03-07,24500.0,19평(64.45)",
            "rank_history":[
                [
                    "202202",
                    20
                ],
                [
                    "202201",
                    18
                ]
            ],
            "rank_gap":-2
        },
        {
            "index":682,
            "아파트명":"태왕메트로시티",
            "투자타입":"일반",
            "전용면적(m2)":"84.38",
            "전용면적(평)":"25평",
            "법정동주소":"대구시 동구 효목동 337",
            "도로명주소":"대구시 동구 동북로 500",
            "세대수":100,
            "입주년차":20,
            "용적률점수":"--",
            "건폐율점수":"--",
            "세대당주차수":30,
            "난방방식":30,
            "공급면적":"--",
            "전용률":"--",
            "욕실수":50,
            "현관타입":10,
            "주거총점":52.5,
            "지역구공급총점":0.0,
            "역세권":50,
            "30분내 이동가능 거점":20,
            "1시간내 이동가능 거점":10,
            "교통총점":33.0,
            "백화점":100,
            "아울렛몰":100,
            "대형마트":0,
            "은행":20,
            "병원":0,
            "종합병원":100,
            "공원":100,
            "혐오시설":0,
            "인프라총점":65.0,
            "초등학군":90.0,
            "중학군":53.36,
            "학군총점":60.688,
            "인구수":35.84,
            "인구증감":2.28,
            "인구총점":25.772,
            "일자리":18.13,
            "소득수준":54.98,
            "일자리총점":29.185,
            "가치 총점":55.7814,
            "매매실거래년":20220105.0,
            "매매실거래가":18700.0,
            "전세실거래년":20211221.0,
            "전세실거래가":17500.0,
            "전세가율":93.58,
            "장기전세가율평균":72.21,
            "전세가율거품지수":-21.37,
            "검색코드":11039,
            "세대수":1859.0,
            "준공년월":"2003-11-28",
            "준공년차":20.0,
            "가까운역이름":"큰고개",
            "가까운역거리":746.98,
            "역세권여부":"준역세권",
            "30분이내주요거점역":1,
            "30분거점역이름":"['동대구']",
            "1시간이내주요거점역":1,
            "1시간거점역이름":"['동대구']",
            "3km이내백화점수":1,
            "5km이내아울렛몰수":2,
            "1km이내대형먀트수":0,
            "500m이내은행수":2,
            "500m이내병원수":0,
            "5km이내대형병원수":3,
            "500m이내공원수":3,
            "3km이내혐오시설수":0,
            "초등학교학업성취도":90.0,
            "중학교학업성취도":87.4,
            "용적률":269,
            "건폐율":25,
            "Y":35.880244,
            "X":128.638776,
            "rank":21.0,
            "area_info":"25평(84.38), 25평(84.38), 32평(106.8), 48평(161.21)",
            "last_sales":"2022-01-05,18700.0,25평(84.38)",
            "rank_history":[
                [
                    "202202",
                    21
                ],
                [
                    "202201",
                    19
                ]
            ],
            "rank_gap":-2
        },
        {
            "index":426,
            "아파트명":"신천가람타운",
            "투자타입":"일반",
            "전용면적(m2)":"58.65",
            "전용면적(평)":"17평",
            "법정동주소":"대구시 동구 신천동 551-35",
            "도로명주소":"대구시 동구 신암로16길 33",
            "세대수":90,
            "입주년차":0,
            "용적률점수":"--",
            "건폐율점수":"--",
            "세대당주차수":0,
            "난방방식":30,
            "공급면적":"--",
            "전용률":"--",
            "욕실수":50,
            "현관타입":10,
            "주거총점":40.5,
            "지역구공급총점":0.0,
            "역세권":80,
            "30분내 이동가능 거점":0,
            "1시간내 이동가능 거점":10,
            "교통총점":42.0,
            "백화점":100,
            "아울렛몰":80,
            "대형마트":0,
            "은행":70,
            "병원":0,
            "종합병원":100,
            "공원":80,
            "혐오시설":0,
            "인프라총점":67.4,
            "초등학군":89.99,
            "중학군":55.1,
            "학군총점":62.078,
            "인구수":35.84,
            "인구증감":2.28,
            "인구총점":25.772,
            "일자리":18.13,
            "소득수준":54.98,
            "일자리총점":29.185,
            "가치 총점":55.2684,
            "매매실거래년":20220105.0,
            "매매실거래가":30200.0,
            "전세실거래년":20200811.0,
            "전세실거래가":9000.0,
            "전세가율":54.55,
            "장기전세가율평균":72.21,
            "전세가율거품지수":17.66,
            "검색코드":11836,
            "세대수":1376.0,
            "준공년월":"1997-12-12",
            "준공년차":26.0,
            "가까운역이름":"칠성시장",
            "가까운역거리":435.02,
            "역세권여부":"역세권",
            "30분이내주요거점역":0,
            "30분거점역이름":"[]",
            "1시간이내주요거점역":1,
            "1시간거점역이름":"['동대구']",
            "3km이내백화점수":3,
            "5km이내아울렛몰수":1,
            "1km이내대형먀트수":0,
            "500m이내은행수":3,
            "500m이내병원수":0,
            "5km이내대형병원수":5,
            "500m이내공원수":1,
            "3km이내혐오시설수":0,
            "초등학교학업성취도":89.99,
            "중학교학업성취도":91.3,
            "용적률":295,
            "건폐율":19,
            "Y":35.876464,
            "X":128.609941,
            "rank":22.0,
            "area_info":"17평(58.65), 23평(77.46), 26평(89.2), 34평(114.72)",
            "last_sales":"2022-01-05,30200.0,34평(114.72)",
            "rank_history":[
                [
                    "202202",
                    22
                ],
                [
                    "202201",
                    26
                ]
            ],
            "rank_gap":4
        },
        {
            "index":285,
            "아파트명":"신서화성파크드림",
            "투자타입":"일반",
            "전용면적(m2)":"111.87",
            "전용면적(평)":"33평",
            "법정동주소":"대구시 동구 신서동 828",
            "도로명주소":"대구시 동구 반야월북로 221",
            "세대수":90,
            "입주년차":60,
            "용적률점수":"--",
            "건폐율점수":"--",
            "세대당주차수":60,
            "난방방식":30,
            "공급면적":"--",
            "전용률":"--",
            "욕실수":100,
            "현관타입":100,
            "주거총점":75.5,
            "지역구공급총점":0.0,
            "역세권":50,
            "30분내 이동가능 거점":0,
            "1시간내 이동가능 거점":10,
            "교통총점":27.0,
            "백화점":0,
            "아울렛몰":80,
            "대형마트":80,
            "은행":70,
            "병원":0,
            "종합병원":80,
            "공원":100,
            "혐오시설":0,
            "인프라총점":46.0,
            "초등학군":89.99,
            "중학군":52.82,
            "학군총점":60.254,
            "인구수":35.84,
            "인구증감":2.28,
            "인구총점":25.772,
            "일자리":18.13,
            "소득수준":54.98,
            "일자리총점":29.185,
            "가치 총점":54.8012,
            "매매실거래년":20210629.0,
            "매매실거래가":48700.0,
            "전세실거래년":null,
            "전세실거래가":null,
            "전세가율":null,
            "장기전세가율평균":72.21,
            "전세가율거품지수":null,
            "검색코드":27174,
            "세대수":934.0,
            "준공년월":"2010-02-01",
            "준공년차":13.0,
            "가까운역이름":"각산",
            "가까운역거리":643.31,
            "역세권여부":"준역세권",
            "30분이내주요거점역":0,
            "30분거점역이름":"[]",
            "1시간이내주요거점역":1,
            "1시간거점역이름":"['동대구']",
            "3km이내백화점수":0,
            "5km이내아울렛몰수":1,
            "1km이내대형먀트수":1,
            "500m이내은행수":4,
            "500m이내병원수":0,
            "5km이내대형병원수":1,
            "500m이내공원수":2,
            "3km이내혐오시설수":0,
            "초등학교학업성취도":89.99,
            "중학교학업성취도":87.7,
            "용적률":291,
            "건폐율":41,
            "Y":35.873639,
            "X":128.722676,
            "rank":23.0,
            "area_info":"33평(111.87), 33평(112.1), 34평(113.26), 39평(130.66), 48평(160.48), 51평(170.74)",
            "last_sales":"2021-06-29,48700.0,51평(170.74)",
            "rank_history":[
                [
                    "202202",
                    23
                ],
                [
                    "202201",
                    25
                ]
            ],
            "rank_gap":2
        },
        {
            "index":422,
            "아파트명":"신천LH",
            "투자타입":"재건축",
            "전용면적(m2)":"62.84",
            "전용면적(평)":"19평",
            "법정동주소":"대구시 동구 신천동 556-1",
            "도로명주소":"대구시 동구 동부로 1",
            "세대수":90,
            "입주년차":"--",
            "용적률점수":0,
            "건폐율점수":80,
            "세대당주차수":"--",
            "난방방식":"--",
            "공급면적":50,
            "전용률":60,
            "욕실수":"--",
            "현관타입":"--",
            "주거총점":48.5,
            "지역구공급총점":0.0,
            "역세권":80,
            "30분내 이동가능 거점":0,
            "1시간내 이동가능 거점":10,
            "교통총점":42.0,
            "백화점":100,
            "아울렛몰":80,
            "대형마트":0,
            "은행":0,
            "병원":0,
            "종합병원":100,
            "공원":100,
            "혐오시설":0,
            "인프라총점":61.0,
            "초등학군":89.99,
            "중학군":52.56,
            "학군총점":60.046,
            "인구수":35.84,
            "인구증감":2.28,
            "인구총점":25.772,
            "일자리":18.13,
            "소득수준":54.98,
            "일자리총점":29.185,
            "가치 총점":54.7388,
            "매매실거래년":20220111.0,
            "매매실거래가":22600.0,
            "전세실거래년":20220105.0,
            "전세실거래가":14000.0,
            "전세가율":77.78,
            "장기전세가율평균":72.21,
            "전세가율거품지수":-5.57,
            "검색코드":4976,
            "세대수":917.0,
            "준공년월":"1989-07-19",
            "준공년차":34.0,
            "가까운역이름":"신천",
            "가까운역거리":408.41,
            "역세권여부":"역세권",
            "30분이내주요거점역":0,
            "30분거점역이름":"[]",
            "1시간이내주요거점역":1,
            "1시간거점역이름":"['동대구']",
            "3km이내백화점수":3,
            "5km이내아울렛몰수":1,
            "1km이내대형먀트수":0,
            "500m이내은행수":1,
            "500m이내병원수":0,
            "5km이내대형병원수":5,
            "500m이내공원수":2,
            "3km이내혐오시설수":0,
            "초등학교학업성취도":89.99,
            "중학교학업성취도":87.6,
            "용적률":224,
            "건폐율":22,
            "Y":35.874752,
            "X":128.613328,
            "rank":24.0,
            "area_info":"19평(62.84), 22평(73.54), 24평(82.54), 32평(108.77)",
            "last_sales":"2022-01-11,22600.0,24평(82.54)",
            "rank_history":[
                [
                    "202202",
                    24
                ],
                [
                    "202201",
                    27
                ]
            ],
            "rank_gap":3
        },
        {
            "index":484,
            "아파트명":"우방푸른타운",
            "투자타입":"일반",
            "전용면적(m2)":"83.93",
            "전용면적(평)":"25평",
            "법정동주소":"대구시 동구 신천동 645-1",
            "도로명주소":"대구시 동구 국채보상로159길 41",
            "세대수":50,
            "입주년차":0,
            "용적률점수":"--",
            "건폐율점수":"--",
            "세대당주차수":0,
            "난방방식":30,
            "공급면적":"--",
            "전용률":"--",
            "욕실수":50,
            "현관타입":100,
            "주거총점":35.5,
            "지역구공급총점":0.0,
            "역세권":80,
            "30분내 이동가능 거점":20,
            "1시간내 이동가능 거점":10,
            "교통총점":48.0,
            "백화점":100,
            "아울렛몰":80,
            "대형마트":0,
            "은행":70,
            "병원":0,
            "종합병원":100,
            "공원":100,
            "혐오시설":0,
            "인프라총점":68.0,
            "초등학군":89.97,
            "중학군":52.56,
            "학군총점":60.042,
            "인구수":35.84,
            "인구증감":2.28,
            "인구총점":25.772,
            "일자리":18.13,
            "소득수준":54.98,
            "일자리총점":29.185,
            "가치 총점":54.4876,
            "매매실거래년":20211227.0,
            "매매실거래가":23900.0,
            "전세실거래년":20211204.0,
            "전세실거래가":17000.0,
            "전세가율":71.13,
            "장기전세가율평균":72.21,
            "전세가율거품지수":1.08,
            "검색코드":4981,
            "세대수":607.0,
            "준공년월":"1996-06-29",
            "준공년차":27.0,
            "가까운역이름":"신천",
            "가까운역거리":495.87,
            "역세권여부":"역세권",
            "30분이내주요거점역":1,
            "30분거점역이름":"['동대구']",
            "1시간이내주요거점역":1,
            "1시간거점역이름":"['동대구']",
            "3km이내백화점수":3,
            "5km이내아울렛몰수":1,
            "1km이내대형먀트수":0,
            "500m이내은행수":3,
            "500m이내병원수":0,
            "5km이내대형병원수":5,
            "500m이내공원수":2,
            "3km이내혐오시설수":0,
            "초등학교학업성취도":89.97,
            "중학교학업성취도":87.6,
            "용적률":422,
            "건폐율":38,
            "Y":35.870777,
            "X":128.615213,
            "rank":25.0,
            "area_info":"25평(83.93), 25평(85.65), 26평(88.39), 28평(92.67), 33평(109.15), 33평(109.93), 38평(126.65), 43평(144.83)",
            "last_sales":"2021-12-27,23900.0,25평(83.93)",
            "rank_history":[
                [
                    "202202",
                    25
                ],
                [
                    "202201",
                    33
                ]
            ],
            "rank_gap":8
        },
        {
            "index":354,
            "아파트명":"에스디아이프라임",
            "투자타입":"일반",
            "전용면적(m2)":"81.86",
            "전용면적(평)":"24평",
            "법정동주소":"대구시 동구 신암동 251-1",
            "도로명주소":"대구시 동구 아양로24길 13",
            "세대수":0,
            "입주년차":40,
            "용적률점수":"--",
            "건폐율점수":"--",
            "세대당주차수":30,
            "난방방식":30,
            "공급면적":"--",
            "전용률":"--",
            "욕실수":100,
            "현관타입":100,
            "주거총점":35.5,
            "지역구공급총점":0.0,
            "역세권":80,
            "30분내 이동가능 거점":0,
            "1시간내 이동가능 거점":10,
            "교통총점":42.0,
            "백화점":100,
            "아울렛몰":100,
            "대형마트":80,
            "은행":20,
            "병원":0,
            "종합병원":100,
            "공원":100,
            "혐오시설":0,
            "인프라총점":77.0,
            "초등학군":90.0,
            "중학군":44.54,
            "학군총점":53.632,
            "인구수":35.84,
            "인구증감":2.28,
            "인구총점":25.772,
            "일자리":18.13,
            "소득수준":54.98,
            "일자리총점":29.185,
            "가치 총점":54.3646,
            "매매실거래년":20210206.0,
            "매매실거래가":35800.0,
            "전세실거래년":20190826.0,
            "전세실거래가":20000.0,
            "전세가율":81.97,
            "장기전세가율평균":72.21,
            "전세가율거품지수":-9.76,
            "검색코드":18569,
            "세대수":231.0,
            "준공년월":"2006-06-30",
            "준공년차":17.0,
            "가까운역이름":"큰고개",
            "가까운역거리":362.79,
            "역세권여부":"역세권",
            "30분이내주요거점역":0,
            "30분거점역이름":"[]",
            "1시간이내주요거점역":1,
            "1시간거점역이름":"['동대구']",
            "3km이내백화점수":1,
            "5km이내아울렛몰수":2,
            "1km이내대형먀트수":1,
            "500m이내은행수":2,
            "500m이내병원수":0,
            "5km이내대형병원수":4,
            "500m이내공원수":4,
            "3km이내혐오시설수":0,
            "초등학교학업성취도":90.0,
            "중학교학업성취도":73.7,
            "용적률":320,
            "건폐율":28,
            "Y":35.884474,
            "X":128.627945,
            "rank":26.0,
            "area_info":"24평(81.86), 32평(108.55), 38평(127.14)",
            "last_sales":"2021-02-06,35800.0,38평(127.14)",
            "rank_history":[
                [
                    "202202",
                    26
                ],
                [
                    "202201",
                    22
                ]
            ],
            "rank_gap":-4
        },
        {
            "index":372,
            "아파트명":"큰고개웰그린",
            "투자타입":"일반",
            "전용면적(m2)":"80.42",
            "전용면적(평)":"24평",
            "법정동주소":"대구시 동구 신암동 250-1",
            "도로명주소":"대구시 동구 아양로 124",
            "세대수":0,
            "입주년차":40,
            "용적률점수":"--",
            "건폐율점수":"--",
            "세대당주차수":30,
            "난방방식":30,
            "공급면적":"--",
            "전용률":"--",
            "욕실수":100,
            "현관타입":100,
            "주거총점":35.5,
            "지역구공급총점":0.0,
            "역세권":80,
            "30분내 이동가능 거점":0,
            "1시간내 이동가능 거점":10,
            "교통총점":42.0,
            "백화점":100,
            "아울렛몰":100,
            "대형마트":80,
            "은행":20,
            "병원":0,
            "종합병원":100,
            "공원":100,
            "혐오시설":0,
            "인프라총점":77.0,
            "초등학군":90.0,
            "중학군":44.54,
            "학군총점":53.632,
            "인구수":35.84,
            "인구증감":2.28,
            "인구총점":25.772,
            "일자리":18.13,
            "소득수준":54.98,
            "일자리총점":29.185,
            "가치 총점":54.3646,
            "매매실거래년":20201029.0,
            "매매실거래가":25800.0,
            "전세실거래년":null,
            "전세실거래가":null,
            "전세가율":null,
            "장기전세가율평균":72.21,
            "전세가율거품지수":null,
            "검색코드":26529,
            "세대수":114.0,
            "준공년월":"2008-05-30",
            "준공년차":15.0,
            "가까운역이름":"큰고개",
            "가까운역거리":414.83,
            "역세권여부":"역세권",
            "30분이내주요거점역":0,
            "30분거점역이름":"[]",
            "1시간이내주요거점역":1,
            "1시간거점역이름":"['동대구']",
            "3km이내백화점수":1,
            "5km이내아울렛몰수":2,
            "1km이내대형먀트수":1,
            "500m이내은행수":2,
            "500m이내병원수":0,
            "5km이내대형병원수":4,
            "500m이내공원수":5,
            "3km이내혐오시설수":0,
            "초등학교학업성취도":90.0,
            "중학교학업성취도":73.7,
            "용적률":400,
            "건폐율":31,
            "Y":35.884585,
            "X":128.627381,
            "rank":26.0,
            "area_info":"24평(80.42), 24평(81.27), 31평(102.48), 30평(102.27), 31평(104.18), 31평(104.52)",
            "last_sales":"2020-10-29,25800.0,31평(104.18)",
            "rank_history":[
                [
                    "202202",
                    26
                ],
                [
                    "202201",
                    22
                ]
            ],
            "rank_gap":-4
        },
        {
            "index":341,
            "아파트명":"신암뜨란채",
            "투자타입":"일반",
            "전용면적(m2)":"79.57",
            "전용면적(평)":"24평",
            "법정동주소":"대구시 동구 신암동 766",
            "도로명주소":"대구시 동구 아양로7길 12",
            "세대수":80,
            "입주년차":40,
            "용적률점수":"--",
            "건폐율점수":"--",
            "세대당주차수":0,
            "난방방식":30,
            "공급면적":"--",
            "전용률":"--",
            "욕실수":100,
            "현관타입":100,
            "주거총점":59.0,
            "지역구공급총점":0.0,
            "역세권":50,
            "30분내 이동가능 거점":0,
            "1시간내 이동가능 거점":10,
            "교통총점":27.0,
            "백화점":100,
            "아울렛몰":100,
            "대형마트":0,
            "은행":20,
            "병원":0,
            "종합병원":100,
            "공원":80,
            "혐오시설":0,
            "인프라총점":64.4,
            "초등학군":89.98,
            "중학군":44.54,
            "학군총점":53.628,
            "인구수":35.84,
            "인구증감":2.28,
            "인구총점":25.772,
            "일자리":18.13,
            "소득수준":54.98,
            "일자리총점":29.185,
            "가치 총점":54.2084,
            "매매실거래년":20211230.0,
            "매매실거래가":39100.0,
            "전세실거래년":20211115.0,
            "전세실거래가":28000.0,
            "전세가율":91.21,
            "장기전세가율평균":72.21,
            "전세가율거품지수":-19.0,
            "검색코드":14389,
            "세대수":828.0,
            "준공년월":"2005-09-30",
            "준공년차":18.0,
            "가까운역이름":"신천",
            "가까운역거리":971.81,
            "역세권여부":"준역세권",
            "30분이내주요거점역":0,
            "30분거점역이름":"[]",
            "1시간이내주요거점역":1,
            "1시간거점역이름":"['동대구']",
            "3km이내백화점수":2,
            "5km이내아울렛몰수":2,
            "1km이내대형먀트수":0,
            "500m이내은행수":2,
            "500m이내병원수":0,
            "5km이내대형병원수":4,
            "500m이내공원수":1,
            "3km이내혐오시설수":0,
            "초등학교학업성취도":89.98,
            "중학교학업성취도":73.7,
            "용적률":231,
            "건폐율":41,
            "Y":35.883426,
            "X":128.617969,
            "rank":27.0,
            "area_info":"24평(79.57), 34평(112.48), 34평(112.62), 34평(113.28), 41평(137.34)",
            "last_sales":"2021-12-30,39100.0,34평(113.28)",
            "rank_history":[
                [
                    "202202",
                    27
                ],
                [
                    "202201",
                    17
                ]
            ],
            "rank_gap":-10
        },
        {
            "index":90,
            "아파트명":"안심역코오롱하늘채",
            "투자타입":"일반",
            "전용면적(m2)":"87.3",
            "전용면적(평)":"26평",
            "법정동주소":"대구시 동구 괴전동 654",
            "도로명주소":"대구시 동구 금강로21길 30",
            "세대수":80,
            "입주년차":80,
            "용적률점수":"--",
            "건폐율점수":"--",
            "세대당주차수":30,
            "난방방식":30,
            "공급면적":"--",
            "전용률":"--",
            "욕실수":100,
            "현관타입":100,
            "주거총점":71.5,
            "지역구공급총점":0.0,
            "역세권":80,
            "30분내 이동가능 거점":0,
            "1시간내 이동가능 거점":10,
            "교통총점":42.0,
            "백화점":0,
            "아울렛몰":80,
            "대형마트":80,
            "은행":0,
            "병원":0,
            "종합병원":80,
            "공원":100,
            "혐오시설":0,
            "인프라총점":39.0,
            "초등학군":89.99,
            "중학군":52.82,
            "학군총점":60.254,
            "인구수":35.84,
            "인구증감":2.28,
            "인구총점":25.772,
            "일자리":18.13,
            "소득수준":54.98,
            "일자리총점":29.185,
            "가치 총점":53.9512,
            "매매실거래년":20211223.0,
            "매매실거래가":44700.0,
            "전세실거래년":20220113.0,
            "전세실거래가":27300.0,
            "전세가율":74.18,
            "장기전세가율평균":72.21,
            "전세가율거품지수":-1.97,
            "검색코드":110321,
            "세대수":728.0,
            "준공년월":"2017-11-21",
            "준공년차":6.0,
            "가까운역이름":"안심",
            "가까운역거리":370.64,
            "역세권여부":"역세권",
            "30분이내주요거점역":0,
            "30분거점역이름":"[]",
            "1시간이내주요거점역":1,
            "1시간거점역이름":"['동대구']",
            "3km이내백화점수":0,
            "5km이내아울렛몰수":1,
            "1km이내대형먀트수":1,
            "500m이내은행수":0,
            "500m이내병원수":0,
            "5km이내대형병원수":1,
            "500m이내공원수":2,
            "3km이내혐오시설수":0,
            "초등학교학업성취도":89.99,
            "중학교학업성취도":87.7,
            "용적률":226,
            "건폐율":16,
            "Y":35.867904,
            "X":128.733275,
            "rank":28.0,
            "area_info":"26평(87.3), 29평(99.05), 34평(114.56)",
            "last_sales":"2021-12-23,44700.0,34평(114.56)",
            "rank_history":[
                [
                    "202202",
                    28
                ],
                [
                    "202201",
                    36
                ]
            ],
            "rank_gap":8
        },
        {
            "index":299,
            "아파트명":"강남",
            "투자타입":"재건축",
            "전용면적(m2)":"40.78",
            "전용면적(평)":"12평",
            "법정동주소":"대구시 동구 신암동 483-3",
            "도로명주소":"대구시 동구 신성로 60",
            "세대수":50,
            "입주년차":"--",
            "용적률점수":20,
            "건폐율점수":80,
            "세대당주차수":"--",
            "난방방식":"--",
            "공급면적":50,
            "전용률":40,
            "욕실수":"--",
            "현관타입":"--",
            "주거총점":43.5,
            "지역구공급총점":0.0,
            "역세권":50,
            "30분내 이동가능 거점":0,
            "1시간내 이동가능 거점":10,
            "교통총점":27.0,
            "백화점":100,
            "아울렛몰":80,
            "대형마트":0,
            "은행":70,
            "병원":0,
            "종합병원":100,
            "공원":100,
            "혐오시설":0,
            "인프라총점":68.0,
            "초등학군":89.99,
            "중학군":55.1,
            "학군총점":62.078,
            "인구수":35.84,
            "인구증감":2.28,
            "인구총점":25.772,
            "일자리":18.13,
            "소득수준":54.98,
            "일자리총점":29.185,
            "가치 총점":53.9484,
            "매매실거래년":20220124.0,
            "매매실거래가":10500.0,
            "전세실거래년":20190126.0,
            "전세실거래가":1000.0,
            "전세가율":9.52,
            "장기전세가율평균":72.21,
            "전세가율거품지수":62.69,
            "검색코드":4930,
            "세대수":629.0,
            "준공년월":"1992-07-10",
            "준공년차":31.0,
            "가까운역이름":"신천",
            "가까운역거리":667.79,
            "역세권여부":"준역세권",
            "30분이내주요거점역":0,
            "30분거점역이름":"[]",
            "1시간이내주요거점역":1,
            "1시간거점역이름":"['동대구']",
            "3km이내백화점수":3,
            "5km이내아울렛몰수":1,
            "1km이내대형먀트수":0,
            "500m이내은행수":3,
            "500m이내병원수":0,
            "5km이내대형병원수":5,
            "500m이내공원수":2,
            "3km이내혐오시설수":0,
            "초등학교학업성취도":89.99,
            "중학교학업성취도":91.3,
            "용적률":200,
            "건폐율":25,
            "Y":35.879662,
            "X":128.613709,
            "rank":29.0,
            "area_info":"12평(40.78), 13평(45.62), 19평(64.7), 21평(70.19), 23평(78.71), 26평(87.24)",
            "last_sales":"2022-01-24,10500.0,12평(40.78)",
            "rank_history":[
                [
                    "202202",
                    29
                ],
                [
                    "202201",
                    24
                ]
            ],
            "rank_gap":-5
        },
        {
            "index":255,
            "아파트명":"안심화성타운",
            "투자타입":"재건축",
            "전용면적(m2)":"57.42",
            "전용면적(평)":"17평",
            "법정동주소":"대구시 동구 신기동 576-1",
            "도로명주소":"대구시 동구 율하동로20길 20",
            "세대수":50,
            "입주년차":"--",
            "용적률점수":100,
            "건폐율점수":80,
            "세대당주차수":"--",
            "난방방식":"--",
            "공급면적":50,
            "전용률":80,
            "욕실수":"--",
            "현관타입":"--",
            "주거총점":77.5,
            "지역구공급총점":0.0,
            "역세권":80,
            "30분내 이동가능 거점":0,
            "1시간내 이동가능 거점":10,
            "교통총점":42.0,
            "백화점":0,
            "아울렛몰":80,
            "대형마트":80,
            "은행":0,
            "병원":0,
            "종합병원":80,
            "공원":100,
            "혐오시설":0,
            "인프라총점":39.0,
            "초등학군":90.02,
            "중학군":45.72,
            "학군총점":54.58,
            "인구수":35.84,
            "인구증감":2.28,
            "인구총점":25.772,
            "일자리":18.13,
            "소득수준":54.98,
            "일자리총점":29.185,
            "가치 총점":53.749,
            "매매실거래년":20211116.0,
            "매매실거래가":21500.0,
            "전세실거래년":20220108.0,
            "전세실거래가":13000.0,
            "전세가율":65.0,
            "장기전세가율평균":72.21,
            "전세가율거품지수":7.21,
            "검색코드":4913,
            "세대수":440.0,
            "준공년월":"1990-06-23",
            "준공년차":33.0,
            "가까운역이름":"신기",
            "가까운역거리":197.94,
            "역세권여부":"역세권",
            "30분이내주요거점역":0,
            "30분거점역이름":"[]",
            "1시간이내주요거점역":1,
            "1시간거점역이름":"['동대구']",
            "3km이내백화점수":0,
            "5km이내아울렛몰수":1,
            "1km이내대형먀트수":1,
            "500m이내은행수":1,
            "500m이내병원수":0,
            "5km이내대형병원수":1,
            "500m이내공원수":9,
            "3km이내혐오시설수":0,
            "초등학교학업성취도":90.02,
            "중학교학업성취도":76.2,
            "용적률":143,
            "건폐율":29,
            "Y":35.867451,
            "X":128.703862,
            "rank":30.0,
            "area_info":"17평(57.42), 21평(70.84)",
            "last_sales":"2021-11-16,21500.0,21평(70.84)",
            "rank_history":[
                [
                    "202202",
                    30
                ],
                [
                    "202201",
                    45
                ]
            ],
            "rank_gap":15
        },
        {
            "index":583,
            "아파트명":"우방아이유쉘",
            "투자타입":"일반",
            "전용면적(m2)":"114.85",
            "전용면적(평)":"34평",
            "법정동주소":"대구시 동구 율하동 1093",
            "도로명주소":"대구시 동구 금호강변로3길 22",
            "세대수":90,
            "입주년차":60,
            "용적률점수":"--",
            "건폐율점수":"--",
            "세대당주차수":60,
            "난방방식":30,
            "공급면적":"--",
            "전용률":"--",
            "욕실수":100,
            "현관타입":100,
            "주거총점":75.5,
            "지역구공급총점":0.0,
            "역세권":80,
            "30분내 이동가능 거점":0,
            "1시간내 이동가능 거점":10,
            "교통총점":42.0,
            "백화점":0,
            "아울렛몰":80,
            "대형마트":80,
            "은행":0,
            "병원":0,
            "종합병원":80,
            "공원":100,
            "혐오시설":0,
            "인프라총점":39.0,
            "초등학군":89.99,
            "중학군":45.72,
            "학군총점":54.574,
            "인구수":35.84,
            "인구증감":2.28,
            "인구총점":25.772,
            "일자리":18.13,
            "소득수준":54.98,
            "일자리총점":29.185,
            "가치 총점":53.2472,
            "매매실거래년":20220107.0,
            "매매실거래가":38300.0,
            "전세실거래년":20211122.0,
            "전세실거래가":32000.0,
            "전세가율":77.11,
            "장기전세가율평균":72.21,
            "전세가율거품지수":-4.9,
            "검색코드":104852,
            "세대수":902.0,
            "준공년월":"2013-12-27",
            "준공년차":10.0,
            "가까운역이름":"율하",
            "가까운역거리":452.8,
            "역세권여부":"역세권",
            "30분이내주요거점역":0,
            "30분거점역이름":"[]",
            "1시간이내주요거점역":1,
            "1시간거점역이름":"['동대구']",
            "3km이내백화점수":0,
            "5km이내아울렛몰수":1,
            "1km이내대형먀트수":1,
            "500m이내은행수":0,
            "500m이내병원수":0,
            "5km이내대형병원수":1,
            "500m이내공원수":5,
            "3km이내혐오시설수":0,
            "초등학교학업성취도":89.99,
            "중학교학업성취도":76.2,
            "용적률":204,
            "건폐율":21,
            "Y":35.869049,
            "X":128.687775,
            "rank":31.0,
            "area_info":"34평(114.85), 34평(114.85), 34평(115.25), 34평(115.27), 34평(115.21), 34평(115.21)",
            "last_sales":"2022-01-07,38300.0,34평(115.21)",
            "rank_history":[
                [
                    "202202",
                    31
                ],
                [
                    "202201",
                    29
                ]
            ],
            "rank_gap":-2
        },
        {
            "index":412,
            "아파트명":"벽산e-솔렌스힐",
            "투자타입":"일반",
            "전용면적(m2)":"116.7",
            "전용면적(평)":"35평",
            "법정동주소":"대구시 동구 신천동 100",
            "도로명주소":"대구시 동구 장등로 56",
            "세대수":0,
            "입주년차":40,
            "용적률점수":"--",
            "건폐율점수":"--",
            "세대당주차수":60,
            "난방방식":30,
            "공급면적":"--",
            "전용률":"--",
            "욕실수":100,
            "현관타입":100,
            "주거총점":40.0,
            "지역구공급총점":0.0,
            "역세권":50,
            "30분내 이동가능 거점":20,
            "1시간내 이동가능 거점":10,
            "교통총점":33.0,
            "백화점":100,
            "아울렛몰":80,
            "대형마트":0,
            "은행":70,
            "병원":0,
            "종합병원":100,
            "공원":80,
            "혐오시설":0,
            "인프라총점":67.4,
            "초등학군":89.97,
            "중학군":52.42,
            "학군총점":59.93,
            "인구수":35.84,
            "인구증감":2.28,
            "인구총점":25.772,
            "일자리":18.13,
            "소득수준":54.98,
            "일자리총점":29.185,
            "가치 총점":53.149,
            "매매실거래년":20210827.0,
            "매매실거래가":45000.0,
            "전세실거래년":20220103.0,
            "전세실거래가":26000.0,
            "전세가율":60.47,
            "장기전세가율평균":72.21,
            "전세가율거품지수":11.74,
            "검색코드":19764,
            "세대수":187.0,
            "준공년월":"2007-01-23",
            "준공년차":16.0,
            "가까운역이름":"신천",
            "가까운역거리":631.38,
            "역세권여부":"준역세권",
            "30분이내주요거점역":1,
            "30분거점역이름":"['동대구']",
            "1시간이내주요거점역":1,
            "1시간거점역이름":"['동대구']",
            "3km이내백화점수":2,
            "5km이내아울렛몰수":1,
            "1km이내대형먀트수":0,
            "500m이내은행수":3,
            "500m이내병원수":0,
            "5km이내대형병원수":5,
            "500m이내공원수":1,
            "3km이내혐오시설수":0,
            "초등학교학업성취도":89.97,
            "중학교학업성취도":86.9,
            "용적률":620,
            "건폐율":69,
            "Y":35.872317,
            "X":128.624228,
            "rank":32.0,
            "area_info":"35평(116.7), 38평(127.2), 38평(127.0), 44평(146.72)",
            "last_sales":"2021-08-27,45000.0,38평(127.2)",
            "rank_history":[
                [
                    "202202",
                    32
                ],
                [
                    "202201",
                    28
                ]
            ],
            "rank_gap":-4
        },
        {
            "index":393,
            "아파트명":"동대구유성푸르나임(도시형)",
            "투자타입":"일반",
            "전용면적(m2)":"40.12",
            "전용면적(평)":"12평",
            "법정동주소":"대구시 동구 신천동 292-6",
            "도로명주소":"대구시 동구 동부로22길 48",
            "세대수":0,
            "입주년차":80,
            "용적률점수":"--",
            "건폐율점수":"--",
            "세대당주차수":0,
            "난방방식":30,
            "공급면적":"--",
            "전용률":"--",
            "욕실수":50,
            "현관타입":10,
            "주거총점":25.0,
            "지역구공급총점":0.0,
            "역세권":50,
            "30분내 이동가능 거점":20,
            "1시간내 이동가능 거점":10,
            "교통총점":33.0,
            "백화점":100,
            "아울렛몰":80,
            "대형마트":80,
            "은행":70,
            "병원":0,
            "종합병원":100,
            "공원":80,
            "혐오시설":0,
            "인프라총점":79.4,
            "초등학군":89.97,
            "중학군":52.42,
            "학군총점":59.93,
            "인구수":35.84,
            "인구증감":2.28,
            "인구총점":25.772,
            "일자리":18.13,
            "소득수준":54.98,
            "일자리총점":29.185,
            "가치 총점":52.999,
            "매매실거래년":20200908.0,
            "매매실거래가":18000.0,
            "전세실거래년":20190424.0,
            "전세실거래가":11000.0,
            "전세가율":90.91,
            "장기전세가율평균":72.21,
            "전세가율거품지수":-18.7,
            "검색코드":104643,
            "세대수":149.0,
            "준공년월":"2014-11-20",
            "준공년차":9.0,
            "가까운역이름":"동대구",
            "가까운역거리":594.57,
            "역세권여부":"준역세권",
            "30분이내주요거점역":1,
            "30분거점역이름":"['동대구']",
            "1시간이내주요거점역":1,
            "1시간거점역이름":"['동대구']",
            "3km이내백화점수":2,
            "5km이내아울렛몰수":1,
            "1km이내대형먀트수":1,
            "500m이내은행수":3,
            "500m이내병원수":0,
            "5km이내대형병원수":5,
            "500m이내공원수":1,
            "3km이내혐오시설수":0,
            "초등학교학업성취도":89.97,
            "중학교학업성취도":86.9,
            "용적률":1151,
            "건폐율":69,
            "Y":35.872341,
            "X":128.626443,
            "rank":33.0,
            "area_info":"12평(40.12), 13평(45.71), 13평(45.29), 13평(45.32), 13평(45.13), 13평(45.49), 24평(81.65), 24평(81.53)",
            "last_sales":"2020-09-08,18000.0,24평(81.53)",
            "rank_history":[
                [
                    "202202",
                    33
                ],
                [
                    "202201",
                    30
                ]
            ],
            "rank_gap":-3
        },
        {
            "index":674,
            "아파트명":"동촌강나루타운",
            "투자타입":"일반",
            "전용면적(m2)":"73.54",
            "전용면적(평)":"22평",
            "법정동주소":"대구시 동구 효목동 9",
            "도로명주소":"대구시 동구 효동로 108",
            "세대수":50,
            "입주년차":20,
            "용적률점수":"--",
            "건폐율점수":"--",
            "세대당주차수":0,
            "난방방식":30,
            "공급면적":"--",
            "전용률":"--",
            "욕실수":50,
            "현관타입":10,
            "주거총점":30.5,
            "지역구공급총점":0.0,
            "역세권":80,
            "30분내 이동가능 거점":0,
            "1시간내 이동가능 거점":10,
            "교통총점":42.0,
            "백화점":100,
            "아울렛몰":100,
            "대형마트":80,
            "은행":0,
            "병원":0,
            "종합병원":100,
            "공원":100,
            "혐오시설":0,
            "인프라총점":75.0,
            "초등학군":89.99,
            "중학군":46.44,
            "학군총점":55.15,
            "인구수":35.84,
            "인구증감":2.28,
            "인구총점":25.772,
            "일자리":18.13,
            "소득수준":54.98,
            "일자리총점":29.185,
            "가치 총점":52.97,
            "매매실거래년":20210729.0,
            "매매실거래가":18000.0,
            "전세실거래년":20220107.0,
            "전세실거래가":17500.0,
            "전세가율":97.22,
            "장기전세가율평균":72.21,
            "전세가율거품지수":-25.01,
            "검색코드":5159,
            "세대수":421.0,
            "준공년월":"2000-07-15",
            "준공년차":23.0,
            "가까운역이름":"아양교",
            "가까운역거리":289.8,
            "역세권여부":"역세권",
            "30분이내주요거점역":0,
            "30분거점역이름":"[]",
            "1시간이내주요거점역":1,
            "1시간거점역이름":"['동대구']",
            "3km이내백화점수":1,
            "5km이내아울렛몰수":3,
            "1km이내대형먀트수":1,
            "500m이내은행수":1,
            "500m이내병원수":0,
            "5km이내대형병원수":2,
            "500m이내공원수":3,
            "3km이내혐오시설수":0,
            "초등학교학업성취도":89.99,
            "중학교학업성취도":77.0,
            "용적률":216,
            "건폐율":20,
            "Y":35.886242,
            "X":128.642912,
            "rank":34.0,
            "area_info":"22평(73.54), 23평(78.41), 32평(107.0)",
            "last_sales":"2021-07-29,18000.0,22평(73.54)",
            "rank_history":[
                [
                    "202202",
                    34
                ],
                [
                    "202201",
                    74
                ]
            ],
            "rank_gap":40
        },
        {
            "index":441,
            "아파트명":"신천역까사밀라(도시형)",
            "투자타입":"일반",
            "전용면적(m2)":"31.4",
            "전용면적(평)":"9평",
            "법정동주소":"대구시 동구 신천동 538-3",
            "도로명주소":"대구시 동구 동부로 29",
            "세대수":30,
            "입주년차":80,
            "용적률점수":"--",
            "건폐율점수":"--",
            "세대당주차수":0,
            "난방방식":30,
            "공급면적":"--",
            "전용률":"--",
            "욕실수":50,
            "현관타입":10,
            "주거총점":35.5,
            "지역구공급총점":0.0,
            "역세권":80,
            "30분내 이동가능 거점":20,
            "1시간내 이동가능 거점":10,
            "교통총점":48.0,
            "백화점":100,
            "아울렛몰":80,
            "대형마트":0,
            "은행":20,
            "병원":0,
            "종합병원":100,
            "공원":100,
            "혐오시설":0,
            "인프라총점":63.0,
            "초등학군":89.99,
            "중학군":52.42,
            "학군총점":59.934,
            "인구수":35.84,
            "인구증감":2.28,
            "인구총점":25.772,
            "일자리":18.13,
            "소득수준":54.98,
            "일자리총점":29.185,
            "가치 총점":52.9552,
            "매매실거래년":20220113.0,
            "매매실거래가":8250.0,
            "전세실거래년":null,
            "전세실거래가":null,
            "전세가율":null,
            "장기전세가율평균":72.21,
            "전세가율거품지수":null,
            "검색코드":104811,
            "세대수":326.0,
            "준공년월":"2015-07-10",
            "준공년차":8.0,
            "가까운역이름":"신천",
            "가까운역거리":176.74,
            "역세권여부":"역세권",
            "30분이내주요거점역":1,
            "30분거점역이름":"['동대구']",
            "1시간이내주요거점역":1,
            "1시간거점역이름":"['동대구']",
            "3km이내백화점수":3,
            "5km이내아울렛몰수":1,
            "1km이내대형먀트수":0,
            "500m이내은행수":2,
            "500m이내병원수":0,
            "5km이내대형병원수":5,
            "500m이내공원수":3,
            "3km이내혐오시설수":0,
            "초등학교학업성취도":89.99,
            "중학교학업성취도":86.9,
            "용적률":0,
            "건폐율":0,
            "Y":35.874469,
            "X":128.615917,
            "rank":35.0,
            "area_info":"9평(31.4), 9평(32.36), 9평(32.5), 10평(35.7), 10평(35.05), 11평(37.3)",
            "last_sales":"2022-01-13,8250.0,11평(37.3)",
            "rank_history":[
                [
                    "202202",
                    35
                ],
                [
                    "202201",
                    40
                ]
            ],
            "rank_gap":5
        },
        {
            "index":387,
            "아파트명":"동대구삼환나우빌",
            "투자타입":"일반",
            "전용면적(m2)":"65.02",
            "전용면적(평)":"19평",
            "법정동주소":"대구시 동구 신천동 45-3",
            "도로명주소":"대구시 동구 동부로 81",
            "세대수":0,
            "입주년차":40,
            "용적률점수":"--",
            "건폐율점수":"--",
            "세대당주차수":60,
            "난방방식":30,
            "공급면적":"--",
            "전용률":"--",
            "욕실수":50,
            "현관타입":100,
            "주거총점":35.0,
            "지역구공급총점":0.0,
            "역세권":80,
            "30분내 이동가능 거점":20,
            "1시간내 이동가능 거점":10,
            "교통총점":48.0,
            "백화점":100,
            "아울렛몰":80,
            "대형마트":0,
            "은행":20,
            "병원":0,
            "종합병원":100,
            "공원":100,
            "혐오시설":0,
            "인프라총점":63.0,
            "초등학군":90.0,
            "중학군":52.42,
            "학군총점":59.936,
            "인구수":35.84,
            "인구증감":2.28,
            "인구총점":25.772,
            "일자리":18.13,
            "소득수준":54.98,
            "일자리총점":29.185,
            "가치 총점":52.8308,
            "매매실거래년":20201231.0,
            "매매실거래가":46400.0,
            "전세실거래년":20201205.0,
            "전세실거래가":18800.0,
            "전세가율":null,
            "장기전세가율평균":72.21,
            "전세가율거품지수":null,
            "검색코드":22956,
            "세대수":158.0,
            "준공년월":"2007-10-12",
            "준공년차":16.0,
            "가까운역이름":"신천",
            "가까운역거리":324.95,
            "역세권여부":"역세권",
            "30분이내주요거점역":1,
            "30분거점역이름":"['동대구']",
            "1시간이내주요거점역":1,
            "1시간거점역이름":"['동대구']",
            "3km이내백화점수":3,
            "5km이내아울렛몰수":1,
            "1km이내대형먀트수":0,
            "500m이내은행수":2,
            "500m이내병원수":0,
            "5km이내대형병원수":5,
            "500m이내공원수":2,
            "3km이내혐오시설수":0,
            "초등학교학업성취도":90.0,
            "중학교학업성취도":86.9,
            "용적률":606,
            "건폐율":60,
            "Y":35.875875,
            "X":128.621155,
            "rank":36.0,
            "area_info":"19평(65.02), 22평(75.22), 24평(80.29), 33평(109.2), 44평(146.21), 45평(148.93)",
            "last_sales":"2020-12-31,46400.0,45평(148.93)",
            "rank_history":[
                [
                    "202202",
                    36
                ],
                [
                    "202201",
                    42
                ]
            ],
            "rank_gap":6
        },
        {
            "index":97,
            "아파트명":"상록아이투빌",
            "투자타입":"일반",
            "전용면적(m2)":"105.51",
            "전용면적(평)":"31평",
            "법정동주소":"대구시 동구 동호동 362",
            "도로명주소":"대구시 동구 동호로 47",
            "세대수":90,
            "입주년차":40,
            "용적률점수":"--",
            "건폐율점수":"--",
            "세대당주차수":30,
            "난방방식":30,
            "공급면적":"--",
            "전용률":"--",
            "욕실수":100,
            "현관타입":100,
            "주거총점":67.0,
            "지역구공급총점":0.0,
            "역세권":80,
            "30분내 이동가능 거점":0,
            "1시간내 이동가능 거점":10,
            "교통총점":42.0,
            "백화점":0,
            "아울렛몰":80,
            "대형마트":80,
            "은행":0,
            "병원":0,
            "종합병원":80,
            "공원":100,
            "혐오시설":0,
            "인프라총점":39.0,
            "초등학군":89.97,
            "중학군":52.82,
            "학군총점":60.25,
            "인구수":35.84,
            "인구증감":2.28,
            "인구총점":25.772,
            "일자리":18.13,
            "소득수준":54.98,
            "일자리총점":29.185,
            "가치 총점":52.825,
            "매매실거래년":20220111.0,
            "매매실거래가":28700.0,
            "전세실거래년":20211202.0,
            "전세실거래가":26000.0,
            "전세가율":90.59,
            "장기전세가율평균":72.21,
            "전세가율거품지수":-18.38,
            "검색코드":25509,
            "세대수":1068.0,
            "준공년월":"2004-04-28",
            "준공년차":19.0,
            "가까운역이름":"각산",
            "가까운역거리":253.23,
            "역세권여부":"역세권",
            "30분이내주요거점역":0,
            "30분거점역이름":"[]",
            "1시간이내주요거점역":1,
            "1시간거점역이름":"['동대구']",
            "3km이내백화점수":0,
            "5km이내아울렛몰수":1,
            "1km이내대형먀트수":1,
            "500m이내은행수":0,
            "500m이내병원수":0,
            "5km이내대형병원수":1,
            "500m이내공원수":2,
            "3km이내혐오시설수":0,
            "초등학교학업성취도":89.97,
            "중학교학업성취도":87.7,
            "용적률":0,
            "건폐율":0,
            "Y":35.866332,
            "X":128.722321,
            "rank":37.0,
            "area_info":"31평(105.51)",
            "last_sales":"2022-01-11,28700.0,31평(105.51)",
            "rank_history":[
                [
                    "202202",
                    37
                ],
                [
                    "202201",
                    34
                ]
            ],
            "rank_gap":-3
        },
        {
            "index":671,
            "아파트명":"태왕아너스리버파크",
            "투자타입":"일반",
            "전용면적(m2)":"110.76",
            "전용면적(평)":"33평",
            "법정동주소":"대구시 동구 지저동 931",
            "도로명주소":"대구시 동구 공항로54길 51",
            "세대수":0,
            "입주년차":80,
            "용적률점수":"--",
            "건폐율점수":"--",
            "세대당주차수":30,
            "난방방식":30,
            "공급면적":"--",
            "전용률":"--",
            "욕실수":100,
            "현관타입":100,
            "주거총점":43.5,
            "지역구공급총점":0.0,
            "역세권":50,
            "30분내 이동가능 거점":0,
            "1시간내 이동가능 거점":10,
            "교통총점":27.0,
            "백화점":100,
            "아울렛몰":100,
            "대형마트":80,
            "은행":0,
            "병원":0,
            "종합병원":100,
            "공원":0,
            "혐오시설":-50,
            "인프라총점":71.0,
            "초등학군":89.98,
            "중학군":46.44,
            "학군총점":55.148,
            "인구수":35.84,
            "인구증감":2.28,
            "인구총점":25.772,
            "일자리":18.13,
            "소득수준":54.98,
            "일자리총점":29.185,
            "가치 총점":52.7694,
            "매매실거래년":20211221.0,
            "매매실거래가":36500.0,
            "전세실거래년":20211228.0,
            "전세실거래가":33000.0,
            "전세가율":90.41,
            "장기전세가율평균":72.21,
            "전세가율거품지수":-18.2,
            "검색코드":110120,
            "세대수":132.0,
            "준공년월":"2016-10-25",
            "준공년차":7.0,
            "가까운역이름":"아양교",
            "가까운역거리":580.62,
            "역세권여부":"준역세권",
            "30분이내주요거점역":0,
            "30분거점역이름":"[]",
            "1시간이내주요거점역":1,
            "1시간거점역이름":"['동대구']",
            "3km이내백화점수":1,
            "5km이내아울렛몰수":2,
            "1km이내대형먀트수":1,
            "500m이내은행수":0,
            "500m이내병원수":0,
            "5km이내대형병원수":2,
            "500m이내공원수":0,
            "3km이내혐오시설수":1,
            "초등학교학업성취도":89.98,
            "중학교학업성취도":77.0,
            "용적률":219,
            "건폐율":31,
            "Y":35.892423,
            "X":128.639993,
            "rank":38.0,
            "area_info":"33평(110.76)",
            "last_sales":"2021-12-21,36500.0,33평(110.76)",
            "rank_history":[
                [
                    "202202",
                    38
                ],
                [
                    "202201",
                    49
                ]
            ],
            "rank_gap":11
        },
        {
            "index":82,
            "아파트명":"안심역삼정그린코아더베스트",
            "투자타입":"일반",
            "전용면적(m2)":"79.41",
            "전용면적(평)":"24평",
            "법정동주소":"대구시 동구 괴전동 90-1번지 외 22필지",
            "도로명주소":"대구시 동구 반야월북로 355",
            "세대수":50,
            "입주년차":100,
            "용적률점수":"--",
            "건폐율점수":"--",
            "세대당주차수":30,
            "난방방식":30,
            "공급면적":"--",
            "전용률":"--",
            "욕실수":100,
            "현관타입":100,
            "주거총점":65.0,
            "지역구공급총점":0.0,
            "역세권":80,
            "30분내 이동가능 거점":0,
            "1시간내 이동가능 거점":10,
            "교통총점":42.0,
            "백화점":0,
            "아울렛몰":80,
            "대형마트":80,
            "은행":0,
            "병원":0,
            "종합병원":80,
            "공원":80,
            "혐오시설":0,
            "인프라총점":38.4,
            "초등학군":89.97,
            "중학군":52.82,
            "학군총점":60.25,
            "인구수":35.84,
            "인구증감":2.28,
            "인구총점":25.772,
            "일자리":18.13,
            "소득수준":54.98,
            "일자리총점":29.185,
            "가치 총점":52.145,
            "매매실거래년":20211229.0,
            "매매실거래가":41120.0,
            "전세실거래년":null,
            "전세실거래가":null,
            "전세가율":null,
            "장기전세가율평균":72.21,
            "전세가율거품지수":null,
            "검색코드":122757,
            "세대수":555.0,
            "준공년월":"2021-11-01",
            "준공년차":2.0,
            "가까운역이름":"안심",
            "가까운역거리":367.95,
            "역세권여부":"역세권",
            "30분이내주요거점역":0,
            "30분거점역이름":"[]",
            "1시간이내주요거점역":1,
            "1시간거점역이름":"['동대구']",
            "3km이내백화점수":0,
            "5km이내아울렛몰수":1,
            "1km이내대형먀트수":1,
            "500m이내은행수":0,
            "500m이내병원수":0,
            "5km이내대형병원수":1,
            "500m이내공원수":1,
            "3km이내혐오시설수":0,
            "초등학교학업성취도":89.97,
            "중학교학업성취도":87.7,
            "용적률":311,
            "건폐율":19,
            "Y":35.873255,
            "X":128.736983,
            "rank":39.0,
            "area_info":"24평(79.41), 23평(79.14), 24평(79.36), 33평(110.46)",
            "last_sales":"2021-12-29,41120.0,33평(110.46)",
            "rank_history":[
                [
                    "202202",
                    39
                ],
                [
                    "202201",
                    56
                ]
            ],
            "rank_gap":17
        },
        {
            "index":283,
            "아파트명":"신서퀸덤",
            "투자타입":"일반",
            "전용면적(m2)":"109.52",
            "전용면적(평)":"33평",
            "법정동주소":"대구시 동구 신서동 833",
            "도로명주소":"대구시 동구 신서로 72",
            "세대수":50,
            "입주년차":60,
            "용적률점수":"--",
            "건폐율점수":"--",
            "세대당주차수":60,
            "난방방식":30,
            "공급면적":"--",
            "전용률":"--",
            "욕실수":100,
            "현관타입":100,
            "주거총점":61.5,
            "지역구공급총점":0.0,
            "역세권":50,
            "30분내 이동가능 거점":0,
            "1시간내 이동가능 거점":0,
            "교통총점":25.0,
            "백화점":0,
            "아울렛몰":80,
            "대형마트":80,
            "은행":100,
            "병원":0,
            "종합병원":80,
            "공원":100,
            "혐오시설":0,
            "인프라총점":49.0,
            "초등학군":89.99,
            "중학군":52.82,
            "학군총점":60.254,
            "인구수":35.84,
            "인구증감":2.28,
            "인구총점":25.772,
            "일자리":18.13,
            "소득수준":54.98,
            "일자리총점":29.185,
            "가치 총점":51.9012,
            "매매실거래년":20211227.0,
            "매매실거래가":25000.0,
            "전세실거래년":20210727.0,
            "전세실거래가":19950.0,
            "전세가율":79.8,
            "장기전세가율평균":72.21,
            "전세가율거품지수":-7.59,
            "검색코드":25261,
            "세대수":419.0,
            "준공년월":"2009-06-25",
            "준공년차":14.0,
            "가까운역이름":"각산",
            "가까운역거리":744.56,
            "역세권여부":"준역세권",
            "30분이내주요거점역":0,
            "30분거점역이름":"[]",
            "1시간이내주요거점역":0,
            "1시간거점역이름":"[]",
            "3km이내백화점수":0,
            "5km이내아울렛몰수":1,
            "1km이내대형먀트수":1,
            "500m이내은행수":5,
            "500m이내병원수":0,
            "5km이내대형병원수":1,
            "500m이내공원수":2,
            "3km이내혐오시설수":0,
            "초등학교학업성취도":89.99,
            "중학교학업성취도":87.7,
            "용적률":306,
            "건폐율":18,
            "Y":35.874614,
            "X":128.725486,
            "rank":40.0,
            "area_info":"33평(109.52), 44평(146.49)",
            "last_sales":"2021-12-27,25000.0,33평(109.52)",
            "rank_history":[
                [
                    "202202",
                    40
                ],
                [
                    "202201",
                    31
                ]
            ],
            "rank_gap":-9
        },
        {
            "index":499,
            "아파트명":"현대하이페리온2단지",
            "투자타입":"일반",
            "전용면적(m2)":"157.66",
            "전용면적(평)":"47평",
            "법정동주소":"대구시 동구 신천동 143-2",
            "도로명주소":"대구시 동구 국채보상로 863",
            "세대수":0,
            "입주년차":40,
            "용적률점수":"--",
            "건폐율점수":"--",
            "세대당주차수":80,
            "난방방식":30,
            "공급면적":"--",
            "전용률":"--",
            "욕실수":100,
            "현관타입":100,
            "주거총점":43.0,
            "지역구공급총점":0.0,
            "역세권":50,
            "30분내 이동가능 거점":20,
            "1시간내 이동가능 거점":10,
            "교통총점":33.0,
            "백화점":100,
            "아울렛몰":80,
            "대형마트":0,
            "은행":20,
            "병원":0,
            "종합병원":100,
            "공원":0,
            "혐오시설":0,
            "인프라총점":60.0,
            "초등학군":89.99,
            "중학군":52.42,
            "학군총점":59.934,
            "인구수":35.84,
            "인구증감":2.28,
            "인구총점":25.772,
            "일자리":18.13,
            "소득수준":54.98,
            "일자리총점":29.185,
            "가치 총점":51.6802,
            "매매실거래년":20210709.0,
            "매매실거래가":77000.0,
            "전세실거래년":20211105.0,
            "전세실거래가":51000.0,
            "전세가율":66.23,
            "장기전세가율평균":72.21,
            "전세가율거품지수":5.98,
            "검색코드":14297,
            "세대수":102.0,
            "준공년월":"2007-04-09",
            "준공년차":16.0,
            "가까운역이름":"신천",
            "가까운역거리":986.21,
            "역세권여부":"준역세권",
            "30분이내주요거점역":1,
            "30분거점역이름":"['동대구']",
            "1시간이내주요거점역":1,
            "1시간거점역이름":"['동대구']",
            "3km이내백화점수":2,
            "5km이내아울렛몰수":1,
            "1km이내대형먀트수":0,
            "500m이내은행수":2,
            "500m이내병원수":0,
            "5km이내대형병원수":5,
            "500m이내공원수":0,
            "3km이내혐오시설수":0,
            "초등학교학업성취도":89.99,
            "중학교학업성취도":86.9,
            "용적률":541,
            "건폐율":28,
            "Y":35.867897,
            "X":128.624902,
            "rank":41.0,
            "area_info":"47평(157.66), 63평(208.29), 66평(220.32), 69평(231.14)",
            "last_sales":"2021-07-09,77000.0,47평(157.66)",
            "rank_history":[
                [
                    "202202",
                    41
                ],
                [
                    "202201",
                    35
                ]
            ],
            "rank_gap":-6
        },
        {
            "index":403,
            "아파트명":"동신우방",
            "투자타입":"일반",
            "전용면적(m2)":"85.57",
            "전용면적(평)":"25평",
            "법정동주소":"대구시 동구 신천동 633",
            "도로명주소":"대구시 동구 송라로11길 86",
            "세대수":50,
            "입주년차":0,
            "용적률점수":"--",
            "건폐율점수":"--",
            "세대당주차수":0,
            "난방방식":30,
            "공급면적":"--",
            "전용률":"--",
            "욕실수":50,
            "현관타입":10,
            "주거총점":26.5,
            "지역구공급총점":0.0,
            "역세권":80,
            "30분내 이동가능 거점":0,
            "1시간내 이동가능 거점":10,
            "교통총점":42.0,
            "백화점":100,
            "아울렛몰":80,
            "대형마트":0,
            "은행":70,
            "병원":0,
            "종합병원":100,
            "공원":100,
            "혐오시설":0,
            "인프라총점":68.0,
            "초등학군":89.97,
            "중학군":52.56,
            "학군총점":60.042,
            "인구수":35.84,
            "인구증감":2.28,
            "인구총점":25.772,
            "일자리":18.13,
            "소득수준":54.98,
            "일자리총점":29.185,
            "가치 총점":51.3376,
            "매매실거래년":20211206.0,
            "매매실거래가":21000.0,
            "전세실거래년":20220103.0,
            "전세실거래가":18000.0,
            "전세가율":85.71,
            "장기전세가율평균":72.21,
            "전세가율거품지수":-13.5,
            "검색코드":4970,
            "세대수":429.0,
            "준공년월":"1996-10-04",
            "준공년차":27.0,
            "가까운역이름":"신천",
            "가까운역거리":436.41,
            "역세권여부":"역세권",
            "30분이내주요거점역":0,
            "30분거점역이름":"[]",
            "1시간이내주요거점역":1,
            "1시간거점역이름":"['동대구']",
            "3km이내백화점수":3,
            "5km이내아울렛몰수":1,
            "1km이내대형먀트수":0,
            "500m이내은행수":3,
            "500m이내병원수":0,
            "5km이내대형병원수":5,
            "500m이내공원수":2,
            "3km이내혐오시설수":0,
            "초등학교학업성취도":89.97,
            "중학교학업성취도":87.6,
            "용적률":330,
            "건폐율":21,
            "Y":35.871808,
            "X":128.614568,
            "rank":42.0,
            "area_info":"25평(85.57), 33평(110.54)",
            "last_sales":"2021-12-06,21000.0,25평(85.57)",
            "rank_history":[
                [
                    "202202",
                    42
                ],
                [
                    "202201",
                    51
                ]
            ],
            "rank_gap":9
        },
        {
            "index":293,
            "아파트명":"영조아름다운나날2단지",
            "투자타입":"일반",
            "전용면적(m2)":"102.89",
            "전용면적(평)":"31평",
            "법정동주소":"대구시 동구 신서동 540",
            "도로명주소":"대구시 동구 동호로 88",
            "세대수":80,
            "입주년차":20,
            "용적률점수":"--",
            "건폐율점수":"--",
            "세대당주차수":30,
            "난방방식":30,
            "공급면적":"--",
            "전용률":"--",
            "욕실수":100,
            "현관타입":100,
            "주거총점":59.5,
            "지역구공급총점":0.0,
            "역세권":80,
            "30분내 이동가능 거점":0,
            "1시간내 이동가능 거점":10,
            "교통총점":42.0,
            "백화점":0,
            "아울렛몰":80,
            "대형마트":80,
            "은행":0,
            "병원":0,
            "종합병원":80,
            "공원":100,
            "혐오시설":0,
            "인프라총점":39.0,
            "초등학군":89.99,
            "중학군":52.82,
            "학군총점":60.254,
            "인구수":35.84,
            "인구증감":2.28,
            "인구총점":25.772,
            "일자리":18.13,
            "소득수준":54.98,
            "일자리총점":29.185,
            "가치 총점":50.9512,
            "매매실거래년":20211231.0,
            "매매실거래가":29070.0,
            "전세실거래년":20220111.0,
            "전세실거래가":21000.0,
            "전세가율":72.24,
            "장기전세가율평균":72.21,
            "전세가율거품지수":-0.03,
            "검색코드":11156,
            "세대수":830.0,
            "준공년월":"2003-08-28",
            "준공년차":20.0,
            "가까운역이름":"각산",
            "가까운역거리":334.87,
            "역세권여부":"역세권",
            "30분이내주요거점역":0,
            "30분거점역이름":"[]",
            "1시간이내주요거점역":1,
            "1시간거점역이름":"['동대구']",
            "3km이내백화점수":0,
            "5km이내아울렛몰수":1,
            "1km이내대형먀트수":1,
            "500m이내은행수":1,
            "500m이내병원수":0,
            "5km이내대형병원수":1,
            "500m이내공원수":4,
            "3km이내혐오시설수":0,
            "초등학교학업성취도":89.99,
            "중학교학업성취도":87.7,
            "용적률":209,
            "건폐율":18,
            "Y":35.865988,
            "X":128.727013,
            "rank":43.0,
            "area_info":"31평(102.89)",
            "last_sales":"2021-12-31,29070.0,31평(102.89)",
            "rank_history":[
                [
                    "202202",
                    43
                ],
                [
                    "202201",
                    48
                ]
            ],
            "rank_gap":5
        },
        {
            "index":493,
            "아파트명":"현대하이페리온1단지",
            "투자타입":"일반",
            "전용면적(m2)":"135.21",
            "전용면적(평)":"40평",
            "법정동주소":"대구시 동구 신천동 148-4",
            "도로명주소":"대구시 동구 국채보상로 861",
            "세대수":0,
            "입주년차":40,
            "용적률점수":"--",
            "건폐율점수":"--",
            "세대당주차수":60,
            "난방방식":30,
            "공급면적":"--",
            "전용률":"--",
            "욕실수":100,
            "현관타입":100,
            "주거총점":40.0,
            "지역구공급총점":0.0,
            "역세권":50,
            "30분내 이동가능 거점":20,
            "1시간내 이동가능 거점":10,
            "교통총점":33.0,
            "백화점":100,
            "아울렛몰":80,
            "대형마트":0,
            "은행":20,
            "병원":0,
            "종합병원":100,
            "공원":0,
            "혐오시설":0,
            "인프라총점":60.0,
            "초등학군":89.99,
            "중학군":52.42,
            "학군총점":59.934,
            "인구수":35.84,
            "인구증감":2.28,
            "인구총점":25.772,
            "일자리":18.13,
            "소득수준":54.98,
            "일자리총점":29.185,
            "가치 총점":50.9302,
            "매매실거래년":20211105.0,
            "매매실거래가":74000.0,
            "전세실거래년":20200928.0,
            "전세실거래가":47000.0,
            "전세가율":63.51,
            "장기전세가율평균":72.21,
            "전세가율거품지수":8.7,
            "검색코드":14296,
            "세대수":212.0,
            "준공년월":"2007-04-05",
            "준공년차":16.0,
            "가까운역이름":"신천",
            "가까운역거리":985.7,
            "역세권여부":"준역세권",
            "30분이내주요거점역":1,
            "30분거점역이름":"['동대구']",
            "1시간이내주요거점역":1,
            "1시간거점역이름":"['동대구']",
            "3km이내백화점수":2,
            "5km이내아울렛몰수":1,
            "1km이내대형먀트수":0,
            "500m이내은행수":2,
            "500m이내병원수":0,
            "5km이내대형병원수":5,
            "500m이내공원수":0,
            "3km이내혐오시설수":0,
            "초등학교학업성취도":89.99,
            "중학교학업성취도":86.9,
            "용적률":611,
            "건폐율":47,
            "Y":35.867888,
            "X":128.62488,
            "rank":44.0,
            "area_info":"40평(135.21), 43평(145.45), 47평(157.61), 49평(164.12), 54평(181.6), 69평(230.13)",
            "last_sales":"2021-11-05,74000.0,40평(135.21)",
            "rank_history":[
                [
                    "202202",
                    44
                ],
                [
                    "202201",
                    38
                ]
            ],
            "rank_gap":-6
        },
        {
            "index":591,
            "아파트명":"율하롯데캐슬탑클래스",
            "투자타입":"일반",
            "전용면적(m2)":"126.43",
            "전용면적(평)":"38평",
            "법정동주소":"대구시 동구 율하동 1216",
            "도로명주소":"대구시 동구 율하서로 23",
            "세대수":50,
            "입주년차":80,
            "용적률점수":"--",
            "건폐율점수":"--",
            "세대당주차수":60,
            "난방방식":30,
            "공급면적":"--",
            "전용률":"--",
            "욕실수":100,
            "현관타입":100,
            "주거총점":65.5,
            "지역구공급총점":0.0,
            "역세권":80,
            "30분내 이동가능 거점":0,
            "1시간내 이동가능 거점":10,
            "교통총점":42.0,
            "백화점":0,
            "아울렛몰":80,
            "대형마트":80,
            "은행":0,
            "병원":0,
            "종합병원":80,
            "공원":100,
            "혐오시설":0,
            "인프라총점":39.0,
            "초등학군":89.97,
            "중학군":45.72,
            "학군총점":54.57,
            "인구수":35.84,
            "인구증감":2.28,
            "인구총점":25.772,
            "일자리":18.13,
            "소득수준":54.98,
            "일자리총점":29.185,
            "가치 총점":50.746,
            "매매실거래년":20220110.0,
            "매매실거래가":55800.0,
            "전세실거래년":20220122.0,
            "전세실거래가":40000.0,
            "전세가율":70.18,
            "장기전세가율평균":72.21,
            "전세가율거품지수":2.03,
            "검색코드":107636,
            "세대수":447.0,
            "준공년월":"2015-11-26",
            "준공년차":8.0,
            "가까운역이름":"율하",
            "가까운역거리":373.07,
            "역세권여부":"역세권",
            "30분이내주요거점역":0,
            "30분거점역이름":"[]",
            "1시간이내주요거점역":1,
            "1시간거점역이름":"['동대구']",
            "3km이내백화점수":0,
            "5km이내아울렛몰수":1,
            "1km이내대형먀트수":1,
            "500m이내은행수":0,
            "500m이내병원수":0,
            "5km이내대형병원수":1,
            "500m이내공원수":10,
            "3km이내혐오시설수":0,
            "초등학교학업성취도":89.97,
            "중학교학업성취도":76.2,
            "용적률":209,
            "건폐율":22,
            "Y":35.866459,
            "X":128.693068,
            "rank":45.0,
            "area_info":"38평(126.43), 38평(126.43), 38평(127.6)",
            "last_sales":"2022-01-10,55800.0,38평(127.6)",
            "rank_history":[
                [
                    "202202",
                    45
                ],
                [
                    "202201",
                    43
                ]
            ],
            "rank_gap":-2
        },
        {
            "index":338,
            "아파트명":"신암그린타운",
            "투자타입":"일반",
            "전용면적(m2)":"77.46",
            "전용면적(평)":"23평",
            "법정동주소":"대구시 동구 신암동 461-1",
            "도로명주소":"대구시 동구 신성로 30",
            "세대수":50,
            "입주년차":20,
            "용적률점수":"--",
            "건폐율점수":"--",
            "세대당주차수":0,
            "난방방식":30,
            "공급면적":"--",
            "전용률":"--",
            "욕실수":50,
            "현관타입":10,
            "주거총점":30.5,
            "지역구공급총점":0.0,
            "역세권":50,
            "30분내 이동가능 거점":0,
            "1시간내 이동가능 거점":10,
            "교통총점":27.0,
            "백화점":100,
            "아울렛몰":80,
            "대형마트":0,
            "은행":70,
            "병원":0,
            "종합병원":100,
            "공원":80,
            "혐오시설":0,
            "인프라총점":67.4,
            "초등학군":89.99,
            "중학군":55.1,
            "학군총점":62.078,
            "인구수":35.84,
            "인구증감":2.28,
            "인구총점":25.772,
            "일자리":18.13,
            "소득수준":54.98,
            "일자리총점":29.185,
            "가치 총점":50.5184,
            "매매실거래년":20220113.0,
            "매매실거래가":23000.0,
            "전세실거래년":20210623.0,
            "전세실거래가":23500.0,
            "전세가율":102.17,
            "장기전세가율평균":72.21,
            "전세가율거품지수":-29.96,
            "검색코드":13576,
            "세대수":400.0,
            "준공년월":"2003-09-16",
            "준공년차":20.0,
            "가까운역이름":"칠성시장",
            "가까운역거리":618.26,
            "역세권여부":"준역세권",
            "30분이내주요거점역":0,
            "30분거점역이름":"[]",
            "1시간이내주요거점역":1,
            "1시간거점역이름":"['동대구']",
            "3km이내백화점수":3,
            "5km이내아울렛몰수":1,
            "1km이내대형먀트수":0,
            "500m이내은행수":3,
            "500m이내병원수":0,
            "5km이내대형병원수":5,
            "500m이내공원수":1,
            "3km이내혐오시설수":0,
            "초등학교학업성취도":89.99,
            "중학교학업성취도":91.3,
            "용적률":243,
            "건폐율":19,
            "Y":35.878394,
            "X":128.611385,
            "rank":46.0,
            "area_info":"23평(77.46), 24평(80.56), 34평(113.52)",
            "last_sales":"2022-01-13,23000.0,23평(77.46)",
            "rank_history":[
                [
                    "202202",
                    46
                ],
                [
                    "202201",
                    37
                ]
            ],
            "rank_gap":-9
        },
        {
            "index":279,
            "아파트명":"신서신일해피트리",
            "투자타입":"일반",
            "전용면적(m2)":"114.36",
            "전용면적(평)":"34평",
            "법정동주소":"대구시 동구 신서동 513-1",
            "도로명주소":"대구시 동구 반야월로 370",
            "세대수":50,
            "입주년차":40,
            "용적률점수":"--",
            "건폐율점수":"--",
            "세대당주차수":60,
            "난방방식":30,
            "공급면적":"--",
            "전용률":"--",
            "욕실수":100,
            "현관타입":100,
            "주거총점":57.5,
            "지역구공급총점":0.0,
            "역세권":80,
            "30분내 이동가능 거점":0,
            "1시간내 이동가능 거점":10,
            "교통총점":42.0,
            "백화점":0,
            "아울렛몰":80,
            "대형마트":80,
            "은행":0,
            "병원":0,
            "종합병원":80,
            "공원":100,
            "혐오시설":0,
            "인프라총점":39.0,
            "초등학군":89.99,
            "중학군":52.82,
            "학군총점":60.254,
            "인구수":35.84,
            "인구증감":2.28,
            "인구총점":25.772,
            "일자리":18.13,
            "소득수준":54.98,
            "일자리총점":29.185,
            "가치 총점":50.4512,
            "매매실거래년":20211223.0,
            "매매실거래가":30000.0,
            "전세실거래년":20220103.0,
            "전세실거래가":28000.0,
            "전세가율":93.33,
            "장기전세가율평균":72.21,
            "전세가율거품지수":-21.12,
            "검색코드":22546,
            "세대수":588.0,
            "준공년월":"2007-03-21",
            "준공년차":16.0,
            "가까운역이름":"안심",
            "가까운역거리":344.35,
            "역세권여부":"역세권",
            "30분이내주요거점역":0,
            "30분거점역이름":"[]",
            "1시간이내주요거점역":1,
            "1시간거점역이름":"['동대구']",
            "3km이내백화점수":0,
            "5km이내아울렛몰수":1,
            "1km이내대형먀트수":1,
            "500m이내은행수":1,
            "500m이내병원수":0,
            "5km이내대형병원수":1,
            "500m이내공원수":3,
            "3km이내혐오시설수":0,
            "초등학교학업성취도":89.99,
            "중학교학업성취도":87.7,
            "용적률":306,
            "건폐율":20,
            "Y":35.870882,
            "X":128.72997,
            "rank":47.0,
            "area_info":"34평(114.36), 47평(156.05)",
            "last_sales":"2021-12-23,30000.0,34평(114.36)",
            "rank_history":[
                [
                    "202202",
                    47
                ],
                [
                    "202201",
                    63
                ]
            ],
            "rank_gap":16
        },
        {
            "index":432,
            "아파트명":"신천두산위브",
            "투자타입":"일반",
            "전용면적(m2)":"112.55",
            "전용면적(평)":"34평",
            "법정동주소":"대구시 동구 신천동 850",
            "도로명주소":"대구시 동구 국채보상로 829",
            "세대수":0,
            "입주년차":40,
            "용적률점수":"--",
            "건폐율점수":"--",
            "세대당주차수":60,
            "난방방식":30,
            "공급면적":"--",
            "전용률":"--",
            "욕실수":100,
            "현관타입":100,
            "주거총점":40.0,
            "지역구공급총점":0.0,
            "역세권":50,
            "30분내 이동가능 거점":20,
            "1시간내 이동가능 거점":10,
            "교통총점":33.0,
            "백화점":100,
            "아울렛몰":80,
            "대형마트":0,
            "은행":0,
            "병원":0,
            "종합병원":100,
            "공원":0,
            "혐오시설":0,
            "인프라총점":58.0,
            "초등학군":89.97,
            "중학군":52.42,
            "학군총점":59.93,
            "인구수":35.84,
            "인구증감":2.28,
            "인구총점":25.772,
            "일자리":18.13,
            "소득수준":54.98,
            "일자리총점":29.185,
            "가치 총점":50.329,
            "매매실거래년":20210128.0,
            "매매실거래가":72500.0,
            "전세실거래년":20210122.0,
            "전세실거래가":31000.0,
            "전세가율":58.16,
            "장기전세가율평균":72.21,
            "전세가율거품지수":14.05,
            "검색코드":25892,
            "세대수":294.0,
            "준공년월":"2008-09-26",
            "준공년차":15.0,
            "가까운역이름":"신천",
            "가까운역거리":823.75,
            "역세권여부":"준역세권",
            "30분이내주요거점역":1,
            "30분거점역이름":"['동대구']",
            "1시간이내주요거점역":1,
            "1시간거점역이름":"['동대구']",
            "3km이내백화점수":3,
            "5km이내아울렛몰수":1,
            "1km이내대형먀트수":0,
            "500m이내은행수":1,
            "500m이내병원수":0,
            "5km이내대형병원수":5,
            "500m이내공원수":0,
            "3km이내혐오시설수":0,
            "초등학교학업성취도":89.97,
            "중학교학업성취도":86.9,
            "용적률":314,
            "건폐율":22,
            "Y":35.868092,
            "X":128.622025,
            "rank":48.0,
            "area_info":"34평(112.55), 34평(113.09), 45평(151.93), 47평(155.53), 48평(158.86), 48평(161.89), 56평(187.89)",
            "last_sales":"2021-01-28,72500.0,47평(155.53)",
            "rank_history":[
                [
                    "202202",
                    48
                ],
                [
                    "202201",
                    44
                ]
            ],
            "rank_gap":-4
        },
        {
            "index":274,
            "아파트명":"신서롯데캐슬레전드",
            "투자타입":"일반",
            "전용면적(m2)":"77.6",
            "전용면적(평)":"23평",
            "법정동주소":"대구시 동구 신서동 755",
            "도로명주소":"대구시 동구 안심로73길 22",
            "세대수":50,
            "입주년차":40,
            "용적률점수":"--",
            "건폐율점수":"--",
            "세대당주차수":60,
            "난방방식":30,
            "공급면적":"--",
            "전용률":"--",
            "욕실수":100,
            "현관타입":100,
            "주거총점":57.5,
            "지역구공급총점":0.0,
            "역세권":80,
            "30분내 이동가능 거점":0,
            "1시간내 이동가능 거점":10,
            "교통총점":42.0,
            "백화점":0,
            "아울렛몰":80,
            "대형마트":80,
            "은행":0,
            "병원":0,
            "종합병원":80,
            "공원":80,
            "혐오시설":0,
            "인프라총점":38.4,
            "초등학군":89.99,
            "중학군":52.82,
            "학군총점":60.254,
            "인구수":35.84,
            "인구증감":2.28,
            "인구총점":25.772,
            "일자리":18.13,
            "소득수준":54.98,
            "일자리총점":29.185,
            "가치 총점":50.2712,
            "매매실거래년":20220125.0,
            "매매실거래가":47200.0,
            "전세실거래년":20210610.0,
            "전세실거래가":11800.0,
            "전세가율":41.11,
            "장기전세가율평균":72.21,
            "전세가율거품지수":31.1,
            "검색코드":19763,
            "세대수":619.0,
            "준공년월":"2007-04-19",
            "준공년차":16.0,
            "가까운역이름":"각산",
            "가까운역거리":354.4,
            "역세권여부":"역세권",
            "30분이내주요거점역":0,
            "30분거점역이름":"[]",
            "1시간이내주요거점역":1,
            "1시간거점역이름":"['동대구']",
            "3km이내백화점수":0,
            "5km이내아울렛몰수":1,
            "1km이내대형먀트수":1,
            "500m이내은행수":1,
            "500m이내병원수":0,
            "5km이내대형병원수":1,
            "500m이내공원수":1,
            "3km이내혐오시설수":0,
            "초등학교학업성취도":89.99,
            "중학교학업성취도":87.7,
            "용적률":276,
            "건폐율":22,
            "Y":35.870926,
            "X":128.725785,
            "rank":49.0,
            "area_info":"23평(77.6), 33평(109.72), 33평(109.47), 33평(111.2), 46평(152.69)",
            "last_sales":"2022-01-25,47200.0,46평(152.69)",
            "rank_history":[
                [
                    "202202",
                    49
                ],
                [
                    "202201",
                    57
                ]
            ],
            "rank_gap":8
        },
        {
            "index":244,
            "아파트명":"모란3차",
            "투자타입":"재건축",
            "전용면적(m2)":"60.69",
            "전용면적(평)":"18평",
            "법정동주소":"대구시 동구 신기동 557",
            "도로명주소":"대구시 동구 율하동로20길 31",
            "세대수":50,
            "입주년차":"--",
            "용적률점수":100,
            "건폐율점수":80,
            "세대당주차수":"--",
            "난방방식":"--",
            "공급면적":50,
            "전용률":80,
            "욕실수":"--",
            "현관타입":"--",
            "주거총점":77.5,
            "지역구공급총점":0.0,
            "역세권":80,
            "30분내 이동가능 거점":0,
            "1시간내 이동가능 거점":10,
            "교통총점":42.0,
            "백화점":0,
            "아울렛몰":80,
            "대형마트":0,
            "은행":0,
            "병원":0,
            "종합병원":80,
            "공원":100,
            "혐오시설":0,
            "인프라총점":27.0,
            "초등학군":90.02,
            "중학군":45.72,
            "학군총점":54.58,
            "인구수":35.84,
            "인구증감":2.28,
            "인구총점":25.772,
            "일자리":18.13,
            "소득수준":54.98,
            "일자리총점":29.185,
            "가치 총점":50.149,
            "매매실거래년":20211120.0,
            "매매실거래가":18200.0,
            "전세실거래년":20211116.0,
            "전세실거래가":9500.0,
            "전세가율":52.2,
            "장기전세가율평균":72.21,
            "전세가율거품지수":20.01,
            "검색코드":4911,
            "세대수":640.0,
            "준공년월":"1988-11-28",
            "준공년차":35.0,
            "가까운역이름":"신기",
            "가까운역거리":385.71,
            "역세권여부":"역세권",
            "30분이내주요거점역":0,
            "30분거점역이름":"[]",
            "1시간이내주요거점역":1,
            "1시간거점역이름":"['동대구']",
            "3km이내백화점수":0,
            "5km이내아울렛몰수":1,
            "1km이내대형먀트수":0,
            "500m이내은행수":1,
            "500m이내병원수":0,
            "5km이내대형병원수":1,
            "500m이내공원수":6,
            "3km이내혐오시설수":0,
            "초등학교학업성취도":90.02,
            "중학교학업성취도":76.2,
            "용적률":135,
            "건폐율":29,
            "Y":35.868831,
            "X":128.705247,
            "rank":50.0,
            "area_info":"18평(60.69), 21평(70.93)",
            "last_sales":"2021-11-20,18200.0,18평(60.69)",
            "rank_history":[
                [
                    "202202",
                    50
                ],
                [
                    "202201",
                    45
                ]
            ],
            "rank_gap":-5
        },
        {
            "index":291,
            "아파트명":"영조아름다운나날1단지",
            "투자타입":"일반",
            "전용면적(m2)":"74.7",
            "전용면적(평)":"22평",
            "법정동주소":"대구시 동구 신서동 543",
            "도로명주소":"대구시 동구 안심로 402",
            "세대수":80,
            "입주년차":20,
            "용적률점수":"--",
            "건폐율점수":"--",
            "세대당주차수":30,
            "난방방식":30,
            "공급면적":"--",
            "전용률":"--",
            "욕실수":50,
            "현관타입":100,
            "주거총점":54.5,
            "지역구공급총점":0.0,
            "역세권":80,
            "30분내 이동가능 거점":0,
            "1시간내 이동가능 거점":10,
            "교통총점":42.0,
            "백화점":0,
            "아울렛몰":80,
            "대형마트":80,
            "은행":0,
            "병원":0,
            "종합병원":80,
            "공원":100,
            "혐오시설":0,
            "인프라총점":39.0,
            "초등학군":89.99,
            "중학군":52.82,
            "학군총점":60.254,
            "인구수":35.84,
            "인구증감":2.28,
            "인구총점":25.772,
            "일자리":18.13,
            "소득수준":54.98,
            "일자리총점":29.185,
            "가치 총점":49.7012,
            "매매실거래년":20220115.0,
            "매매실거래가":22000.0,
            "전세실거래년":20220119.0,
            "전세실거래가":17325.0,
            "전세가율":78.75,
            "장기전세가율평균":72.21,
            "전세가율거품지수":-6.54,
            "검색코드":11157,
            "세대수":782.0,
            "준공년월":"2003-09-26",
            "준공년차":20.0,
            "가까운역이름":"안심",
            "가까운역거리":443.15,
            "역세권여부":"역세권",
            "30분이내주요거점역":0,
            "30분거점역이름":"[]",
            "1시간이내주요거점역":1,
            "1시간거점역이름":"['동대구']",
            "3km이내백화점수":0,
            "5km이내아울렛몰수":1,
            "1km이내대형먀트수":1,
            "500m이내은행수":1,
            "500m이내병원수":0,
            "5km이내대형병원수":1,
            "500m이내공원수":3,
            "3km이내혐오시설수":0,
            "초등학교학업성취도":89.99,
            "중학교학업성취도":87.7,
            "용적률":208,
            "건폐율":18,
            "Y":35.868991,
            "X":128.729687,
            "rank":51.0,
            "area_info":"22평(74.7), 31평(102.86)",
            "last_sales":"2022-01-15,22000.0,22평(74.7)",
            "rank_history":[
                [
                    "202202",
                    51
                ],
                [
                    "202201",
                    61
                ]
            ],
            "rank_gap":10
        },
        {
            "index":294,
            "아파트명":"영조아름다운나날3단지",
            "투자타입":"일반",
            "전용면적(m2)":"103.33",
            "전용면적(평)":"31평",
            "법정동주소":"대구시 동구 신서동 561",
            "도로명주소":"대구시 동구 동호로 132",
            "세대수":90,
            "입주년차":20,
            "용적률점수":"--",
            "건폐율점수":"--",
            "세대당주차수":30,
            "난방방식":30,
            "공급면적":"--",
            "전용률":"--",
            "욕실수":100,
            "현관타입":100,
            "주거총점":63.0,
            "지역구공급총점":0.0,
            "역세권":50,
            "30분내 이동가능 거점":0,
            "1시간내 이동가능 거점":10,
            "교통총점":27.0,
            "백화점":0,
            "아울렛몰":80,
            "대형마트":80,
            "은행":0,
            "병원":0,
            "종합병원":80,
            "공원":100,
            "혐오시설":0,
            "인프라총점":39.0,
            "초등학군":89.99,
            "중학군":52.82,
            "학군총점":60.254,
            "인구수":35.84,
            "인구증감":2.28,
            "인구총점":25.772,
            "일자리":18.13,
            "소득수준":54.98,
            "일자리총점":29.185,
            "가치 총점":49.5762,
            "매매실거래년":20220101.0,
            "매매실거래가":27700.0,
            "전세실거래년":20220117.0,
            "전세실거래가":21000.0,
            "전세가율":75.81,
            "장기전세가율평균":72.21,
            "전세가율거품지수":-3.6,
            "검색코드":10362,
            "세대수":1140.0,
            "준공년월":"2003-09-19",
            "준공년차":20.0,
            "가까운역이름":"안심",
            "가까운역거리":602.25,
            "역세권여부":"준역세권",
            "30분이내주요거점역":0,
            "30분거점역이름":"[]",
            "1시간이내주요거점역":1,
            "1시간거점역이름":"['동대구']",
            "3km이내백화점수":0,
            "5km이내아울렛몰수":1,
            "1km이내대형먀트수":1,
            "500m이내은행수":1,
            "500m이내병원수":0,
            "5km이내대형병원수":1,
            "500m이내공원수":3,
            "3km이내혐오시설수":0,
            "초등학교학업성취도":89.99,
            "중학교학업성취도":87.7,
            "용적률":209,
            "건폐율":18,
            "Y":35.866132,
            "X":128.731455,
            "rank":52.0,
            "area_info":"31평(103.33)",
            "last_sales":"2022-01-01,27700.0,31평(103.33)",
            "rank_history":[
                [
                    "202202",
                    52
                ],
                [
                    "202201",
                    55
                ]
            ],
            "rank_gap":3
        },
        {
            "index":138,
            "아파트명":"방촌영남네오빌2차",
            "투자타입":"일반",
            "전용면적(m2)":"79.3",
            "전용면적(평)":"23평",
            "법정동주소":"대구시 동구 방촌동 1077-11",
            "도로명주소":"대구시 동구 동촌로42길 63",
            "세대수":0,
            "입주년차":20,
            "용적률점수":"--",
            "건폐율점수":"--",
            "세대당주차수":30,
            "난방방식":30,
            "공급면적":"--",
            "전용률":"--",
            "욕실수":50,
            "현관타입":100,
            "주거총점":26.5,
            "지역구공급총점":0.0,
            "역세권":80,
            "30분내 이동가능 거점":0,
            "1시간내 이동가능 거점":10,
            "교통총점":42.0,
            "백화점":100,
            "아울렛몰":100,
            "대형마트":80,
            "은행":20,
            "병원":0,
            "종합병원":80,
            "공원":80,
            "혐오시설":0,
            "인프라총점":72.4,
            "초등학군":90.07,
            "중학군":39.68,
            "학군총점":49.758,
            "인구수":35.84,
            "인구증감":2.28,
            "인구총점":25.772,
            "일자리":18.13,
            "소득수준":54.98,
            "일자리총점":29.185,
            "가치 총점":49.5724,
            "매매실거래년":20220111.0,
            "매매실거래가":24300.0,
            "전세실거래년":20210824.0,
            "전세실거래가":16000.0,
            "전세가율":65.84,
            "장기전세가율평균":72.21,
            "전세가율거품지수":6.37,
            "검색코드":11531,
            "세대수":230.0,
            "준공년월":"2003-06-03",
            "준공년차":20.0,
            "가까운역이름":"해안",
            "가까운역거리":495.33,
            "역세권여부":"역세권",
            "30분이내주요거점역":0,
            "30분거점역이름":"[]",
            "1시간이내주요거점역":1,
            "1시간거점역이름":"['동대구']",
            "3km이내백화점수":1,
            "5km이내아울렛몰수":2,
            "1km이내대형먀트수":1,
            "500m이내은행수":2,
            "500m이내병원수":0,
            "5km이내대형병원수":1,
            "500m이내공원수":1,
            "3km이내혐오시설수":0,
            "초등학교학업성취도":90.07,
            "중학교학업성취도":65.2,
            "용적률":178,
            "건폐율":64,
            "Y":35.879258,
            "X":128.661106,
            "rank":53.0,
            "area_info":"23평(79.3), 34평(114.12)",
            "last_sales":"2022-01-11,24300.0,23평(79.3)",
            "rank_history":[
                [
                    "202202",
                    53
                ],
                [
                    "202201",
                    47
                ]
            ],
            "rank_gap":-6
        },
        {
            "index":74,
            "아파트명":"금사리하이빌",
            "투자타입":"일반",
            "전용면적(m2)":"94.53",
            "전용면적(평)":"28평",
            "법정동주소":"대구시 동구 검사동 963-4",
            "도로명주소":"대구시 동구 해동로 254",
            "세대수":0,
            "입주년차":20,
            "용적률점수":"--",
            "건폐율점수":"--",
            "세대당주차수":30,
            "난방방식":30,
            "공급면적":"--",
            "전용률":"--",
            "욕실수":100,
            "현관타입":100,
            "주거총점":31.5,
            "지역구공급총점":0.0,
            "역세권":80,
            "30분내 이동가능 거점":0,
            "1시간내 이동가능 거점":10,
            "교통총점":42.0,
            "백화점":100,
            "아울렛몰":100,
            "대형마트":80,
            "은행":0,
            "병원":0,
            "종합병원":80,
            "공원":0,
            "혐오시설":0,
            "인프라총점":68.0,
            "초등학군":90.01,
            "중학군":39.68,
            "학군총점":49.746,
            "인구수":35.84,
            "인구증감":2.28,
            "인구총점":25.772,
            "일자리":18.13,
            "소득수준":54.98,
            "일자리총점":29.185,
            "가치 총점":49.4988,
            "매매실거래년":20211002.0,
            "매매실거래가":29300.0,
            "전세실거래년":20200704.0,
            "전세실거래가":19000.0,
            "전세가율":64.85,
            "장기전세가율평균":72.21,
            "전세가율거품지수":7.36,
            "검색코드":12747,
            "세대수":224.0,
            "준공년월":"2003-07-21",
            "준공년차":20.0,
            "가까운역이름":"해안",
            "가까운역거리":360.62,
            "역세권여부":"역세권",
            "30분이내주요거점역":0,
            "30분거점역이름":"[]",
            "1시간이내주요거점역":1,
            "1시간거점역이름":"['동대구']",
            "3km이내백화점수":1,
            "5km이내아울렛몰수":3,
            "1km이내대형먀트수":1,
            "500m이내은행수":1,
            "500m이내병원수":0,
            "5km이내대형병원수":1,
            "500m이내공원수":0,
            "3km이내혐오시설수":0,
            "초등학교학업성취도":90.01,
            "중학교학업성취도":65.2,
            "용적률":254,
            "건폐율":19,
            "Y":35.883605,
            "X":128.655616,
            "rank":54.0,
            "area_info":"28평(94.53), 32평(106.99)",
            "last_sales":"2021-10-02,29300.0,28평(94.53)",
            "rank_history":[
                [
                    "202202",
                    54
                ],
                [
                    "202201",
                    70
                ]
            ],
            "rank_gap":16
        },
        {
            "index":626,
            "아파트명":"동촌화성타운",
            "투자타입":"일반",
            "전용면적(m2)":"66.55",
            "전용면적(평)":"20평",
            "법정동주소":"대구시 동구 입석동 932-5",
            "도로명주소":"대구시 동구 동촌로6길 3",
            "세대수":0,
            "입주년차":0,
            "용적률점수":"--",
            "건폐율점수":"--",
            "세대당주차수":0,
            "난방방식":30,
            "공급면적":"--",
            "전용률":"--",
            "욕실수":50,
            "현관타입":50,
            "주거총점":13.0,
            "지역구공급총점":0.0,
            "역세권":80,
            "30분내 이동가능 거점":0,
            "1시간내 이동가능 거점":10,
            "교통총점":42.0,
            "백화점":100,
            "아울렛몰":100,
            "대형마트":100,
            "은행":0,
            "병원":0,
            "종합병원":100,
            "공원":80,
            "혐오시설":0,
            "인프라총점":77.4,
            "초등학군":89.98,
            "중학군":46.44,
            "학군총점":55.148,
            "인구수":35.84,
            "인구증감":2.28,
            "인구총점":25.772,
            "일자리":18.13,
            "소득수준":54.98,
            "일자리총점":29.185,
            "가치 총점":49.3144,
            "매매실거래년":20210518.0,
            "매매실거래가":29900.0,
            "전세실거래년":20130723.0,
            "전세실거래가":8000.0,
            "전세가율":55.17,
            "장기전세가율평균":72.21,
            "전세가율거품지수":17.04,
            "검색코드":5028,
            "세대수":184.0,
            "준공년월":"1995-05-31",
            "준공년차":28.0,
            "가까운역이름":"동촌",
            "가까운역거리":492.77,
            "역세권여부":"역세권",
            "30분이내주요거점역":0,
            "30분거점역이름":"[]",
            "1시간이내주요거점역":1,
            "1시간거점역이름":"['동대구']",
            "3km이내백화점수":1,
            "5km이내아울렛몰수":3,
            "1km이내대형먀트수":2,
            "500m이내은행수":0,
            "500m이내병원수":0,
            "5km이내대형병원수":2,
            "500m이내공원수":1,
            "3km이내혐오시설수":0,
            "초등학교학업성취도":89.98,
            "중학교학업성취도":77.0,
            "용적률":174,
            "건폐율":23,
            "Y":35.88944,
            "X":128.646726,
            "rank":55.0,
            "area_info":"20평(66.55), 23평(76.17), 23평(78.1), 32평(107.2)",
            "last_sales":"2021-05-18,29900.0,32평(107.2)",
            "rank_history":[
                [
                    "202202",
                    55
                ],
                [
                    "202201",
                    95
                ]
            ],
            "rank_gap":40
        },
        {
            "index":257,
            "아파트명":"천일맨션",
            "투자타입":"재건축",
            "전용면적(m2)":"99.18",
            "전용면적(평)":"30평",
            "법정동주소":"대구시 동구 신기동 555",
            "도로명주소":"대구시 동구 율하동로24길 14",
            "세대수":0,
            "입주년차":"--",
            "용적률점수":100,
            "건폐율점수":60,
            "세대당주차수":"--",
            "난방방식":"--",
            "공급면적":90,
            "전용률":60,
            "욕실수":"--",
            "현관타입":"--",
            "주거총점":59.5,
            "지역구공급총점":0.0,
            "역세권":80,
            "30분내 이동가능 거점":0,
            "1시간내 이동가능 거점":10,
            "교통총점":42.0,
            "백화점":0,
            "아울렛몰":80,
            "대형마트":80,
            "은행":0,
            "병원":0,
            "종합병원":80,
            "공원":100,
            "혐오시설":0,
            "인프라총점":39.0,
            "초등학군":90.02,
            "중학군":45.72,
            "학군총점":54.58,
            "인구수":35.84,
            "인구증감":2.28,
            "인구총점":25.772,
            "일자리":18.13,
            "소득수준":54.98,
            "일자리총점":29.185,
            "가치 총점":49.249,
            "매매실거래년":"18000101",
            "매매실거래가":null,
            "전세실거래년":null,
            "전세실거래가":null,
            "전세가율":null,
            "장기전세가율평균":72.21,
            "전세가율거품지수":null,
            "검색코드":10873,
            "세대수":120.0,
            "준공년월":"1990-03-27",
            "준공년차":33.0,
            "가까운역이름":"신기",
            "가까운역거리":268.09,
            "역세권여부":"역세권",
            "30분이내주요거점역":0,
            "30분거점역이름":"[]",
            "1시간이내주요거점역":1,
            "1시간거점역이름":"['동대구']",
            "3km이내백화점수":0,
            "5km이내아울렛몰수":1,
            "1km이내대형먀트수":1,
            "500m이내은행수":1,
            "500m이내병원수":0,
            "5km이내대형병원수":1,
            "500m이내공원수":8,
            "3km이내혐오시설수":0,
            "초등학교학업성취도":90.02,
            "중학교학업성취도":76.2,
            "용적률":101,
            "건폐율":34,
            "Y":35.868706,
            "X":128.703518,
            "rank":56.0,
            "area_info":"30평(99.18), 31평(104.04)",
            "last_sales":"1800-01-01,nan,30평(99.18)",
            "rank_history":[
                [
                    "202202",
                    56
                ],
                [
                    "202201",
                    60
                ]
            ],
            "rank_gap":4
        },
        {
            "index":248,
            "아파트명":"신기모란1차",
            "투자타입":"재건축",
            "전용면적(m2)":"39.66",
            "전용면적(평)":"11평",
            "법정동주소":"대구시 동구 신기동 573",
            "도로명주소":"대구시 동구 율하동로20길 40",
            "세대수":30,
            "입주년차":"--",
            "용적률점수":100,
            "건폐율점수":80,
            "세대당주차수":"--",
            "난방방식":"--",
            "공급면적":50,
            "전용률":60,
            "욕실수":"--",
            "현관타입":"--",
            "주거총점":70.5,
            "지역구공급총점":0.0,
            "역세권":80,
            "30분내 이동가능 거점":0,
            "1시간내 이동가능 거점":10,
            "교통총점":42.0,
            "백화점":0,
            "아울렛몰":80,
            "대형마트":0,
            "은행":0,
            "병원":0,
            "종합병원":80,
            "공원":100,
            "혐오시설":0,
            "인프라총점":27.0,
            "초등학군":89.99,
            "중학군":49.26,
            "학군총점":57.406,
            "인구수":35.84,
            "인구증감":2.28,
            "인구총점":25.772,
            "일자리":18.13,
            "소득수준":54.98,
            "일자리총점":29.185,
            "가치 총점":49.2468,
            "매매실거래년":20210813.0,
            "매매실거래가":10000.0,
            "전세실거래년":20211108.0,
            "전세실거래가":7000.0,
            "전세가율":70.0,
            "장기전세가율평균":72.21,
            "전세가율거품지수":2.21,
            "검색코드":4815,
            "세대수":320.0,
            "준공년월":"1987-10-26",
            "준공년차":36.0,
            "가까운역이름":"신기",
            "가까운역거리":450.92,
            "역세권여부":"역세권",
            "30분이내주요거점역":0,
            "30분거점역이름":"[]",
            "1시간이내주요거점역":1,
            "1시간거점역이름":"['동대구']",
            "3km이내백화점수":0,
            "5km이내아울렛몰수":1,
            "1km이내대형먀트수":0,
            "500m이내은행수":1,
            "500m이내병원수":0,
            "5km이내대형병원수":1,
            "500m이내공원수":5,
            "3km이내혐오시설수":0,
            "초등학교학업성취도":89.99,
            "중학교학업성취도":81.5,
            "용적률":134,
            "건폐율":29,
            "Y":35.867245,
            "X":128.70683,
            "rank":57.0,
            "area_info":"11평(39.66), 14평(49.58), 14평(49.58), 17평(59.5)",
            "last_sales":"2021-08-13,10000.0,11평(39.66)",
            "rank_history":[
                [
                    "202202",
                    57
                ],
                [
                    "202201",
                    69
                ]
            ],
            "rank_gap":12
        },
        {
            "index":461,
            "아파트명":"신천주공2차",
            "투자타입":"일반",
            "전용면적(m2)":"59.52",
            "전용면적(평)":"18평",
            "법정동주소":"대구시 동구 신천동 630",
            "도로명주소":"대구시 동구 국채보상로155길 54",
            "세대수":50,
            "입주년차":0,
            "용적률점수":"--",
            "건폐율점수":"--",
            "세대당주차수":0,
            "난방방식":30,
            "공급면적":"--",
            "전용률":"--",
            "욕실수":50,
            "현관타입":10,
            "주거총점":26.5,
            "지역구공급총점":0.0,
            "역세권":80,
            "30분내 이동가능 거점":0,
            "1시간내 이동가능 거점":10,
            "교통총점":42.0,
            "백화점":100,
            "아울렛몰":80,
            "대형마트":0,
            "은행":0,
            "병원":0,
            "종합병원":100,
            "공원":100,
            "혐오시설":0,
            "인프라총점":61.0,
            "초등학군":89.99,
            "중학군":52.56,
            "학군총점":60.046,
            "인구수":35.84,
            "인구증감":2.28,
            "인구총점":25.772,
            "일자리":18.13,
            "소득수준":54.98,
            "일자리총점":29.185,
            "가치 총점":49.2388,
            "매매실거래년":20211222.0,
            "매매실거래가":18200.0,
            "전세실거래년":20211006.0,
            "전세실거래가":14500.0,
            "전세가율":79.67,
            "장기전세가율평균":72.21,
            "전세가율거품지수":-7.46,
            "검색코드":4978,
            "세대수":609.0,
            "준공년월":"1998-09-08",
            "준공년차":25.0,
            "가까운역이름":"신천",
            "가까운역거리":433.66,
            "역세권여부":"역세권",
            "30분이내주요거점역":0,
            "30분거점역이름":"[]",
            "1시간이내주요거점역":1,
            "1시간거점역이름":"['동대구']",
            "3km이내백화점수":3,
            "5km이내아울렛몰수":1,
            "1km이내대형먀트수":0,
            "500m이내은행수":1,
            "500m이내병원수":0,
            "5km이내대형병원수":5,
            "500m이내공원수":3,
            "3km이내혐오시설수":0,
            "초등학교학업성취도":89.99,
            "중학교학업성취도":87.6,
            "용적률":270,
            "건폐율":22,
            "Y":35.873211,
            "X":128.613405,
            "rank":58.0,
            "area_info":"18평(59.52), 22평(73.89), 24평(79.92), 33평(112.32)",
            "last_sales":"2021-12-22,18200.0,18평(59.52)",
            "rank_history":[
                [
                    "202202",
                    58
                ],
                [
                    "202201",
                    71
                ]
            ],
            "rank_gap":13
        },
        {
            "index":419,
            "아파트명":"신동아맨션",
            "투자타입":"재건축",
            "전용면적(m2)":"90.24",
            "전용면적(평)":"27평",
            "법정동주소":"대구시 동구 신천동 489-1",
            "도로명주소":"대구시 동구 동부로34길 64",
            "세대수":0,
            "입주년차":"--",
            "용적률점수":0,
            "건폐율점수":0,
            "세대당주차수":"--",
            "난방방식":"--",
            "공급면적":70,
            "전용률":80,
            "욕실수":"--",
            "현관타입":"--",
            "주거총점":7.5,
            "지역구공급총점":0.0,
            "역세권":50,
            "30분내 이동가능 거점":20,
            "1시간내 이동가능 거점":10,
            "교통총점":33.0,
            "백화점":100,
            "아울렛몰":80,
            "대형마트":80,
            "은행":70,
            "병원":0,
            "종합병원":100,
            "공원":100,
            "혐오시설":0,
            "인프라총점":80.0,
            "초등학군":89.97,
            "중학군":53.36,
            "학군총점":60.682,
            "인구수":35.84,
            "인구증감":2.28,
            "인구총점":25.772,
            "일자리":18.13,
            "소득수준":54.98,
            "일자리총점":29.185,
            "가치 총점":49.0296,
            "매매실거래년":20210308.0,
            "매매실거래가":19500.0,
            "전세실거래년":20211223.0,
            "전세실거래가":15000.0,
            "전세가율":78.53,
            "장기전세가율평균":72.21,
            "전세가율거품지수":-6.32,
            "검색코드":14158,
            "세대수":110.0,
            "준공년월":"1979-08-20",
            "준공년차":44.0,
            "가까운역이름":"동대구",
            "가까운역거리":667.87,
            "역세권여부":"준역세권",
            "30분이내주요거점역":1,
            "30분거점역이름":"['동대구']",
            "1시간이내주요거점역":1,
            "1시간거점역이름":"['동대구']",
            "3km이내백화점수":1,
            "5km이내아울렛몰수":1,
            "1km이내대형먀트수":1,
            "500m이내은행수":3,
            "500m이내병원수":0,
            "5km이내대형병원수":4,
            "500m이내공원수":3,
            "3km이내혐오시설수":0,
            "초등학교학업성취도":89.97,
            "중학교학업성취도":87.4,
            "용적률":0,
            "건폐율":0,
            "Y":35.873154,
            "X":128.632961,
            "rank":59.0,
            "area_info":"27평(90.24), 27평(90.91), 27평(90.9)",
            "last_sales":"2021-03-08,19500.0,27평(90.91)",
            "rank_history":[
                [
                    "202202",
                    59
                ],
                [
                    "202201",
                    76
                ]
            ],
            "rank_gap":17
        },
        {
            "index":549,
            "아파트명":"e편한세상세계육상선수촌1단지",
            "투자타입":"일반",
            "전용면적(m2)":"123.88",
            "전용면적(평)":"37평",
            "법정동주소":"대구시 동구 율하동 1402",
            "도로명주소":"대구시 동구 율하서로 85",
            "세대수":50,
            "입주년차":60,
            "용적률점수":"--",
            "건폐율점수":"--",
            "세대당주차수":80,
            "난방방식":30,
            "공급면적":"--",
            "전용률":"--",
            "욕실수":100,
            "현관타입":100,
            "주거총점":64.5,
            "지역구공급총점":0.0,
            "역세권":50,
            "30분내 이동가능 거점":0,
            "1시간내 이동가능 거점":10,
            "교통총점":27.0,
            "백화점":0,
            "아울렛몰":80,
            "대형마트":80,
            "은행":0,
            "병원":0,
            "종합병원":80,
            "공원":100,
            "혐오시설":0,
            "인프라총점":39.0,
            "초등학군":89.97,
            "중학군":48.72,
            "학군총점":56.97,
            "인구수":35.84,
            "인구증감":2.28,
            "인구총점":25.772,
            "일자리":18.13,
            "소득수준":54.98,
            "일자리총점":29.185,
            "가치 총점":48.966,
            "매매실거래년":20210319.0,
            "매매실거래가":127000.0,
            "전세실거래년":20220126.0,
            "전세실거래가":44000.0,
            "전세가율":95.65,
            "장기전세가율평균":72.21,
            "전세가율거품지수":-23.44,
            "검색코드":102626,
            "세대수":528.0,
            "준공년월":"2011-06-03",
            "준공년차":12.0,
            "가까운역이름":"율하",
            "가까운역거리":912.98,
            "역세권여부":"준역세권",
            "30분이내주요거점역":0,
            "30분거점역이름":"[]",
            "1시간이내주요거점역":1,
            "1시간거점역이름":"['동대구']",
            "3km이내백화점수":0,
            "5km이내아울렛몰수":1,
            "1km이내대형먀트수":1,
            "500m이내은행수":0,
            "500m이내병원수":0,
            "5km이내대형병원수":1,
            "500m이내공원수":6,
            "3km이내혐오시설수":0,
            "초등학교학업성취도":89.97,
            "중학교학업성취도":80.2,
            "용적률":169,
            "건폐율":20,
            "Y":35.861787,
            "X":128.690514,
            "rank":60.0,
            "area_info":"37평(123.88), 37평(124.1), 48평(159.77), 48평(160.31), 48평(160.59), 48평(160.35), 48평(160.65), 56평(186.16), 60평(201.51)",
            "last_sales":"2021-03-19,127000.0,60평(201.51)",
            "rank_history":[
                [
                    "202202",
                    60
                ],
                [
                    "202201",
                    53
                ]
            ],
            "rank_gap":-7
        },
        {
            "index":607,
            "아파트명":"율하휴먼시아12단지",
            "투자타입":"일반",
            "전용면적(m2)":"125.34",
            "전용면적(평)":"37평",
            "법정동주소":"대구시 동구 율하동 1410",
            "도로명주소":"대구시 동구 금호강변로 315",
            "세대수":50,
            "입주년차":60,
            "용적률점수":"--",
            "건폐율점수":"--",
            "세대당주차수":80,
            "난방방식":30,
            "공급면적":"--",
            "전용률":"--",
            "욕실수":100,
            "현관타입":100,
            "주거총점":64.5,
            "지역구공급총점":0.0,
            "역세권":50,
            "30분내 이동가능 거점":0,
            "1시간내 이동가능 거점":10,
            "교통총점":27.0,
            "백화점":0,
            "아울렛몰":80,
            "대형마트":80,
            "은행":0,
            "병원":0,
            "종합병원":80,
            "공원":100,
            "혐오시설":0,
            "인프라총점":39.0,
            "초등학군":89.97,
            "중학군":48.72,
            "학군총점":56.97,
            "인구수":35.84,
            "인구증감":2.28,
            "인구총점":25.772,
            "일자리":18.13,
            "소득수준":54.98,
            "일자리총점":29.185,
            "가치 총점":48.966,
            "매매실거래년":20210109.0,
            "매매실거래가":60000.0,
            "전세실거래년":20210827.0,
            "전세실거래가":37000.0,
            "전세가율":82.22,
            "장기전세가율평균":72.21,
            "전세가율거품지수":-10.01,
            "검색코드":102482,
            "세대수":442.0,
            "준공년월":"2010-08-10",
            "준공년차":13.0,
            "가까운역이름":"신기",
            "가까운역거리":694.49,
            "역세권여부":"준역세권",
            "30분이내주요거점역":0,
            "30분거점역이름":"[]",
            "1시간이내주요거점역":1,
            "1시간거점역이름":"['동대구']",
            "3km이내백화점수":0,
            "5km이내아울렛몰수":1,
            "1km이내대형먀트수":1,
            "500m이내은행수":1,
            "500m이내병원수":0,
            "5km이내대형병원수":1,
            "500m이내공원수":8,
            "3km이내혐오시설수":0,
            "초등학교학업성취도":89.97,
            "중학교학업성취도":80.2,
            "용적률":164,
            "건폐율":17,
            "Y":35.861849,
            "X":128.697014,
            "rank":60.0,
            "area_info":"37평(125.34), 37평(125.34), 37평(125.37), 37평(125.37), 46평(154.08), 46평(154.08), 50평(165.99), 50평(165.99), 50평(166.08), 55평(184.84), 56평(185.71), 56평(185.59), 56평(185.71), 61평(204.06)",
            "last_sales":"2021-01-09,60000.0,56평(185.71)",
            "rank_history":[
                [
                    "202202",
                    60
                ],
                [
                    "202201",
                    41
                ]
            ],
            "rank_gap":-19
        },
        {
            "index":405,
            "아파트명":"동아",
            "투자타입":"재건축",
            "전용면적(m2)":"58.68",
            "전용면적(평)":"17평",
            "법정동주소":"대구시 동구 신천동 494",
            "도로명주소":"대구시 동구 화랑로11길 66",
            "세대수":0,
            "입주년차":"--",
            "용적률점수":0,
            "건폐율점수":0,
            "세대당주차수":"--",
            "난방방식":"--",
            "공급면적":50,
            "전용률":80,
            "욕실수":"--",
            "현관타입":"--",
            "주거총점":6.5,
            "지역구공급총점":0.0,
            "역세권":80,
            "30분내 이동가능 거점":20,
            "1시간내 이동가능 거점":10,
            "교통총점":48.0,
            "백화점":100,
            "아울렛몰":80,
            "대형마트":80,
            "은행":0,
            "병원":0,
            "종합병원":100,
            "공원":100,
            "혐오시설":0,
            "인프라총점":73.0,
            "초등학군":89.97,
            "중학군":53.36,
            "학군총점":60.682,
            "인구수":35.84,
            "인구증감":2.28,
            "인구총점":25.772,
            "일자리":18.13,
            "소득수준":54.98,
            "일자리총점":29.185,
            "가치 총점":48.9296,
            "매매실거래년":"18000101",
            "매매실거래가":null,
            "전세실거래년":null,
            "전세실거래가":null,
            "전세가율":null,
            "장기전세가율평균":72.21,
            "전세가율거품지수":null,
            "검색코드":11777,
            "세대수":137.0,
            "준공년월":"1977-06-30",
            "준공년차":46.0,
            "가까운역이름":"동대구",
            "가까운역거리":450.36,
            "역세권여부":"역세권",
            "30분이내주요거점역":1,
            "30분거점역이름":"['동대구']",
            "1시간이내주요거점역":1,
            "1시간거점역이름":"['동대구']",
            "3km이내백화점수":1,
            "5km이내아울렛몰수":1,
            "1km이내대형먀트수":1,
            "500m이내은행수":1,
            "500m이내병원수":0,
            "5km이내대형병원수":4,
            "500m이내공원수":2,
            "3km이내혐오시설수":0,
            "초등학교학업성취도":89.97,
            "중학교학업성취도":87.4,
            "용적률":0,
            "건폐율":0,
            "Y":35.874381,
            "X":128.631022,
            "rank":61.0,
            "area_info":"17평(58.68), 17평(58.81), 17평(59.14), 23평(78.31), 26평(86.44), 26평(86.45), 29평(99.17)",
            "last_sales":"1800-01-01,nan,17평(58.68)",
            "rank_history":[
                [
                    "202202",
                    61
                ],
                [
                    "202201",
                    93
                ]
            ],
            "rank_gap":32
        },
        {
            "index":465,
            "아파트명":"신천주공그린빌3단지",
            "투자타입":"일반",
            "전용면적(m2)":"77.11",
            "전용면적(평)":"23평",
            "법정동주소":"대구시 동구 신천동 600-5",
            "도로명주소":"대구시 동구 동부로 20",
            "세대수":0,
            "입주년차":20,
            "용적률점수":"--",
            "건폐율점수":"--",
            "세대당주차수":0,
            "난방방식":30,
            "공급면적":"--",
            "전용률":"--",
            "욕실수":50,
            "현관타입":100,
            "주거총점":22.0,
            "지역구공급총점":0.0,
            "역세권":80,
            "30분내 이동가능 거점":0,
            "1시간내 이동가능 거점":10,
            "교통총점":42.0,
            "백화점":100,
            "아울렛몰":80,
            "대형마트":0,
            "은행":20,
            "병원":0,
            "종합병원":100,
            "공원":100,
            "혐오시설":0,
            "인프라총점":63.0,
            "초등학군":89.99,
            "중학군":52.56,
            "학군총점":60.046,
            "인구수":35.84,
            "인구증감":2.28,
            "인구총점":25.772,
            "일자리":18.13,
            "소득수준":54.98,
            "일자리총점":29.185,
            "가치 총점":48.7138,
            "매매실거래년":20210418.0,
            "매매실거래가":27200.0,
            "전세실거래년":20171210.0,
            "전세실거래가":18000.0,
            "전세가율":66.18,
            "장기전세가율평균":72.21,
            "전세가율거품지수":6.03,
            "검색코드":10889,
            "세대수":174.0,
            "준공년월":"2002-10-31",
            "준공년차":21.0,
            "가까운역이름":"신천",
            "가까운역거리":365.78,
            "역세권여부":"역세권",
            "30분이내주요거점역":0,
            "30분거점역이름":"[]",
            "1시간이내주요거점역":1,
            "1시간거점역이름":"['동대구']",
            "3km이내백화점수":3,
            "5km이내아울렛몰수":1,
            "1km이내대형먀트수":0,
            "500m이내은행수":2,
            "500m이내병원수":0,
            "5km이내대형병원수":5,
            "500m이내공원수":3,
            "3km이내혐오시설수":0,
            "초등학교학업성취도":89.99,
            "중학교학업성취도":87.6,
            "용적률":243,
            "건폐율":19,
            "Y":35.873396,
            "X":128.614126,
            "rank":62.0,
            "area_info":"23평(77.11), 33평(109.64), 33평(109.26), 33평(109.64)",
            "last_sales":"2021-04-18,27200.0,23평(77.11)",
            "rank_history":[
                [
                    "202202",
                    62
                ],
                [
                    "202201",
                    79
                ]
            ],
            "rank_gap":17
        },
        {
            "index":541,
            "아파트명":"SM안아주",
            "투자타입":"일반",
            "전용면적(m2)":"85.71",
            "전용면적(평)":"25평",
            "법정동주소":"대구시 동구 율하동 1228",
            "도로명주소":"대구시 동구 안심로16길 29",
            "세대수":50,
            "입주년차":60,
            "용적률점수":"--",
            "건폐율점수":"--",
            "세대당주차수":30,
            "난방방식":30,
            "공급면적":"--",
            "전용률":"--",
            "욕실수":100,
            "현관타입":100,
            "주거총점":57.0,
            "지역구공급총점":0.0,
            "역세권":80,
            "30분내 이동가능 거점":0,
            "1시간내 이동가능 거점":10,
            "교통총점":42.0,
            "백화점":0,
            "아울렛몰":80,
            "대형마트":80,
            "은행":0,
            "병원":0,
            "종합병원":80,
            "공원":100,
            "혐오시설":0,
            "인프라총점":39.0,
            "초등학군":89.97,
            "중학군":45.72,
            "학군총점":54.57,
            "인구수":35.84,
            "인구증감":2.28,
            "인구총점":25.772,
            "일자리":18.13,
            "소득수준":54.98,
            "일자리총점":29.185,
            "가치 총점":48.621,
            "매매실거래년":20211220.0,
            "매매실거래가":32800.0,
            "전세실거래년":20211213.0,
            "전세실거래가":31000.0,
            "전세가율":94.51,
            "장기전세가율평균":72.21,
            "전세가율거품지수":-22.3,
            "검색코드":101994,
            "세대수":412.0,
            "준공년월":"2009-06-25",
            "준공년차":14.0,
            "가까운역이름":"율하",
            "가까운역거리":488.35,
            "역세권여부":"역세권",
            "30분이내주요거점역":0,
            "30분거점역이름":"[]",
            "1시간이내주요거점역":1,
            "1시간거점역이름":"['동대구']",
            "3km이내백화점수":0,
            "5km이내아울렛몰수":1,
            "1km이내대형먀트수":1,
            "500m이내은행수":1,
            "500m이내병원수":0,
            "5km이내대형병원수":1,
            "500m이내공원수":10,
            "3km이내혐오시설수":0,
            "초등학교학업성취도":89.97,
            "중학교학업성취도":76.2,
            "용적률":210,
            "건폐율":22,
            "Y":35.865631,
            "X":128.694411,
            "rank":63.0,
            "area_info":"25평(85.71), 26평(85.97), 25평(85.72), 25평(85.47), 25평(85.76), 25평(85.81), 25평(85.66), 25평(85.37)",
            "last_sales":"2021-12-20,32800.0,25평(85.71)",
            "rank_history":[
                [
                    "202202",
                    63
                ],
                [
                    "202201",
                    66
                ]
            ],
            "rank_gap":3
        },
        {
            "index":535,
            "아파트명":"율하시티프라디움",
            "투자타입":"일반",
            "전용면적(m2)":"105.8",
            "전용면적(평)":"32평",
            "법정동주소":"대구시 동구 용계동 1064",
            "도로명주소":"대구시 동구 반야월로 35",
            "세대수":50,
            "입주년차":100,
            "용적률점수":"--",
            "건폐율점수":"--",
            "세대당주차수":60,
            "난방방식":30,
            "공급면적":"--",
            "전용률":"--",
            "욕실수":100,
            "현관타입":100,
            "주거총점":69.5,
            "지역구공급총점":0.0,
            "역세권":50,
            "30분내 이동가능 거점":0,
            "1시간내 이동가능 거점":10,
            "교통총점":27.0,
            "백화점":0,
            "아울렛몰":80,
            "대형마트":80,
            "은행":0,
            "병원":0,
            "종합병원":80,
            "공원":0,
            "혐오시설":0,
            "인프라총점":36.0,
            "초등학군":89.99,
            "중학군":45.72,
            "학군총점":54.574,
            "인구수":35.84,
            "인구증감":2.28,
            "인구총점":25.772,
            "일자리":18.13,
            "소득수준":54.98,
            "일자리총점":29.185,
            "가치 총점":48.5972,
            "매매실거래년":20211130.0,
            "매매실거래가":38400.0,
            "전세실거래년":20220103.0,
            "전세실거래가":29000.0,
            "전세가율":75.52,
            "장기전세가율평균":72.21,
            "전세가율거품지수":-3.31,
            "검색코드":122164,
            "세대수":468.0,
            "준공년월":"2020-06-03",
            "준공년차":3.0,
            "가까운역이름":"율하",
            "가까운역거리":540.42,
            "역세권여부":"준역세권",
            "30분이내주요거점역":0,
            "30분거점역이름":"[]",
            "1시간이내주요거점역":1,
            "1시간거점역이름":"['동대구']",
            "3km이내백화점수":0,
            "5km이내아울렛몰수":1,
            "1km이내대형먀트수":1,
            "500m이내은행수":0,
            "500m이내병원수":0,
            "5km이내대형병원수":1,
            "500m이내공원수":0,
            "3km이내혐오시설수":0,
            "초등학교학업성취도":89.99,
            "중학교학업성취도":76.2,
            "용적률":249,
            "건폐율":30,
            "Y":35.874515,
            "X":128.69125,
            "rank":64.0,
            "area_info":"32평(105.8)",
            "last_sales":"2021-11-30,38400.0,32평(105.8)",
            "rank_history":[
                [
                    "202202",
                    64
                ],
                [
                    "202201",
                    58
                ]
            ],
            "rank_gap":-6
        },
        {
            "index":514,
            "아파트명":"효신",
            "투자타입":"재건축",
            "전용면적(m2)":"50.74",
            "전용면적(평)":"15평",
            "법정동주소":"대구시 동구 신천동 457",
            "도로명주소":"대구시 동구 동부로32길 99",
            "세대수":0,
            "입주년차":"--",
            "용적률점수":0,
            "건폐율점수":0,
            "세대당주차수":"--",
            "난방방식":"--",
            "공급면적":50,
            "전용률":80,
            "욕실수":"--",
            "현관타입":"--",
            "주거총점":6.5,
            "지역구공급총점":0.0,
            "역세권":50,
            "30분내 이동가능 거점":20,
            "1시간내 이동가능 거점":10,
            "교통총점":33.0,
            "백화점":100,
            "아울렛몰":80,
            "대형마트":80,
            "은행":70,
            "병원":0,
            "종합병원":100,
            "공원":100,
            "혐오시설":0,
            "인프라총점":80.0,
            "초등학군":89.97,
            "중학군":52.42,
            "학군총점":59.93,
            "인구수":35.84,
            "인구증감":2.28,
            "인구총점":25.772,
            "일자리":18.13,
            "소득수준":54.98,
            "일자리총점":29.185,
            "가치 총점":48.554,
            "매매실거래년":20220117.0,
            "매매실거래가":26000.0,
            "전세실거래년":null,
            "전세실거래가":null,
            "전세가율":null,
            "장기전세가율평균":72.21,
            "전세가율거품지수":null,
            "검색코드":11546,
            "세대수":120.0,
            "준공년월":"1981-01-19",
            "준공년차":42.0,
            "가까운역이름":"동대구",
            "가까운역거리":516.0,
            "역세권여부":"준역세권",
            "30분이내주요거점역":1,
            "30분거점역이름":"['동대구']",
            "1시간이내주요거점역":1,
            "1시간거점역이름":"['동대구']",
            "3km이내백화점수":1,
            "5km이내아울렛몰수":1,
            "1km이내대형먀트수":1,
            "500m이내은행수":3,
            "500m이내병원수":0,
            "5km이내대형병원수":4,
            "500m이내공원수":3,
            "3km이내혐오시설수":0,
            "초등학교학업성취도":89.97,
            "중학교학업성취도":86.9,
            "용적률":0,
            "건폐율":0,
            "Y":35.873277,
            "X":128.630138,
            "rank":65.0,
            "area_info":"15평(50.74), 16평(54.51), 18평(59.71), 18평(59.7), 19평(63.7), 19평(64.6), 19평(64.39), 21평(71.21)",
            "last_sales":"2022-01-17,26000.0,21평(71.21)",
            "rank_history":[
                [
                    "202202",
                    65
                ],
                [
                    "202201",
                    67
                ]
            ],
            "rank_gap":2
        },
        {
            "index":492,
            "아파트명":"코스모스",
            "투자타입":"재건축",
            "전용면적(m2)":"56.0",
            "전용면적(평)":"16평",
            "법정동주소":"대구시 동구 신천동 499-1",
            "도로명주소":"대구시 동구 화랑로11길 26",
            "세대수":0,
            "입주년차":"--",
            "용적률점수":0,
            "건폐율점수":0,
            "세대당주차수":"--",
            "난방방식":"--",
            "공급면적":50,
            "전용률":80,
            "욕실수":"--",
            "현관타입":"--",
            "주거총점":6.5,
            "지역구공급총점":0.0,
            "역세권":50,
            "30분내 이동가능 거점":20,
            "1시간내 이동가능 거점":10,
            "교통총점":33.0,
            "백화점":100,
            "아울렛몰":80,
            "대형마트":80,
            "은행":70,
            "병원":0,
            "종합병원":100,
            "공원":100,
            "혐오시설":0,
            "인프라총점":80.0,
            "초등학군":89.97,
            "중학군":52.42,
            "학군총점":59.93,
            "인구수":35.84,
            "인구증감":2.28,
            "인구총점":25.772,
            "일자리":18.13,
            "소득수준":54.98,
            "일자리총점":29.185,
            "가치 총점":48.554,
            "매매실거래년":20210924.0,
            "매매실거래가":21500.0,
            "전세실거래년":20220126.0,
            "전세실거래가":6500.0,
            "전세가율":30.23,
            "장기전세가율평균":72.21,
            "전세가율거품지수":41.98,
            "검색코드":16981,
            "세대수":186.0,
            "준공년월":"1981-06-30",
            "준공년차":42.0,
            "가까운역이름":"동대구",
            "가까운역거리":580.43,
            "역세권여부":"준역세권",
            "30분이내주요거점역":1,
            "30분거점역이름":"['동대구']",
            "1시간이내주요거점역":1,
            "1시간거점역이름":"['동대구']",
            "3km이내백화점수":1,
            "5km이내아울렛몰수":1,
            "1km이내대형먀트수":1,
            "500m이내은행수":3,
            "500m이내병원수":0,
            "5km이내대형병원수":4,
            "500m이내공원수":3,
            "3km이내혐오시설수":0,
            "초등학교학업성취도":89.97,
            "중학교학업성취도":86.9,
            "용적률":0,
            "건폐율":0,
            "Y":35.872851,
            "X":128.630711,
            "rank":65.0,
            "area_info":"16평(56.0)",
            "last_sales":"2021-09-24,21500.0,16평(56.0)",
            "rank_history":[
                [
                    "202202",
                    65
                ],
                [
                    "202201",
                    67
                ]
            ],
            "rank_gap":2
        },
        {
            "index":132,
            "아파트명":"방촌역세영리첼",
            "투자타입":"일반",
            "전용면적(m2)":"108.65",
            "전용면적(평)":"32평",
            "법정동주소":"대구시 동구 방촌동 1152",
            "도로명주소":"대구시 동구 동촌로 260",
            "세대수":50,
            "입주년차":100,
            "용적률점수":"--",
            "건폐율점수":"--",
            "세대당주차수":60,
            "난방방식":30,
            "공급면적":"--",
            "전용률":"--",
            "욕실수":100,
            "현관타입":100,
            "주거총점":69.5,
            "지역구공급총점":0.0,
            "역세권":80,
            "30분내 이동가능 거점":0,
            "1시간내 이동가능 거점":10,
            "교통총점":42.0,
            "백화점":0,
            "아울렛몰":100,
            "대형마트":0,
            "은행":70,
            "병원":0,
            "종합병원":80,
            "공원":0,
            "혐오시설":0,
            "인프라총점":33.0,
            "초등학군":90.07,
            "중학군":39.68,
            "학군총점":49.758,
            "인구수":35.84,
            "인구증감":2.28,
            "인구총점":25.772,
            "일자리":18.13,
            "소득수준":54.98,
            "일자리총점":29.185,
            "가치 총점":48.5024,
            "매매실거래년":"18000101",
            "매매실거래가":null,
            "전세실거래년":20210902.0,
            "전세실거래가":35500.0,
            "전세가율":null,
            "장기전세가율평균":72.21,
            "전세가율거품지수":null,
            "검색코드":125446,
            "세대수":403.0,
            "준공년월":"2021-06-01",
            "준공년차":2.0,
            "가까운역이름":"방촌",
            "가까운역거리":245.2,
            "역세권여부":"역세권",
            "30분이내주요거점역":0,
            "30분거점역이름":"[]",
            "1시간이내주요거점역":1,
            "1시간거점역이름":"['동대구']",
            "3km이내백화점수":0,
            "5km이내아울렛몰수":2,
            "1km이내대형먀트수":0,
            "500m이내은행수":3,
            "500m이내병원수":0,
            "5km이내대형병원수":1,
            "500m이내공원수":0,
            "3km이내혐오시설수":0,
            "초등학교학업성취도":90.07,
            "중학교학업성취도":65.2,
            "용적률":0,
            "건폐율":0,
            "Y":35.87967,
            "X":128.667454,
            "rank":66.0,
            "area_info":"32평(108.65), 33평(111.19), 33평(111.33)",
            "last_sales":"1800-01-01,nan,32평(108.65)",
            "rank_history":[
                [
                    "202202",
                    66
                ],
                [
                    "202201",
                    54
                ]
            ],
            "rank_gap":-12
        },
        {
            "index":252,
            "아파트명":"신기모란2차",
            "투자타입":"재건축",
            "전용면적(m2)":"49.67",
            "전용면적(평)":"15평",
            "법정동주소":"대구시 동구 신기동 576",
            "도로명주소":"대구시 동구 율하동로20길 30",
            "세대수":30,
            "입주년차":"--",
            "용적률점수":100,
            "건폐율점수":80,
            "세대당주차수":"--",
            "난방방식":"--",
            "공급면적":50,
            "전용률":60,
            "욕실수":"--",
            "현관타입":"--",
            "주거총점":70.5,
            "지역구공급총점":0.0,
            "역세권":80,
            "30분내 이동가능 거점":0,
            "1시간내 이동가능 거점":10,
            "교통총점":42.0,
            "백화점":0,
            "아울렛몰":80,
            "대형마트":0,
            "은행":0,
            "병원":0,
            "종합병원":80,
            "공원":100,
            "혐오시설":0,
            "인프라총점":27.0,
            "초등학군":90.02,
            "중학군":45.72,
            "학군총점":54.58,
            "인구수":35.84,
            "인구증감":2.28,
            "인구총점":25.772,
            "일자리":18.13,
            "소득수준":54.98,
            "일자리총점":29.185,
            "가치 총점":48.399,
            "매매실거래년":20210419.0,
            "매매실거래가":20800.0,
            "전세실거래년":20211022.0,
            "전세실거래가":9000.0,
            "전세가율":60.81,
            "장기전세가율평균":72.21,
            "전세가율거품지수":11.4,
            "검색코드":4820,
            "세대수":360.0,
            "준공년월":"1988-05-17",
            "준공년차":35.0,
            "가까운역이름":"신기",
            "가까운역거리":352.28,
            "역세권여부":"역세권",
            "30분이내주요거점역":0,
            "30분거점역이름":"[]",
            "1시간이내주요거점역":1,
            "1시간거점역이름":"['동대구']",
            "3km이내백화점수":0,
            "5km이내아울렛몰수":1,
            "1km이내대형먀트수":0,
            "500m이내은행수":1,
            "500m이내병원수":0,
            "5km이내대형병원수":1,
            "500m이내공원수":7,
            "3km이내혐오시설수":0,
            "초등학교학업성취도":90.02,
            "중학교학업성취도":76.2,
            "용적률":130,
            "건폐율":28,
            "Y":35.86734,
            "X":128.7057,
            "rank":67.0,
            "area_info":"15평(49.67), 18평(61.15), 21평(71.48)",
            "last_sales":"2021-04-19,20800.0,21평(71.48)",
            "rank_history":[
                [
                    "202202",
                    67
                ],
                [
                    "202201",
                    65
                ]
            ],
            "rank_gap":-2
        },
        {
            "index":262,
            "아파트명":"대경넥스빌",
            "투자타입":"일반",
            "전용면적(m2)":"96.6",
            "전용면적(평)":"29평",
            "법정동주소":"대구시 동구 신서동 538-2",
            "도로명주소":"대구시 동구 안심로 400",
            "세대수":50,
            "입주년차":20,
            "용적률점수":"--",
            "건폐율점수":"--",
            "세대당주차수":30,
            "난방방식":30,
            "공급면적":"--",
            "전용률":"--",
            "욕실수":100,
            "현관타입":100,
            "주거총점":49.0,
            "지역구공급총점":0.0,
            "역세권":80,
            "30분내 이동가능 거점":0,
            "1시간내 이동가능 거점":10,
            "교통총점":42.0,
            "백화점":0,
            "아울렛몰":80,
            "대형마트":80,
            "은행":0,
            "병원":0,
            "종합병원":80,
            "공원":100,
            "혐오시설":0,
            "인프라총점":39.0,
            "초등학군":89.99,
            "중학군":52.82,
            "학군총점":60.254,
            "인구수":35.84,
            "인구증감":2.28,
            "인구총점":25.772,
            "일자리":18.13,
            "소득수준":54.98,
            "일자리총점":29.185,
            "가치 총점":48.3262,
            "매매실거래년":20211216.0,
            "매매실거래가":25000.0,
            "전세실거래년":20210309.0,
            "전세실거래가":18900.0,
            "전세가율":72.69,
            "장기전세가율평균":72.21,
            "전세가율거품지수":-0.48,
            "검색코드":10264,
            "세대수":446.0,
            "준공년월":"2003-07-10",
            "준공년차":20.0,
            "가까운역이름":"각산",
            "가까운역거리":307.07,
            "역세권여부":"역세권",
            "30분이내주요거점역":0,
            "30분거점역이름":"[]",
            "1시간이내주요거점역":1,
            "1시간거점역이름":"['동대구']",
            "3km이내백화점수":0,
            "5km이내아울렛몰수":1,
            "1km이내대형먀트수":1,
            "500m이내은행수":1,
            "500m이내병원수":0,
            "5km이내대형병원수":1,
            "500m이내공원수":4,
            "3km이내혐오시설수":0,
            "초등학교학업성취도":89.99,
            "중학교학업성취도":87.7,
            "용적률":208,
            "건폐율":19,
            "Y":35.868274,
            "X":128.727632,
            "rank":68.0,
            "area_info":"29평(96.6), 32평(107.13)",
            "last_sales":"2021-12-16,25000.0,32평(107.13)",
            "rank_history":[
                [
                    "202202",
                    68
                ],
                [
                    "202201",
                    78
                ]
            ],
            "rank_gap":10
        },
        {
            "index":536,
            "아파트명":"율하역엘크루",
            "투자타입":"일반",
            "전용면적(m2)":"78.65",
            "전용면적(평)":"23평",
            "법정동주소":"대구시 동구 용계동 1060",
            "도로명주소":"대구시 동구 안심로7길 7",
            "세대수":30,
            "입주년차":80,
            "용적률점수":"--",
            "건폐율점수":"--",
            "세대당주차수":30,
            "난방방식":30,
            "공급면적":"--",
            "전용률":"--",
            "욕실수":100,
            "현관타입":100,
            "주거총점":54.0,
            "지역구공급총점":0.0,
            "역세권":80,
            "30분내 이동가능 거점":0,
            "1시간내 이동가능 거점":10,
            "교통총점":42.0,
            "백화점":0,
            "아울렛몰":80,
            "대형마트":80,
            "은행":0,
            "병원":0,
            "종합병원":80,
            "공원":80,
            "혐오시설":0,
            "인프라총점":38.4,
            "초등학군":89.99,
            "중학군":45.72,
            "학군총점":54.574,
            "인구수":35.84,
            "인구증감":2.28,
            "인구총점":25.772,
            "일자리":18.13,
            "소득수준":54.98,
            "일자리총점":29.185,
            "가치 총점":47.6922,
            "매매실거래년":20210327.0,
            "매매실거래가":33900.0,
            "전세실거래년":20220120.0,
            "전세실거래가":26000.0,
            "전세가율":99.62,
            "장기전세가율평균":72.21,
            "전세가율거품지수":-27.41,
            "검색코드":108167,
            "세대수":329.0,
            "준공년월":"2015-12-30",
            "준공년차":8.0,
            "가까운역이름":"율하",
            "가까운역거리":337.42,
            "역세권여부":"역세권",
            "30분이내주요거점역":0,
            "30분거점역이름":"[]",
            "1시간이내주요거점역":1,
            "1시간거점역이름":"['동대구']",
            "3km이내백화점수":0,
            "5km이내아울렛몰수":1,
            "1km이내대형먀트수":1,
            "500m이내은행수":0,
            "500m이내병원수":0,
            "5km이내대형병원수":1,
            "500m이내공원수":1,
            "3km이내혐오시설수":0,
            "초등학교학업성취도":89.99,
            "중학교학업성취도":76.2,
            "용적률":231,
            "건폐율":27,
            "Y":35.872444,
            "X":128.690872,
            "rank":69.0,
            "area_info":"23평(78.65), 29평(97.14), 33평(109.57)",
            "last_sales":"2021-03-27,33900.0,33평(109.57)",
            "rank_history":[
                [
                    "202202",
                    69
                ],
                [
                    "202201",
                    77
                ]
            ],
            "rank_gap":8
        },
        {
            "index":621,
            "아파트명":"율하휴먼시아9단지",
            "투자타입":"일반",
            "전용면적(m2)":"95.08",
            "전용면적(평)":"28평",
            "법정동주소":"대구시 동구 율하동 1448",
            "도로명주소":"대구시 동구 안심로22길 76",
            "세대수":30,
            "입주년차":60,
            "용적률점수":"--",
            "건폐율점수":"--",
            "세대당주차수":30,
            "난방방식":30,
            "공급면적":"--",
            "전용률":"--",
            "욕실수":100,
            "현관타입":100,
            "주거총점":50.0,
            "지역구공급총점":0.0,
            "역세권":80,
            "30분내 이동가능 거점":0,
            "1시간내 이동가능 거점":10,
            "교통총점":42.0,
            "백화점":0,
            "아울렛몰":80,
            "대형마트":80,
            "은행":0,
            "병원":0,
            "종합병원":80,
            "공원":100,
            "혐오시설":0,
            "인프라총점":39.0,
            "초등학군":89.98,
            "중학군":48.72,
            "학군총점":56.972,
            "인구수":35.84,
            "인구증감":2.28,
            "인구총점":25.772,
            "일자리":18.13,
            "소득수준":54.98,
            "일자리총점":29.185,
            "가치 총점":47.5916,
            "매매실거래년":20210916.0,
            "매매실거래가":35800.0,
            "전세실거래년":20150622.0,
            "전세실거래가":17000.0,
            "전세가율":47.49,
            "장기전세가율평균":72.21,
            "전세가율거품지수":24.72,
            "검색코드":104007,
            "세대수":332.0,
            "준공년월":"2009-02-11",
            "준공년차":14.0,
            "가까운역이름":"신기",
            "가까운역거리":484.58,
            "역세권여부":"역세권",
            "30분이내주요거점역":0,
            "30분거점역이름":"[]",
            "1시간이내주요거점역":1,
            "1시간거점역이름":"['동대구']",
            "3km이내백화점수":0,
            "5km이내아울렛몰수":1,
            "1km이내대형먀트수":1,
            "500m이내은행수":1,
            "500m이내병원수":0,
            "5km이내대형병원수":1,
            "500m이내공원수":8,
            "3km이내혐오시설수":0,
            "초등학교학업성취도":89.98,
            "중학교학업성취도":80.2,
            "용적률":150,
            "건폐율":24,
            "Y":35.862799,
            "X":128.699469,
            "rank":70.0,
            "area_info":"28평(95.08), 28평(95.44), 29평(96.94), 32평(107.98), 32평(108.36)",
            "last_sales":"2021-09-16,35800.0,28평(95.08)",
            "rank_history":[
                [
                    "202202",
                    70
                ],
                [
                    "202201",
                    82
                ]
            ],
            "rank_gap":12
        },
        {
            "index":668,
            "아파트명":"제림햇빛촌",
            "투자타입":"일반",
            "전용면적(m2)":"79.34",
            "전용면적(평)":"24평",
            "법정동주소":"대구시 동구 지저동 779-1",
            "도로명주소":"대구시 동구 공항로52길 28",
            "세대수":0,
            "입주년차":0,
            "용적률점수":"--",
            "건폐율점수":"--",
            "세대당주차수":30,
            "난방방식":30,
            "공급면적":"--",
            "전용률":"--",
            "욕실수":50,
            "현관타입":100,
            "주거총점":22.5,
            "지역구공급총점":0.0,
            "역세권":50,
            "30분내 이동가능 거점":0,
            "1시간내 이동가능 거점":10,
            "교통총점":27.0,
            "백화점":100,
            "아울렛몰":100,
            "대형마트":80,
            "은행":0,
            "병원":0,
            "종합병원":100,
            "공원":0,
            "혐오시설":-50,
            "인프라총점":71.0,
            "초등학군":89.98,
            "중학군":46.44,
            "학군총점":55.148,
            "인구수":35.84,
            "인구증감":2.28,
            "인구총점":25.772,
            "일자리":18.13,
            "소득수준":54.98,
            "일자리총점":29.185,
            "가치 총점":47.5194,
            "매매실거래년":20211212.0,
            "매매실거래가":15500.0,
            "전세실거래년":20210619.0,
            "전세실거래가":14000.0,
            "전세가율":90.32,
            "장기전세가율평균":72.21,
            "전세가율거품지수":-18.11,
            "검색코드":5153,
            "세대수":226.0,
            "준공년월":"1995-10-28",
            "준공년차":28.0,
            "가까운역이름":"아양교",
            "가까운역거리":705.95,
            "역세권여부":"준역세권",
            "30분이내주요거점역":0,
            "30분거점역이름":"[]",
            "1시간이내주요거점역":1,
            "1시간거점역이름":"['동대구']",
            "3km이내백화점수":1,
            "5km이내아울렛몰수":2,
            "1km이내대형먀트수":1,
            "500m이내은행수":0,
            "500m이내병원수":0,
            "5km이내대형병원수":2,
            "500m이내공원수":0,
            "3km이내혐오시설수":1,
            "초등학교학업성취도":89.98,
            "중학교학업성취도":77.0,
            "용적률":211,
            "건폐율":25,
            "Y":35.893475,
            "X":128.638717,
            "rank":71.0,
            "area_info":"24평(79.34), 26평(86.49), 27평(91.91)",
            "last_sales":"2021-12-12,15500.0,24평(79.34)",
            "rank_history":[
                [
                    "202202",
                    71
                ],
                [
                    "202201",
                    103
                ]
            ],
            "rank_gap":32
        },
        {
            "index":98,
            "아파트명":"강변1차",
            "투자타입":"재건축",
            "전용면적(m2)":"72.96",
            "전용면적(평)":"22평",
            "법정동주소":"대구시 동구 방촌동 1102-2",
            "도로명주소":"대구시 동구 동촌로54길 13",
            "세대수":50,
            "입주년차":"--",
            "용적률점수":100,
            "건폐율점수":20,
            "세대당주차수":"--",
            "난방방식":"--",
            "공급면적":50,
            "전용률":80,
            "욕실수":"--",
            "현관타입":"--",
            "주거총점":65.5,
            "지역구공급총점":0.0,
            "역세권":80,
            "30분내 이동가능 거점":0,
            "1시간내 이동가능 거점":10,
            "교통총점":42.0,
            "백화점":0,
            "아울렛몰":100,
            "대형마트":0,
            "은행":70,
            "병원":0,
            "종합병원":80,
            "공원":0,
            "혐오시설":0,
            "인프라총점":33.0,
            "초등학군":90.01,
            "중학군":39.68,
            "학군총점":49.746,
            "인구수":35.84,
            "인구증감":2.28,
            "인구총점":25.772,
            "일자리":18.13,
            "소득수준":54.98,
            "일자리총점":29.185,
            "가치 총점":47.4988,
            "매매실거래년":20210525.0,
            "매매실거래가":28900.0,
            "전세실거래년":20210925.0,
            "전세실거래가":9000.0,
            "전세가율":45.45,
            "장기전세가율평균":72.21,
            "전세가율거품지수":26.76,
            "검색코드":4766,
            "세대수":477.0,
            "준공년월":"1989-04-19",
            "준공년차":34.0,
            "가까운역이름":"방촌",
            "가까운역거리":243.95,
            "역세권여부":"역세권",
            "30분이내주요거점역":0,
            "30분거점역이름":"[]",
            "1시간이내주요거점역":1,
            "1시간거점역이름":"['동대구']",
            "3km이내백화점수":0,
            "5km이내아울렛몰수":2,
            "1km이내대형먀트수":0,
            "500m이내은행수":3,
            "500m이내병원수":0,
            "5km이내대형병원수":1,
            "500m이내공원수":0,
            "3km이내혐오시설수":0,
            "초등학교학업성취도":90.01,
            "중학교학업성취도":65.2,
            "용적률":148,
            "건폐율":43,
            "Y":35.878707,
            "X":128.667725,
            "rank":72.0,
            "area_info":"22평(72.96), 24평(81.22), 28평(94.4), 31평(103.14)",
            "last_sales":"2021-05-25,28900.0,31평(103.14)",
            "rank_history":[
                [
                    "202202",
                    72
                ],
                [
                    "202201",
                    64
                ]
            ],
            "rank_gap":-8
        },
        {
            "index":8,
            "아파트명":"각산태영데시앙",
            "투자타입":"일반",
            "전용면적(m2)":"119.26",
            "전용면적(평)":"36평",
            "법정동주소":"대구시 동구 각산동 905",
            "도로명주소":"대구시 동구 반야월북로 123",
            "세대수":80,
            "입주년차":60,
            "용적률점수":"--",
            "건폐율점수":"--",
            "세대당주차수":60,
            "난방방식":30,
            "공급면적":"--",
            "전용률":"--",
            "욕실수":100,
            "현관타입":100,
            "주거총점":72.0,
            "지역구공급총점":0.0,
            "역세권":50,
            "30분내 이동가능 거점":0,
            "1시간내 이동가능 거점":10,
            "교통총점":27.0,
            "백화점":0,
            "아울렛몰":80,
            "대형마트":0,
            "은행":0,
            "병원":0,
            "종합병원":80,
            "공원":100,
            "혐오시설":0,
            "인프라총점":27.0,
            "초등학군":89.99,
            "중학군":49.26,
            "학군총점":57.406,
            "인구수":35.84,
            "인구증감":2.28,
            "인구총점":25.772,
            "일자리":18.13,
            "소득수준":54.98,
            "일자리총점":29.185,
            "가치 총점":47.3718,
            "매매실거래년":20210831.0,
            "매매실거래가":48670.0,
            "전세실거래년":null,
            "전세실거래가":null,
            "전세가율":null,
            "장기전세가율평균":72.21,
            "전세가율거품지수":null,
            "검색코드":25921,
            "세대수":839.0,
            "준공년월":"2009-10-01",
            "준공년차":14.0,
            "가까운역이름":"반야월",
            "가까운역거리":984.49,
            "역세권여부":"준역세권",
            "30분이내주요거점역":0,
            "30분거점역이름":"[]",
            "1시간이내주요거점역":1,
            "1시간거점역이름":"['동대구']",
            "3km이내백화점수":0,
            "5km이내아울렛몰수":1,
            "1km이내대형먀트수":0,
            "500m이내은행수":1,
            "500m이내병원수":0,
            "5km이내대형병원수":1,
            "500m이내공원수":2,
            "3km이내혐오시설수":0,
            "초등학교학업성취도":89.99,
            "중학교학업성취도":81.5,
            "용적률":277,
            "건폐율":48,
            "Y":35.874583,
            "X":128.711089,
            "rank":73.0,
            "area_info":"36평(119.26), 36평(120.76), 48평(160.63), 49평(165.17), 49평(165.25), 54평(181.63)",
            "last_sales":"2021-08-31,48670.0,54평(181.63)",
            "rank_history":[
                [
                    "202202",
                    73
                ],
                [
                    "202201",
                    59
                ]
            ],
            "rank_gap":-14
        },
        {
            "index":87,
            "아파트명":"안심역우방아이유쉘",
            "투자타입":"일반",
            "전용면적(m2)":"108.61",
            "전용면적(평)":"32평",
            "법정동주소":"대구시 동구 괴전동 652",
            "도로명주소":"대구시 동구 금강로21길 10",
            "세대수":30,
            "입주년차":80,
            "용적률점수":"--",
            "건폐율점수":"--",
            "세대당주차수":30,
            "난방방식":30,
            "공급면적":"--",
            "전용률":"--",
            "욕실수":100,
            "현관타입":100,
            "주거총점":54.0,
            "지역구공급총점":0.0,
            "역세권":50,
            "30분내 이동가능 거점":0,
            "1시간내 이동가능 거점":10,
            "교통총점":27.0,
            "백화점":0,
            "아울렛몰":80,
            "대형마트":80,
            "은행":0,
            "병원":0,
            "종합병원":80,
            "공원":100,
            "혐오시설":0,
            "인프라총점":39.0,
            "초등학군":89.99,
            "중학군":52.82,
            "학군총점":60.254,
            "인구수":35.84,
            "인구증감":2.28,
            "인구총점":25.772,
            "일자리":18.13,
            "소득수준":54.98,
            "일자리총점":29.185,
            "가치 총점":47.3262,
            "매매실거래년":20211013.0,
            "매매실거래가":40000.0,
            "전세실거래년":20211228.0,
            "전세실거래가":34000.0,
            "전세가율":79.07,
            "장기전세가율평균":72.21,
            "전세가율거품지수":-6.86,
            "검색코드":108284,
            "세대수":351.0,
            "준공년월":"2016-05-19",
            "준공년차":7.0,
            "가까운역이름":"안심",
            "가까운역거리":607.63,
            "역세권여부":"준역세권",
            "30분이내주요거점역":0,
            "30분거점역이름":"[]",
            "1시간이내주요거점역":1,
            "1시간거점역이름":"['동대구']",
            "3km이내백화점수":0,
            "5km이내아울렛몰수":1,
            "1km이내대형먀트수":1,
            "500m이내은행수":0,
            "500m이내병원수":0,
            "5km이내대형병원수":1,
            "500m이내공원수":3,
            "3km이내혐오시설수":0,
            "초등학교학업성취도":89.99,
            "중학교학업성취도":87.7,
            "용적률":193,
            "건폐율":19,
            "Y":35.865751,
            "X":128.733975,
            "rank":74.0,
            "area_info":"32평(108.61), 33평(111.61), 33평(112.28)",
            "last_sales":"2021-10-13,40000.0,33평(112.28)",
            "rank_history":[
                [
                    "202202",
                    74
                ],
                [
                    "202201",
                    83
                ]
            ],
            "rank_gap":9
        },
        {
            "index":401,
            "아파트명":"동부광명",
            "투자타입":"재건축",
            "전용면적(m2)":"60.49",
            "전용면적(평)":"18평",
            "법정동주소":"대구시 동구 신천동 492",
            "도로명주소":"대구시 동구 화랑로11길 78",
            "세대수":0,
            "입주년차":"--",
            "용적률점수":0,
            "건폐율점수":0,
            "세대당주차수":"--",
            "난방방식":"--",
            "공급면적":50,
            "전용률":80,
            "욕실수":"--",
            "현관타입":"--",
            "주거총점":6.5,
            "지역구공급총점":0.0,
            "역세권":50,
            "30분내 이동가능 거점":20,
            "1시간내 이동가능 거점":10,
            "교통총점":33.0,
            "백화점":100,
            "아울렛몰":80,
            "대형마트":80,
            "은행":20,
            "병원":0,
            "종합병원":100,
            "공원":100,
            "혐오시설":0,
            "인프라총점":75.0,
            "초등학군":89.97,
            "중학군":53.36,
            "학군총점":60.682,
            "인구수":35.84,
            "인구증감":2.28,
            "인구총점":25.772,
            "일자리":18.13,
            "소득수준":54.98,
            "일자리총점":29.185,
            "가치 총점":47.2796,
            "매매실거래년":20211228.0,
            "매매실거래가":24800.0,
            "전세실거래년":20210924.0,
            "전세실거래가":10000.0,
            "전세가율":33.33,
            "장기전세가율평균":72.21,
            "전세가율거품지수":38.88,
            "검색코드":4996,
            "세대수":200.0,
            "준공년월":"1980-12-26",
            "준공년차":43.0,
            "가까운역이름":"동대구",
            "가까운역거리":508.81,
            "역세권여부":"준역세권",
            "30분이내주요거점역":1,
            "30분거점역이름":"['동대구']",
            "1시간이내주요거점역":1,
            "1시간거점역이름":"['동대구']",
            "3km이내백화점수":1,
            "5km이내아울렛몰수":1,
            "1km이내대형먀트수":1,
            "500m이내은행수":2,
            "500m이내병원수":0,
            "5km이내대형병원수":4,
            "500m이내공원수":2,
            "3km이내혐오시설수":0,
            "초등학교학업성취도":89.97,
            "중학교학업성취도":87.4,
            "용적률":0,
            "건폐율":0,
            "Y":35.874099,
            "X":128.631618,
            "rank":75.0,
            "area_info":"18평(60.49), 19평(65.15)",
            "last_sales":"2021-12-28,24800.0,19평(65.15)",
            "rank_history":[
                [
                    "202202",
                    75
                ],
                [
                    "202201",
                    86
                ]
            ],
            "rank_gap":11
        },
        {
            "index":324,
            "아파트명":"동서타운2차",
            "투자타입":"재건축",
            "전용면적(m2)":"51.65",
            "전용면적(평)":"15평",
            "법정동주소":"대구시 동구 신암동 31",
            "도로명주소":"대구시 동구 아양로39길 20",
            "세대수":0,
            "입주년차":"--",
            "용적률점수":0,
            "건폐율점수":0,
            "세대당주차수":"--",
            "난방방식":"--",
            "공급면적":50,
            "전용률":100,
            "욕실수":"--",
            "현관타입":"--",
            "주거총점":7.5,
            "지역구공급총점":0.0,
            "역세권":80,
            "30분내 이동가능 거점":0,
            "1시간내 이동가능 거점":10,
            "교통총점":42.0,
            "백화점":100,
            "아울렛몰":100,
            "대형마트":80,
            "은행":0,
            "병원":0,
            "종합병원":100,
            "공원":100,
            "혐오시설":0,
            "인프라총점":75.0,
            "초등학군":89.97,
            "중학군":46.44,
            "학군총점":55.146,
            "인구수":35.84,
            "인구증감":2.28,
            "인구총점":25.772,
            "일자리":18.13,
            "소득수준":54.98,
            "일자리총점":29.185,
            "가치 총점":47.2188,
            "매매실거래년":20220121.0,
            "매매실거래가":10000.0,
            "전세실거래년":20210531.0,
            "전세실거래가":8500.0,
            "전세가율":85.0,
            "장기전세가율평균":72.21,
            "전세가율거품지수":-12.79,
            "검색코드":16978,
            "세대수":130.0,
            "준공년월":"1985-10-07",
            "준공년차":38.0,
            "가까운역이름":"아양교",
            "가까운역거리":442.32,
            "역세권여부":"역세권",
            "30분이내주요거점역":0,
            "30분거점역이름":"[]",
            "1시간이내주요거점역":1,
            "1시간거점역이름":"['동대구']",
            "3km이내백화점수":1,
            "5km이내아울렛몰수":2,
            "1km이내대형먀트수":1,
            "500m이내은행수":1,
            "500m이내병원수":0,
            "5km이내대형병원수":3,
            "500m이내공원수":3,
            "3km이내혐오시설수":0,
            "초등학교학업성취도":89.97,
            "중학교학업성취도":77.0,
            "용적률":0,
            "건폐율":0,
            "Y":35.887942,
            "X":128.635097,
            "rank":76.0,
            "area_info":"15평(51.65), 16평(53.09), 19평(65.06), 20평(67.59), 20평(68.39), 25평(84.78)",
            "last_sales":"2022-01-21,10000.0,15평(51.65)",
            "rank_history":[
                [
                    "202202",
                    76
                ],
                [
                    "202201",
                    111
                ]
            ],
            "rank_gap":35
        },
        {
            "index":190,
            "아파트명":"이시아폴리스더샵3차",
            "투자타입":"일반",
            "전용면적(m2)":"86.37",
            "전용면적(평)":"26평",
            "법정동주소":"대구시 동구 봉무동 1530",
            "도로명주소":"대구시 동구 팔공로51길 10",
            "세대수":100,
            "입주년차":60,
            "용적률점수":"--",
            "건폐율점수":"--",
            "세대당주차수":60,
            "난방방식":30,
            "공급면적":"--",
            "전용률":"--",
            "욕실수":100,
            "현관타입":100,
            "주거총점":79.0,
            "지역구공급총점":0.0,
            "역세권":0,
            "30분내 이동가능 거점":0,
            "1시간내 이동가능 거점":10,
            "교통총점":2.0,
            "백화점":0,
            "아울렛몰":80,
            "대형마트":0,
            "은행":0,
            "병원":0,
            "종합병원":80,
            "공원":100,
            "혐오시설":0,
            "인프라총점":27.0,
            "초등학군":90.0,
            "중학군":56.48,
            "학군총점":63.184,
            "인구수":35.84,
            "인구증감":2.28,
            "인구총점":25.772,
            "일자리":18.13,
            "소득수준":54.98,
            "일자리총점":29.185,
            "가치 총점":47.1052,
            "매매실거래년":20211110.0,
            "매매실거래가":43000.0,
            "전세실거래년":20220122.0,
            "전세실거래가":27500.0,
            "전세가율":70.51,
            "장기전세가율평균":72.21,
            "전세가율거품지수":1.7,
            "검색코드":104052,
            "세대수":1686.0,
            "준공년월":"2013-12-24",
            "준공년차":10.0,
            "가까운역이름":"아양교",
            "가까운역거리":4159.4,
            "역세권여부":"비역세권",
            "30분이내주요거점역":0,
            "30분거점역이름":"[]",
            "1시간이내주요거점역":1,
            "1시간거점역이름":"['동대구']",
            "3km이내백화점수":0,
            "5km이내아울렛몰수":1,
            "1km이내대형먀트수":0,
            "500m이내은행수":0,
            "500m이내병원수":0,
            "5km이내대형병원수":1,
            "500m이내공원수":4,
            "3km이내혐오시설수":0,
            "초등학교학업성취도":90.0,
            "중학교학업성취도":93.2,
            "용적률":218,
            "건폐율":19,
            "Y":35.92459,
            "X":128.63849,
            "rank":77.0,
            "area_info":"26평(86.37), 33평(110.94), 33평(111.1), 33평(111.34), 38평(127.24), 44평(145.49), 43평(145.28), 45평(150.88), 46평(154.47), 48평(159.12), 52평(172.03), 58평(193.06)",
            "last_sales":"2021-11-10,43000.0,33평(111.1)",
            "rank_history":[
                [
                    "202202",
                    77
                ],
                [
                    "202201",
                    32
                ]
            ],
            "rank_gap":-45
        },
        {
            "index":600,
            "아파트명":"율하휴먼시아11단지",
            "투자타입":"일반",
            "전용면적(m2)":"94.97",
            "전용면적(평)":"28평",
            "법정동주소":"대구시 동구 율하동 1412",
            "도로명주소":"대구시 동구 율하동로 19",
            "세대수":50,
            "입주년차":60,
            "용적률점수":"--",
            "건폐율점수":"--",
            "세대당주차수":30,
            "난방방식":30,
            "공급면적":"--",
            "전용률":"--",
            "욕실수":100,
            "현관타입":100,
            "주거총점":57.0,
            "지역구공급총점":0.0,
            "역세권":50,
            "30분내 이동가능 거점":0,
            "1시간내 이동가능 거점":10,
            "교통총점":27.0,
            "백화점":0,
            "아울렛몰":80,
            "대형마트":80,
            "은행":0,
            "병원":0,
            "종합병원":80,
            "공원":100,
            "혐오시설":0,
            "인프라총점":39.0,
            "초등학군":89.98,
            "중학군":48.72,
            "학군총점":56.972,
            "인구수":35.84,
            "인구증감":2.28,
            "인구총점":25.772,
            "일자리":18.13,
            "소득수준":54.98,
            "일자리총점":29.185,
            "가치 총점":47.0916,
            "매매실거래년":20211015.0,
            "매매실거래가":35500.0,
            "전세실거래년":20210823.0,
            "전세실거래가":22000.0,
            "전세가율":61.97,
            "장기전세가율평균":72.21,
            "전세가율거품지수":10.24,
            "검색코드":103340,
            "세대수":486.0,
            "준공년월":"2009-02-11",
            "준공년차":14.0,
            "가까운역이름":"신기",
            "가까운역거리":624.28,
            "역세권여부":"준역세권",
            "30분이내주요거점역":0,
            "30분거점역이름":"[]",
            "1시간이내주요거점역":1,
            "1시간거점역이름":"['동대구']",
            "3km이내백화점수":0,
            "5km이내아울렛몰수":1,
            "1km이내대형먀트수":1,
            "500m이내은행수":1,
            "500m이내병원수":0,
            "5km이내대형병원수":1,
            "500m이내공원수":5,
            "3km이내혐오시설수":0,
            "초등학교학업성취도":89.98,
            "중학교학업성취도":80.2,
            "용적률":145,
            "건폐율":22,
            "Y":35.861484,
            "X":128.699302,
            "rank":78.0,
            "area_info":"28평(94.97), 28평(95.43), 29평(96.83), 32평(107.85), 32평(108.23), 32평(108.02), 34평(113.27)",
            "last_sales":"2021-10-15,35500.0,28평(94.97)",
            "rank_history":[
                [
                    "202202",
                    78
                ],
                [
                    "202201",
                    99
                ]
            ],
            "rank_gap":21
        },
        {
            "index":558,
            "아파트명":"e편한세상세계육상선수촌2단지",
            "투자타입":"일반",
            "전용면적(m2)":"99.61",
            "전용면적(평)":"30평",
            "법정동주소":"대구시 동구 율하동 1408",
            "도로명주소":"대구시 동구 안심로16길 71",
            "세대수":50,
            "입주년차":60,
            "용적률점수":"--",
            "건폐율점수":"--",
            "세대당주차수":30,
            "난방방식":30,
            "공급면적":"--",
            "전용률":"--",
            "욕실수":100,
            "현관타입":100,
            "주거총점":57.0,
            "지역구공급총점":0.0,
            "역세권":50,
            "30분내 이동가능 거점":0,
            "1시간내 이동가능 거점":10,
            "교통총점":27.0,
            "백화점":0,
            "아울렛몰":80,
            "대형마트":80,
            "은행":0,
            "병원":0,
            "종합병원":80,
            "공원":100,
            "혐오시설":0,
            "인프라총점":39.0,
            "초등학군":89.97,
            "중학군":48.72,
            "학군총점":56.97,
            "인구수":35.84,
            "인구증감":2.28,
            "인구총점":25.772,
            "일자리":18.13,
            "소득수준":54.98,
            "일자리총점":29.185,
            "가치 총점":47.091,
            "매매실거래년":20211014.0,
            "매매실거래가":52000.0,
            "전세실거래년":20210812.0,
            "전세실거래가":28350.0,
            "전세가율":67.82,
            "장기전세가율평균":72.21,
            "전세가율거품지수":4.39,
            "검색코드":102627,
            "세대수":652.0,
            "준공년월":"2011-04-20",
            "준공년차":12.0,
            "가까운역이름":"율하",
            "가까운역거리":844.74,
            "역세권여부":"준역세권",
            "30분이내주요거점역":0,
            "30분거점역이름":"[]",
            "1시간이내주요거점역":1,
            "1시간거점역이름":"['동대구']",
            "3km이내백화점수":0,
            "5km이내아울렛몰수":1,
            "1km이내대형먀트수":1,
            "500m이내은행수":1,
            "500m이내병원수":0,
            "5km이내대형병원수":1,
            "500m이내공원수":9,
            "3km이내혐오시설수":0,
            "초등학교학업성취도":89.97,
            "중학교학업성취도":80.2,
            "용적률":158,
            "건폐율":22,
            "Y":35.862289,
            "X":128.694105,
            "rank":79.0,
            "area_info":"30평(99.61), 30평(99.49), 30평(99.42), 30평(99.49), 30평(99.61), 30평(99.42), 33평(112.33), 34평(112.57), 34평(112.47), 34평(112.82), 34평(112.46), 33평(112.33), 34평(112.57), 34평(112.87), 34평(112.46)",
            "last_sales":"2021-10-14,52000.0,34평(112.82)",
            "rank_history":[
                [
                    "202202",
                    79
                ],
                [
                    "202201",
                    62
                ]
            ],
            "rank_gap":-17
        },
        {
            "index":264,
            "아파트명":"동화해오름타운",
            "투자타입":"일반",
            "전용면적(m2)":"74.77",
            "전용면적(평)":"22평",
            "법정동주소":"대구시 동구 신서동 538-1",
            "도로명주소":"대구시 동구 동호로 89",
            "세대수":50,
            "입주년차":20,
            "용적률점수":"--",
            "건폐율점수":"--",
            "세대당주차수":30,
            "난방방식":30,
            "공급면적":"--",
            "전용률":"--",
            "욕실수":50,
            "현관타입":100,
            "주거총점":44.0,
            "지역구공급총점":0.0,
            "역세권":80,
            "30분내 이동가능 거점":0,
            "1시간내 이동가능 거점":10,
            "교통총점":42.0,
            "백화점":0,
            "아울렛몰":80,
            "대형마트":80,
            "은행":0,
            "병원":0,
            "종합병원":80,
            "공원":100,
            "혐오시설":0,
            "인프라총점":39.0,
            "초등학군":89.99,
            "중학군":52.82,
            "학군총점":60.254,
            "인구수":35.84,
            "인구증감":2.28,
            "인구총점":25.772,
            "일자리":18.13,
            "소득수준":54.98,
            "일자리총점":29.185,
            "가치 총점":47.0762,
            "매매실거래년":20211223.0,
            "매매실거래가":20700.0,
            "전세실거래년":20210523.0,
            "전세실거래가":18000.0,
            "전세가율":86.96,
            "장기전세가율평균":72.21,
            "전세가율거품지수":-14.75,
            "검색코드":12863,
            "세대수":604.0,
            "준공년월":"2003-07-10",
            "준공년차":20.0,
            "가까운역이름":"각산",
            "가까운역거리":189.89,
            "역세권여부":"역세권",
            "30분이내주요거점역":0,
            "30분거점역이름":"[]",
            "1시간이내주요거점역":1,
            "1시간거점역이름":"['동대구']",
            "3km이내백화점수":0,
            "5km이내아울렛몰수":1,
            "1km이내대형먀트수":1,
            "500m이내은행수":1,
            "500m이내병원수":0,
            "5km이내대형병원수":1,
            "500m이내공원수":4,
            "3km이내혐오시설수":0,
            "초등학교학업성취도":89.99,
            "중학교학업성취도":87.7,
            "용적률":209,
            "건폐율":19,
            "Y":35.86768,
            "X":128.726313,
            "rank":80.0,
            "area_info":"22평(74.77), 23평(77.76)",
            "last_sales":"2021-12-23,20700.0,22평(74.77)",
            "rank_history":[
                [
                    "202202",
                    80
                ],
                [
                    "202201",
                    94
                ]
            ],
            "rank_gap":14
        },
        {
            "index":573,
            "아파트명":"신혼",
            "투자타입":"재건축",
            "전용면적(m2)":"73.45",
            "전용면적(평)":"22평",
            "법정동주소":"대구시 동구 율하동 947",
            "도로명주소":"대구시 동구 율하동로 101",
            "세대수":0,
            "입주년차":"--",
            "용적률점수":100,
            "건폐율점수":20,
            "세대당주차수":"--",
            "난방방식":"--",
            "공급면적":50,
            "전용률":80,
            "욕실수":"--",
            "현관타입":"--",
            "주거총점":50.5,
            "지역구공급총점":0.0,
            "역세권":80,
            "30분내 이동가능 거점":0,
            "1시간내 이동가능 거점":10,
            "교통총점":42.0,
            "백화점":0,
            "아울렛몰":80,
            "대형마트":80,
            "은행":0,
            "병원":0,
            "종합병원":80,
            "공원":100,
            "혐오시설":0,
            "인프라총점":39.0,
            "초등학군":90.02,
            "중학군":45.72,
            "학군총점":54.58,
            "인구수":35.84,
            "인구증감":2.28,
            "인구총점":25.772,
            "일자리":18.13,
            "소득수준":54.98,
            "일자리총점":29.185,
            "가치 총점":46.999,
            "매매실거래년":"18000101",
            "매매실거래가":null,
            "전세실거래년":null,
            "전세실거래가":null,
            "전세가율":null,
            "장기전세가율평균":72.21,
            "전세가율거품지수":null,
            "검색코드":9749,
            "세대수":102.0,
            "준공년월":"1990-11-10",
            "준공년차":33.0,
            "가까운역이름":"신기",
            "가까운역거리":252.07,
            "역세권여부":"역세권",
            "30분이내주요거점역":0,
            "30분거점역이름":"[]",
            "1시간이내주요거점역":1,
            "1시간거점역이름":"['동대구']",
            "3km이내백화점수":0,
            "5km이내아울렛몰수":1,
            "1km이내대형먀트수":1,
            "500m이내은행수":0,
            "500m이내병원수":0,
            "5km이내대형병원수":1,
            "500m이내공원수":9,
            "3km이내혐오시설수":0,
            "초등학교학업성취도":90.02,
            "중학교학업성취도":76.2,
            "용적률":116,
            "건폐율":41,
            "Y":35.868908,
            "X":128.70125,
            "rank":81.0,
            "area_info":"22평(73.45), 24평(81.24), 25평(82.75), 26평(86.84), 27평(89.52), 27평(91.89), 29평(98.77), 29평(98.62), 29평(99.07), 29평(99.1)",
            "last_sales":"1800-01-01,nan,22평(73.45)",
            "rank_history":[
                [
                    "202202",
                    81
                ],
                [
                    "202201",
                    85
                ]
            ],
            "rank_gap":4
        },
        {
            "index":214,
            "아파트명":"불로서한이다음",
            "투자타입":"일반",
            "전용면적(m2)":"93.99",
            "전용면적(평)":"28평",
            "법정동주소":"대구시 동구 불로동 962",
            "도로명주소":"대구시 동구 공항로 148",
            "세대수":0,
            "입주년차":80,
            "용적률점수":"--",
            "건폐율점수":"--",
            "세대당주차수":30,
            "난방방식":30,
            "공급면적":"--",
            "전용률":"--",
            "욕실수":100,
            "현관타입":100,
            "주거총점":43.5,
            "지역구공급총점":0.0,
            "역세권":0,
            "30분내 이동가능 거점":0,
            "1시간내 이동가능 거점":10,
            "교통총점":2.0,
            "백화점":100,
            "아울렛몰":100,
            "대형마트":0,
            "은행":0,
            "병원":0,
            "종합병원":100,
            "공원":0,
            "혐오시설":-50,
            "인프라총점":59.0,
            "초등학군":90.01,
            "중학군":52.02,
            "학군총점":59.618,
            "인구수":35.84,
            "인구증감":2.28,
            "인구총점":25.772,
            "일자리":18.13,
            "소득수준":54.98,
            "일자리총점":29.185,
            "가치 총점":46.7604,
            "매매실거래년":20211120.0,
            "매매실거래가":30700.0,
            "전세실거래년":20210728.0,
            "전세실거래가":28000.0,
            "전세가율":91.21,
            "장기전세가율평균":72.21,
            "전세가율거품지수":-19.0,
            "검색코드":109385,
            "세대수":299.0,
            "준공년월":"2016-11-15",
            "준공년차":7.0,
            "가까운역이름":"아양교",
            "가까운역거리":1616.88,
            "역세권여부":"비역세권",
            "30분이내주요거점역":0,
            "30분거점역이름":"[]",
            "1시간이내주요거점역":1,
            "1시간거점역이름":"['동대구']",
            "3km이내백화점수":1,
            "5km이내아울렛몰수":2,
            "1km이내대형먀트수":0,
            "500m이내은행수":0,
            "500m이내병원수":0,
            "5km이내대형병원수":3,
            "500m이내공원수":0,
            "3km이내혐오시설수":1,
            "초등학교학업성취도":90.01,
            "중학교학업성취도":86.7,
            "용적률":221,
            "건폐율":28,
            "Y":35.899749,
            "X":128.63085,
            "rank":82.0,
            "area_info":"28평(93.99), 30평(99.36), 33평(109.38), 45평(151.6)",
            "last_sales":"2021-11-20,30700.0,28평(93.99)",
            "rank_history":[
                [
                    "202202",
                    82
                ],
                [
                    "202201",
                    50
                ]
            ],
            "rank_gap":-32
        },
        {
            "index":271,
            "아파트명":"신서녹원맨션",
            "투자타입":"재건축",
            "전용면적(m2)":"64.37",
            "전용면적(평)":"19평",
            "법정동주소":"대구시 동구 신서동 809-1",
            "도로명주소":"대구시 동구 반야월북로 269",
            "세대수":0,
            "입주년차":"--",
            "용적률점수":80,
            "건폐율점수":60,
            "세대당주차수":"--",
            "난방방식":"--",
            "공급면적":50,
            "전용률":80,
            "욕실수":"--",
            "현관타입":"--",
            "주거총점":50.5,
            "지역구공급총점":0.0,
            "역세권":50,
            "30분내 이동가능 거점":0,
            "1시간내 이동가능 거점":10,
            "교통총점":27.0,
            "백화점":0,
            "아울렛몰":80,
            "대형마트":80,
            "은행":0,
            "병원":0,
            "종합병원":80,
            "공원":100,
            "혐오시설":0,
            "인프라총점":39.0,
            "초등학군":89.99,
            "중학군":52.82,
            "학군총점":60.254,
            "인구수":35.84,
            "인구증감":2.28,
            "인구총점":25.772,
            "일자리":18.13,
            "소득수준":54.98,
            "일자리총점":29.185,
            "가치 총점":46.4512,
            "매매실거래년":20211124.0,
            "매매실거래가":14500.0,
            "전세실거래년":20220128.0,
            "전세실거래가":8300.0,
            "전세가율":70.04,
            "장기전세가율평균":72.21,
            "전세가율거품지수":2.17,
            "검색코드":4915,
            "세대수":270.0,
            "준공년월":"1992-02-21",
            "준공년차":31.0,
            "가까운역이름":"안심",
            "가까운역거리":599.92,
            "역세권여부":"준역세권",
            "30분이내주요거점역":0,
            "30분거점역이름":"[]",
            "1시간이내주요거점역":1,
            "1시간거점역이름":"['동대구']",
            "3km이내백화점수":0,
            "5km이내아울렛몰수":1,
            "1km이내대형먀트수":1,
            "500m이내은행수":1,
            "500m이내병원수":0,
            "5km이내대형병원수":1,
            "500m이내공원수":2,
            "3km이내혐오시설수":0,
            "초등학교학업성취도":89.99,
            "중학교학업성취도":87.7,
            "용적률":168,
            "건폐율":32,
            "Y":35.872773,
            "X":128.727396,
            "rank":83.0,
            "area_info":"19평(64.37), 24평(82.26), 29평(99.1)",
            "last_sales":"2021-11-24,14500.0,24평(82.26)",
            "rank_history":[
                [
                    "202202",
                    83
                ],
                [
                    "202201",
                    84
                ]
            ],
            "rank_gap":1
        },
        {
            "index":202,
            "아파트명":"이시아폴리스더샵4차",
            "투자타입":"일반",
            "전용면적(m2)":"95.47",
            "전용면적(평)":"28평",
            "법정동주소":"대구시 동구 봉무동 1529",
            "도로명주소":"대구시 동구 팔공로53길 40",
            "세대수":80,
            "입주년차":80,
            "용적률점수":"--",
            "건폐율점수":"--",
            "세대당주차수":60,
            "난방방식":30,
            "공급면적":"--",
            "전용률":"--",
            "욕실수":100,
            "현관타입":100,
            "주거총점":76.0,
            "지역구공급총점":0.0,
            "역세권":0,
            "30분내 이동가능 거점":0,
            "1시간내 이동가능 거점":10,
            "교통총점":2.0,
            "백화점":0,
            "아울렛몰":80,
            "대형마트":0,
            "은행":0,
            "병원":0,
            "종합병원":80,
            "공원":100,
            "혐오시설":0,
            "인프라총점":27.0,
            "초등학군":90.0,
            "중학군":56.48,
            "학군총점":63.184,
            "인구수":35.84,
            "인구증감":2.28,
            "인구총점":25.772,
            "일자리":18.13,
            "소득수준":54.98,
            "일자리총점":29.185,
            "가치 총점":46.3552,
            "매매실거래년":20211030.0,
            "매매실거래가":49500.0,
            "전세실거래년":20220105.0,
            "전세실거래가":25500.0,
            "전세가율":61.45,
            "장기전세가율평균":72.21,
            "전세가율거품지수":10.76,
            "검색코드":105009,
            "세대수":774.0,
            "준공년월":"2014-07-21",
            "준공년차":9.0,
            "가까운역이름":"아양교",
            "가까운역거리":4265.0,
            "역세권여부":"비역세권",
            "30분이내주요거점역":0,
            "30분거점역이름":"[]",
            "1시간이내주요거점역":1,
            "1시간거점역이름":"['동대구']",
            "3km이내백화점수":0,
            "5km이내아울렛몰수":1,
            "1km이내대형먀트수":0,
            "500m이내은행수":0,
            "500m이내병원수":0,
            "5km이내대형병원수":1,
            "500m이내공원수":2,
            "3km이내혐오시설수":0,
            "초등학교학업성취도":90.0,
            "중학교학업성취도":93.2,
            "용적률":201,
            "건폐율":21,
            "Y":35.925356,
            "X":128.635072,
            "rank":84.0,
            "area_info":"28평(95.47), 34평(113.92), 34평(113.38)",
            "last_sales":"2021-10-30,49500.0,34평(113.38)",
            "rank_history":[
                [
                    "202202",
                    84
                ],
                [
                    "202201",
                    39
                ]
            ],
            "rank_gap":-45
        },
        {
            "index":295,
            "아파트명":"73신암",
            "투자타입":"재건축",
            "전용면적(m2)":"42.97",
            "전용면적(평)":"12평",
            "법정동주소":"대구시 동구 신암동 193-1",
            "도로명주소":"대구시 동구 신암남로 10",
            "세대수":0,
            "입주년차":"--",
            "용적률점수":0,
            "건폐율점수":0,
            "세대당주차수":"--",
            "난방방식":"--",
            "공급면적":50,
            "전용률":80,
            "욕실수":"--",
            "현관타입":"--",
            "주거총점":6.5,
            "지역구공급총점":0.0,
            "역세권":80,
            "30분내 이동가능 거점":0,
            "1시간내 이동가능 거점":10,
            "교통총점":42.0,
            "백화점":100,
            "아울렛몰":80,
            "대형마트":0,
            "은행":70,
            "병원":0,
            "종합병원":100,
            "공원":100,
            "혐오시설":0,
            "인프라총점":68.0,
            "초등학군":89.99,
            "중학군":52.42,
            "학군총점":59.934,
            "인구수":35.84,
            "인구증감":2.28,
            "인구총점":25.772,
            "일자리":18.13,
            "소득수준":54.98,
            "일자리총점":29.185,
            "가치 총점":46.3052,
            "매매실거래년":20211203.0,
            "매매실거래가":9500.0,
            "전세실거래년":20210324.0,
            "전세실거래가":5000.0,
            "전세가율":52.63,
            "장기전세가율평균":72.21,
            "전세가율거품지수":19.58,
            "검색코드":4923,
            "세대수":151.0,
            "준공년월":"1975-06-16",
            "준공년차":48.0,
            "가까운역이름":"신천",
            "가까운역거리":314.66,
            "역세권여부":"역세권",
            "30분이내주요거점역":0,
            "30분거점역이름":"[]",
            "1시간이내주요거점역":1,
            "1시간거점역이름":"['동대구']",
            "3km이내백화점수":3,
            "5km이내아울렛몰수":1,
            "1km이내대형먀트수":0,
            "500m이내은행수":3,
            "500m이내병원수":0,
            "5km이내대형병원수":5,
            "500m이내공원수":3,
            "3km이내혐오시설수":0,
            "초등학교학업성취도":89.99,
            "중학교학업성취도":86.9,
            "용적률":0,
            "건폐율":0,
            "Y":35.877497,
            "X":128.617451,
            "rank":85.0,
            "area_info":"12평(42.97), 14평(49.55), 16평(56.19), 17평(58.98)",
            "last_sales":"2021-12-03,9500.0,12평(42.97)",
            "rank_history":[
                [
                    "202202",
                    85
                ],
                [
                    "202201",
                    102
                ]
            ],
            "rank_gap":17
        },
        {
            "index":666,
            "아파트명":"부민스위트빌",
            "투자타입":"일반",
            "전용면적(m2)":"94.77",
            "전용면적(평)":"28평",
            "법정동주소":"대구시 동구 지저동 711",
            "도로명주소":"대구시 동구 해동로2길 37",
            "세대수":0,
            "입주년차":20,
            "용적률점수":"--",
            "건폐율점수":"--",
            "세대당주차수":0,
            "난방방식":30,
            "공급면적":"--",
            "전용률":"--",
            "욕실수":100,
            "현관타입":100,
            "주거총점":27.0,
            "지역구공급총점":0.0,
            "역세권":0,
            "30분내 이동가능 거점":0,
            "1시간내 이동가능 거점":10,
            "교통총점":2.0,
            "백화점":100,
            "아울렛몰":100,
            "대형마트":80,
            "은행":0,
            "병원":0,
            "종합병원":100,
            "공원":0,
            "혐오시설":-50,
            "인프라총점":71.0,
            "초등학군":90.01,
            "중학군":52.02,
            "학군총점":59.618,
            "인구수":35.84,
            "인구증감":2.28,
            "인구총점":25.772,
            "일자리":18.13,
            "소득수준":54.98,
            "일자리총점":29.185,
            "가치 총점":46.2354,
            "매매실거래년":20201203.0,
            "매매실거래가":15770.0,
            "전세실거래년":20161005.0,
            "전세실거래가":13000.0,
            "전세가율":71.04,
            "장기전세가율평균":72.21,
            "전세가율거품지수":1.17,
            "검색코드":100952,
            "세대수":184.0,
            "준공년월":"2002-10-11",
            "준공년차":21.0,
            "가까운역이름":"아양교",
            "가까운역거리":1071.81,
            "역세권여부":"비역세권",
            "30분이내주요거점역":0,
            "30분거점역이름":"[]",
            "1시간이내주요거점역":1,
            "1시간거점역이름":"['동대구']",
            "3km이내백화점수":1,
            "5km이내아울렛몰수":2,
            "1km이내대형먀트수":1,
            "500m이내은행수":1,
            "500m이내병원수":0,
            "5km이내대형병원수":2,
            "500m이내공원수":0,
            "3km이내혐오시설수":1,
            "초등학교학업성취도":90.01,
            "중학교학업성취도":86.7,
            "용적률":246,
            "건폐율":23,
            "Y":35.896355,
            "X":128.636192,
            "rank":86.0,
            "area_info":"28평(94.77), 29평(96.36)",
            "last_sales":"2020-12-03,15770.0,29평(96.36)",
            "rank_history":[
                [
                    "202202",
                    86
                ],
                [
                    "202201",
                    89
                ]
            ],
            "rank_gap":3
        },
        {
            "index":370,
            "아파트명":"진로이스트타운",
            "투자타입":"일반",
            "전용면적(m2)":"41.36",
            "전용면적(평)":"12평",
            "법정동주소":"대구시 동구 신암동 373-1",
            "도로명주소":"대구시 동구 동북로 460",
            "세대수":0,
            "입주년차":0,
            "용적률점수":"--",
            "건폐율점수":"--",
            "세대당주차수":30,
            "난방방식":30,
            "공급면적":"--",
            "전용률":"--",
            "욕실수":50,
            "현관타입":10,
            "주거총점":13.5,
            "지역구공급총점":0.0,
            "역세권":80,
            "30분내 이동가능 거점":0,
            "1시간내 이동가능 거점":10,
            "교통총점":42.0,
            "백화점":100,
            "아울렛몰":100,
            "대형마트":0,
            "은행":20,
            "병원":0,
            "종합병원":100,
            "공원":100,
            "혐오시설":0,
            "인프라총점":65.0,
            "초등학군":89.97,
            "중학군":46.44,
            "학군총점":55.146,
            "인구수":35.84,
            "인구증감":2.28,
            "인구총점":25.772,
            "일자리":18.13,
            "소득수준":54.98,
            "일자리총점":29.185,
            "가치 총점":45.7188,
            "매매실거래년":20211016.0,
            "매매실거래가":9800.0,
            "전세실거래년":20210305.0,
            "전세실거래가":6000.0,
            "전세가율":61.22,
            "장기전세가율평균":72.21,
            "전세가율거품지수":10.99,
            "검색코드":13925,
            "세대수":176.0,
            "준공년월":"1998-11-28",
            "준공년차":25.0,
            "가까운역이름":"큰고개",
            "가까운역거리":292.11,
            "역세권여부":"역세권",
            "30분이내주요거점역":0,
            "30분거점역이름":"[]",
            "1시간이내주요거점역":1,
            "1시간거점역이름":"['동대구']",
            "3km이내백화점수":1,
            "5km이내아울렛몰수":2,
            "1km이내대형먀트수":0,
            "500m이내은행수":2,
            "500m이내병원수":0,
            "5km이내대형병원수":4,
            "500m이내공원수":3,
            "3km이내혐오시설수":0,
            "초등학교학업성취도":89.97,
            "중학교학업성취도":77.0,
            "용적률":185,
            "건폐율":23,
            "Y":35.882636,
            "X":128.634676,
            "rank":87.0,
            "area_info":"12평(41.36), 31평(104.46)",
            "last_sales":"2021-10-16,9800.0,12평(41.36)",
            "rank_history":[
                [
                    "202202",
                    87
                ],
                [
                    "202201",
                    100
                ]
            ],
            "rank_gap":13
        },
        {
            "index":430,
            "아파트명":"신천동서",
            "투자타입":"일반",
            "전용면적(m2)":"84.06",
            "전용면적(평)":"25평",
            "법정동주소":"대구시 동구 신천동 819-5",
            "도로명주소":"대구시 동구 국채보상로155길 8",
            "세대수":0,
            "입주년차":0,
            "용적률점수":"--",
            "건폐율점수":"--",
            "세대당주차수":0,
            "난방방식":30,
            "공급면적":"--",
            "전용률":"--",
            "욕실수":50,
            "현관타입":100,
            "주거총점":18.0,
            "지역구공급총점":0.0,
            "역세권":50,
            "30분내 이동가능 거점":20,
            "1시간내 이동가능 거점":10,
            "교통총점":33.0,
            "백화점":100,
            "아울렛몰":80,
            "대형마트":0,
            "은행":0,
            "병원":0,
            "종합병원":100,
            "공원":80,
            "혐오시설":0,
            "인프라총점":60.4,
            "초등학군":89.98,
            "중학군":52.56,
            "학군총점":60.044,
            "인구수":35.84,
            "인구증감":2.28,
            "인구총점":25.772,
            "일자리":18.13,
            "소득수준":54.98,
            "일자리총점":29.185,
            "가치 총점":45.5832,
            "매매실거래년":20210907.0,
            "매매실거래가":22900.0,
            "전세실거래년":20200831.0,
            "전세실거래가":16200.0,
            "전세가율":70.74,
            "장기전세가율평균":72.21,
            "전세가율거품지수":1.47,
            "검색코드":4967,
            "세대수":111.0,
            "준공년월":"1995-09-19",
            "준공년차":28.0,
            "가까운역이름":"신천",
            "가까운역거리":695.28,
            "역세권여부":"준역세권",
            "30분이내주요거점역":1,
            "30분거점역이름":"['동대구']",
            "1시간이내주요거점역":1,
            "1시간거점역이름":"['동대구']",
            "3km이내백화점수":3,
            "5km이내아울렛몰수":1,
            "1km이내대형먀트수":0,
            "500m이내은행수":1,
            "500m이내병원수":0,
            "5km이내대형병원수":6,
            "500m이내공원수":1,
            "3km이내혐오시설수":0,
            "초등학교학업성취도":89.98,
            "중학교학업성취도":87.6,
            "용적률":417,
            "건폐율":25,
            "Y":35.868986,
            "X":128.61469,
            "rank":88.0,
            "area_info":"25평(84.06), 30평(101.87)",
            "last_sales":"2021-09-07,22900.0,25평(84.06)",
            "rank_history":[
                [
                    "202202",
                    88
                ],
                [
                    "202201",
                    96
                ]
            ],
            "rank_gap":8
        },
        {
            "index":86,
            "아파트명":"안심역서원프레시빌(도시형)",
            "투자타입":"일반",
            "전용면적(m2)":"69.41",
            "전용면적(평)":"20평",
            "법정동주소":"대구시 동구 괴전동 125",
            "도로명주소":"대구시 동구 안심로 477",
            "세대수":0,
            "입주년차":80,
            "용적률점수":"--",
            "건폐율점수":"--",
            "세대당주차수":30,
            "난방방식":30,
            "공급면적":"--",
            "전용률":"--",
            "욕실수":50,
            "현관타입":100,
            "주거총점":38.5,
            "지역구공급총점":0.0,
            "역세권":80,
            "30분내 이동가능 거점":0,
            "1시간내 이동가능 거점":10,
            "교통총점":42.0,
            "백화점":0,
            "아울렛몰":80,
            "대형마트":80,
            "은행":0,
            "병원":0,
            "종합병원":80,
            "공원":80,
            "혐오시설":0,
            "인프라총점":38.4,
            "초등학군":89.97,
            "중학군":52.82,
            "학군총점":60.25,
            "인구수":35.84,
            "인구증감":2.28,
            "인구총점":25.772,
            "일자리":18.13,
            "소득수준":54.98,
            "일자리총점":29.185,
            "가치 총점":45.52,
            "매매실거래년":20211221.0,
            "매매실거래가":19100.0,
            "전세실거래년":20220111.0,
            "전세실거래가":18000.0,
            "전세가율":94.24,
            "장기전세가율평균":72.21,
            "전세가율거품지수":-22.03,
            "검색코드":114021,
            "세대수":214.0,
            "준공년월":"2018-04-16",
            "준공년차":5.0,
            "가까운역이름":"안심",
            "가까운역거리":157.44,
            "역세권여부":"역세권",
            "30분이내주요거점역":0,
            "30분거점역이름":"[]",
            "1시간이내주요거점역":1,
            "1시간거점역이름":"['동대구']",
            "3km이내백화점수":0,
            "5km이내아울렛몰수":1,
            "1km이내대형먀트수":1,
            "500m이내은행수":0,
            "500m이내병원수":0,
            "5km이내대형병원수":1,
            "500m이내공원수":1,
            "3km이내혐오시설수":0,
            "초등학교학업성취도":89.97,
            "중학교학업성취도":87.7,
            "용적률":299,
            "건폐율":27,
            "Y":35.872344,
            "X":128.734821,
            "rank":89.0,
            "area_info":"20평(69.41)",
            "last_sales":"2021-12-21,19100.0,20평(69.41)",
            "rank_history":[
                [
                    "202202",
                    89
                ],
                [
                    "202201",
                    113
                ]
            ],
            "rank_gap":24
        },
        {
            "index":416,
            "아파트명":"송라",
            "투자타입":"일반",
            "전용면적(m2)":"57.7",
            "전용면적(평)":"17평",
            "법정동주소":"대구시 동구 신천동 1414",
            "도로명주소":"대구시 동구 동부로3길 38",
            "세대수":0,
            "입주년차":0,
            "용적률점수":"--",
            "건폐율점수":"--",
            "세대당주차수":0,
            "난방방식":30,
            "공급면적":"--",
            "전용률":"--",
            "욕실수":50,
            "현관타입":10,
            "주거총점":9.0,
            "지역구공급총점":0.0,
            "역세권":80,
            "30분내 이동가능 거점":0,
            "1시간내 이동가능 거점":10,
            "교통총점":42.0,
            "백화점":100,
            "아울렛몰":80,
            "대형마트":0,
            "은행":20,
            "병원":0,
            "종합병원":100,
            "공원":100,
            "혐오시설":0,
            "인프라총점":63.0,
            "초등학군":89.99,
            "중학군":52.42,
            "학군총점":59.934,
            "인구수":35.84,
            "인구증감":2.28,
            "인구총점":25.772,
            "일자리":18.13,
            "소득수준":54.98,
            "일자리총점":29.185,
            "가치 총점":45.4302,
            "매매실거래년":20210916.0,
            "매매실거래가":18800.0,
            "전세실거래년":20210907.0,
            "전세실거래가":9000.0,
            "전세가율":70.31,
            "장기전세가율평균":72.21,
            "전세가율거품지수":1.9,
            "검색코드":11737,
            "세대수":174.0,
            "준공년월":"1993-07-10",
            "준공년차":30.0,
            "가까운역이름":"신천",
            "가까운역거리":241.09,
            "역세권여부":"역세권",
            "30분이내주요거점역":0,
            "30분거점역이름":"[]",
            "1시간이내주요거점역":1,
            "1시간거점역이름":"['동대구']",
            "3km이내백화점수":3,
            "5km이내아울렛몰수":1,
            "1km이내대형먀트수":0,
            "500m이내은행수":2,
            "500m이내병원수":0,
            "5km이내대형병원수":5,
            "500m이내공원수":3,
            "3km이내혐오시설수":0,
            "초등학교학업성취도":89.99,
            "중학교학업성취도":86.9,
            "용적률":0,
            "건폐율":0,
            "Y":35.87586,
            "X":128.61561,
            "rank":90.0,
            "area_info":"17평(57.7), 22평(74.31), 23평(77.7)",
            "last_sales":"2021-09-16,18800.0,23평(77.7)",
            "rank_history":[
                [
                    "202202",
                    90
                ],
                [
                    "202201",
                    106
                ]
            ],
            "rank_gap":16
        },
        {
            "index":176,
            "아파트명":"이시아폴리스더샵2차",
            "투자타입":"일반",
            "전용면적(m2)":"110.29",
            "전용면적(평)":"33평",
            "법정동주소":"대구시 동구 봉무동 1522",
            "도로명주소":"대구시 동구 팔공로 274",
            "세대수":80,
            "입주년차":60,
            "용적률점수":"--",
            "건폐율점수":"--",
            "세대당주차수":60,
            "난방방식":30,
            "공급면적":"--",
            "전용률":"--",
            "욕실수":100,
            "현관타입":100,
            "주거총점":72.0,
            "지역구공급총점":0.0,
            "역세권":0,
            "30분내 이동가능 거점":0,
            "1시간내 이동가능 거점":10,
            "교통총점":2.0,
            "백화점":0,
            "아울렛몰":80,
            "대형마트":0,
            "은행":0,
            "병원":0,
            "종합병원":80,
            "공원":100,
            "혐오시설":0,
            "인프라총점":27.0,
            "초등학군":90.0,
            "중학군":56.48,
            "학군총점":63.184,
            "인구수":35.84,
            "인구증감":2.28,
            "인구총점":25.772,
            "일자리":18.13,
            "소득수준":54.98,
            "일자리총점":29.185,
            "가치 총점":45.3552,
            "매매실거래년":20210115.0,
            "매매실거래가":45000.0,
            "전세실거래년":20211215.0,
            "전세실거래가":34000.0,
            "전세가율":79.07,
            "장기전세가율평균":72.21,
            "전세가율거품지수":-6.86,
            "검색코드":103530,
            "세대수":750.0,
            "준공년월":"2013-06-05",
            "준공년차":10.0,
            "가까운역이름":"아양교",
            "가까운역거리":4242.55,
            "역세권여부":"비역세권",
            "30분이내주요거점역":0,
            "30분거점역이름":"[]",
            "1시간이내주요거점역":1,
            "1시간거점역이름":"['동대구']",
            "3km이내백화점수":0,
            "5km이내아울렛몰수":1,
            "1km이내대형먀트수":0,
            "500m이내은행수":0,
            "500m이내병원수":0,
            "5km이내대형병원수":1,
            "500m이내공원수":4,
            "3km이내혐오시설수":0,
            "초등학교학업성취도":90.0,
            "중학교학업성취도":93.2,
            "용적률":176,
            "건폐율":16,
            "Y":35.925309,
            "X":128.642253,
            "rank":91.0,
            "area_info":"33평(110.29), 33평(110.91), 33평(111.09), 33평(111.48), 38평(125.94), 37평(125.36), 43평(144.51), 43평(145.04), 44평(146.73), 44평(146.65), 45평(150.55), 50평(168.5), 52평(173.35), 56평(187.67)",
            "last_sales":"2021-01-15,45000.0,44평(146.73)",
            "rank_history":[
                [
                    "202202",
                    91
                ],
                [
                    "202201",
                    52
                ]
            ],
            "rank_gap":-39
        },
        {
            "index":672,
            "아파트명":"팔공",
            "투자타입":"재건축",
            "전용면적(m2)":"51.03",
            "전용면적(평)":"15평",
            "법정동주소":"대구시 동구 지저동 757-5",
            "도로명주소":"대구시 동구 해동로 54",
            "세대수":0,
            "입주년차":"--",
            "용적률점수":0,
            "건폐율점수":0,
            "세대당주차수":"--",
            "난방방식":"--",
            "공급면적":50,
            "전용률":100,
            "욕실수":"--",
            "현관타입":"--",
            "주거총점":7.5,
            "지역구공급총점":0.0,
            "역세권":50,
            "30분내 이동가능 거점":0,
            "1시간내 이동가능 거점":10,
            "교통총점":27.0,
            "백화점":100,
            "아울렛몰":100,
            "대형마트":80,
            "은행":0,
            "병원":0,
            "종합병원":100,
            "공원":0,
            "혐오시설":-50,
            "인프라총점":71.0,
            "초등학군":90.01,
            "중학군":52.02,
            "학군총점":59.618,
            "인구수":35.84,
            "인구증감":2.28,
            "인구총점":25.772,
            "일자리":18.13,
            "소득수준":54.98,
            "일자리총점":29.185,
            "가치 총점":45.1104,
            "매매실거래년":20211215.0,
            "매매실거래가":16500.0,
            "전세실거래년":20210601.0,
            "전세실거래가":7000.0,
            "전세가율":42.42,
            "장기전세가율평균":72.21,
            "전세가율거품지수":29.79,
            "검색코드":5156,
            "세대수":290.0,
            "준공년월":"1986-10-31",
            "준공년차":37.0,
            "가까운역이름":"아양교",
            "가까운역거리":771.5,
            "역세권여부":"준역세권",
            "30분이내주요거점역":0,
            "30분거점역이름":"[]",
            "1시간이내주요거점역":1,
            "1시간거점역이름":"['동대구']",
            "3km이내백화점수":1,
            "5km이내아울렛몰수":2,
            "1km이내대형먀트수":1,
            "500m이내은행수":0,
            "500m이내병원수":0,
            "5km이내대형병원수":3,
            "500m이내공원수":0,
            "3km이내혐오시설수":1,
            "초등학교학업성취도":90.01,
            "중학교학업성취도":86.7,
            "용적률":0,
            "건폐율":0,
            "Y":35.893515,
            "X":128.636369,
            "rank":92.0,
            "area_info":"15평(51.03), 17평(59.22)",
            "last_sales":"2021-12-15,16500.0,15평(51.03)",
            "rank_history":[
                [
                    "202202",
                    92
                ],
                [
                    "202201",
                    122
                ]
            ],
            "rank_gap":30
        },
        {
            "index":594,
            "아파트명":"율하휴먼시아 8단지",
            "투자타입":"일반",
            "전용면적(m2)":"95.67",
            "전용면적(평)":"28평",
            "법정동주소":"대구시 동구 율하동 1467",
            "도로명주소":"대구시 동구 안심로22길 75",
            "세대수":0,
            "입주년차":60,
            "용적률점수":"--",
            "건폐율점수":"--",
            "세대당주차수":30,
            "난방방식":30,
            "공급면적":"--",
            "전용률":"--",
            "욕실수":100,
            "현관타입":100,
            "주거총점":39.5,
            "지역구공급총점":0.0,
            "역세권":80,
            "30분내 이동가능 거점":0,
            "1시간내 이동가능 거점":10,
            "교통총점":42.0,
            "백화점":0,
            "아울렛몰":80,
            "대형마트":80,
            "은행":0,
            "병원":0,
            "종합병원":80,
            "공원":100,
            "혐오시설":0,
            "인프라총점":39.0,
            "초등학군":89.98,
            "중학군":48.72,
            "학군총점":56.972,
            "인구수":35.84,
            "인구증감":2.28,
            "인구총점":25.772,
            "일자리":18.13,
            "소득수준":54.98,
            "일자리총점":29.185,
            "가치 총점":44.9666,
            "매매실거래년":20200916.0,
            "매매실거래가":32700.0,
            "전세실거래년":20200131.0,
            "전세실거래가":25000.0,
            "전세가율":78.62,
            "장기전세가율평균":72.21,
            "전세가율거품지수":-6.41,
            "검색코드":102483,
            "세대수":253.0,
            "준공년월":"2009-02-11",
            "준공년차":14.0,
            "가까운역이름":"신기",
            "가까운역거리":361.79,
            "역세권여부":"역세권",
            "30분이내주요거점역":0,
            "30분거점역이름":"[]",
            "1시간이내주요거점역":1,
            "1시간거점역이름":"['동대구']",
            "3km이내백화점수":0,
            "5km이내아울렛몰수":1,
            "1km이내대형먀트수":1,
            "500m이내은행수":1,
            "500m이내병원수":0,
            "5km이내대형병원수":1,
            "500m이내공원수":9,
            "3km이내혐오시설수":0,
            "초등학교학업성취도":89.98,
            "중학교학업성취도":80.2,
            "용적률":133,
            "건폐율":24,
            "Y":35.864033,
            "X":128.699568,
            "rank":93.0,
            "area_info":"28평(95.67), 29평(96.13), 29평(97.53), 32평(108.64), 32평(109.03), 35평(116.99)",
            "last_sales":"2020-09-16,32700.0,32평(109.03)",
            "rank_history":[
                [
                    "202202",
                    93
                ],
                [
                    "202201",
                    105
                ]
            ],
            "rank_gap":12
        },
        {
            "index":266,
            "아파트명":"신서그린빌",
            "투자타입":"일반",
            "전용면적(m2)":"84.08",
            "전용면적(평)":"25평",
            "법정동주소":"대구시 동구 신서동 823-7",
            "도로명주소":"대구시 동구 반야월북로 251",
            "세대수":50,
            "입주년차":20,
            "용적률점수":"--",
            "건폐율점수":"--",
            "세대당주차수":0,
            "난방방식":30,
            "공급면적":"--",
            "전용률":"--",
            "욕실수":100,
            "현관타입":100,
            "주거총점":44.5,
            "지역구공급총점":0.0,
            "역세권":50,
            "30분내 이동가능 거점":0,
            "1시간내 이동가능 거점":10,
            "교통총점":27.0,
            "백화점":0,
            "아울렛몰":80,
            "대형마트":80,
            "은행":0,
            "병원":0,
            "종합병원":80,
            "공원":100,
            "혐오시설":0,
            "인프라총점":39.0,
            "초등학군":89.99,
            "중학군":52.82,
            "학군총점":60.254,
            "인구수":35.84,
            "인구증감":2.28,
            "인구총점":25.772,
            "일자리":18.13,
            "소득수준":54.98,
            "일자리총점":29.185,
            "가치 총점":44.9512,
            "매매실거래년":20190825.0,
            "매매실거래가":23100.0,
            "전세실거래년":null,
            "전세실거래가":null,
            "전세가율":null,
            "장기전세가율평균":72.21,
            "전세가율거품지수":null,
            "검색코드":16972,
            "세대수":568.0,
            "준공년월":"2001-09-26",
            "준공년차":22.0,
            "가까운역이름":"각산",
            "가까운역거리":630.12,
            "역세권여부":"준역세권",
            "30분이내주요거점역":0,
            "30분거점역이름":"[]",
            "1시간이내주요거점역":1,
            "1시간거점역이름":"['동대구']",
            "3km이내백화점수":0,
            "5km이내아울렛몰수":1,
            "1km이내대형먀트수":1,
            "500m이내은행수":0,
            "500m이내병원수":0,
            "5km이내대형병원수":1,
            "500m이내공원수":2,
            "3km이내혐오시설수":0,
            "초등학교학업성취도":89.99,
            "중학교학업성취도":87.7,
            "용적률":247,
            "건폐율":23,
            "Y":35.873616,
            "X":128.725123,
            "rank":94.0,
            "area_info":"25평(84.08), 25평(84.22), 25평(84.13), 25평(84.51), 40평(134.6)",
            "last_sales":"2019-08-25,23100.0,40평(134.6)",
            "rank_history":[
                [
                    "202202",
                    94
                ],
                [
                    "202201",
                    98
                ]
            ],
            "rank_gap":4
        },
        {
            "index":130,
            "아파트명":"무궁화",
            "투자타입":"재건축",
            "전용면적(m2)":"53.43",
            "전용면적(평)":"16평",
            "법정동주소":"대구시 동구 방촌동 1067-1",
            "도로명주소":"대구시 동구 동촌로 222",
            "세대수":0,
            "입주년차":"--",
            "용적률점수":100,
            "건폐율점수":0,
            "세대당주차수":"--",
            "난방방식":"--",
            "공급면적":50,
            "전용률":60,
            "욕실수":"--",
            "현관타입":"--",
            "주거총점":45.5,
            "지역구공급총점":0.0,
            "역세권":80,
            "30분내 이동가능 거점":0,
            "1시간내 이동가능 거점":10,
            "교통총점":42.0,
            "백화점":0,
            "아울렛몰":100,
            "대형마트":80,
            "은행":20,
            "병원":0,
            "종합병원":80,
            "공원":0,
            "혐오시설":0,
            "인프라총점":40.0,
            "초등학군":90.07,
            "중학군":39.68,
            "학군총점":49.758,
            "인구수":35.84,
            "인구증감":2.28,
            "인구총점":25.772,
            "일자리":18.13,
            "소득수준":54.98,
            "일자리총점":29.185,
            "가치 총점":44.6024,
            "매매실거래년":20211006.0,
            "매매실거래가":9600.0,
            "전세실거래년":20211201.0,
            "전세실거래가":9000.0,
            "전세가율":93.75,
            "장기전세가율평균":72.21,
            "전세가율거품지수":-21.54,
            "검색코드":12748,
            "세대수":120.0,
            "준공년월":"1988-11-29",
            "준공년차":35.0,
            "가까운역이름":"해안",
            "가까운역거리":457.42,
            "역세권여부":"역세권",
            "30분이내주요거점역":0,
            "30분거점역이름":"[]",
            "1시간이내주요거점역":1,
            "1시간거점역이름":"['동대구']",
            "3km이내백화점수":0,
            "5km이내아울렛몰수":2,
            "1km이내대형먀트수":1,
            "500m이내은행수":2,
            "500m이내병원수":0,
            "5km이내대형병원수":1,
            "500m이내공원수":0,
            "3km이내혐오시설수":0,
            "초등학교학업성취도":90.07,
            "중학교학업성취도":65.2,
            "용적률":146,
            "건폐율":0,
            "Y":35.881271,
            "X":128.663848,
            "rank":95.0,
            "area_info":"16평(53.43), 22평(73.71)",
            "last_sales":"2021-10-06,9600.0,16평(53.43)",
            "rank_history":[
                [
                    "202202",
                    95
                ],
                [
                    "202201",
                    97
                ]
            ],
            "rank_gap":2
        },
        {
            "index":18,
            "아파트명":"각산푸르지오2단지",
            "투자타입":"일반",
            "전용면적(m2)":"98.63",
            "전용면적(평)":"29평",
            "법정동주소":"대구시 동구 각산동 400",
            "도로명주소":"대구시 동구 경안로 822",
            "세대수":50,
            "입주년차":60,
            "용적률점수":"--",
            "건폐율점수":"--",
            "세대당주차수":60,
            "난방방식":30,
            "공급면적":"--",
            "전용률":"--",
            "욕실수":100,
            "현관타입":100,
            "주거총점":61.5,
            "지역구공급총점":0.0,
            "역세권":50,
            "30분내 이동가능 거점":0,
            "1시간내 이동가능 거점":0,
            "교통총점":25.0,
            "백화점":0,
            "아울렛몰":80,
            "대형마트":0,
            "은행":0,
            "병원":0,
            "종합병원":80,
            "공원":100,
            "혐오시설":0,
            "인프라총점":27.0,
            "초등학군":89.99,
            "중학군":49.26,
            "학군총점":57.406,
            "인구수":35.84,
            "인구증감":2.28,
            "인구총점":25.772,
            "일자리":18.13,
            "소득수준":54.98,
            "일자리총점":29.185,
            "가치 총점":44.4468,
            "매매실거래년":20220118.0,
            "매매실거래가":36000.0,
            "전세실거래년":20220117.0,
            "전세실거래가":22000.0,
            "전세가율":85.27,
            "장기전세가율평균":72.21,
            "전세가율거품지수":-13.06,
            "검색코드":25881,
            "세대수":596.0,
            "준공년월":"2009-04-29",
            "준공년차":14.0,
            "가까운역이름":"각산",
            "가까운역거리":947.88,
            "역세권여부":"준역세권",
            "30분이내주요거점역":0,
            "30분거점역이름":"[]",
            "1시간이내주요거점역":0,
            "1시간거점역이름":"[]",
            "3km이내백화점수":0,
            "5km이내아울렛몰수":1,
            "1km이내대형먀트수":0,
            "500m이내은행수":0,
            "500m이내병원수":0,
            "5km이내대형병원수":1,
            "500m이내공원수":2,
            "3km이내혐오시설수":0,
            "초등학교학업성취도":89.99,
            "중학교학업성취도":81.5,
            "용적률":261,
            "건폐율":18,
            "Y":35.874509,
            "X":128.717457,
            "rank":96.0,
            "area_info":"29평(98.63), 35평(116.73), 35평(116.82), 35평(116.1), 35평(117.4), 35평(117.33), 35평(118.81), 40평(132.7), 40평(133.65), 40평(134.15), 40평(135.23), 48평(158.84), 48평(159.98), 48평(160.57), 48평(161.87)",
            "last_sales":"2022-01-18,36000.0,48평(158.84)",
            "rank_history":[
                [
                    "202202",
                    96
                ],
                [
                    "202201",
                    46
                ]
            ],
            "rank_gap":-50
        },
        {
            "index":259,
            "아파트명":"각산역더뉴클래스2차(도시형)",
            "투자타입":"일반",
            "전용면적(m2)":"36.61",
            "전용면적(평)":"11평",
            "법정동주소":"대구시 동구 신서동 518-1",
            "도로명주소":"대구시 동구 반야월로 360",
            "세대수":0,
            "입주년차":80,
            "용적률점수":"--",
            "건폐율점수":"--",
            "세대당주차수":0,
            "난방방식":30,
            "공급면적":"--",
            "전용률":"--",
            "욕실수":50,
            "현관타입":100,
            "주거총점":34.0,
            "지역구공급총점":0.0,
            "역세권":80,
            "30분내 이동가능 거점":0,
            "1시간내 이동가능 거점":0,
            "교통총점":40.0,
            "백화점":0,
            "아울렛몰":80,
            "대형마트":80,
            "은행":0,
            "병원":0,
            "종합병원":80,
            "공원":100,
            "혐오시설":0,
            "인프라총점":39.0,
            "초등학군":89.99,
            "중학군":52.82,
            "학군총점":60.254,
            "인구수":35.84,
            "인구증감":2.28,
            "인구총점":25.772,
            "일자리":18.13,
            "소득수준":54.98,
            "일자리총점":29.185,
            "가치 총점":44.2762,
            "매매실거래년":20220119.0,
            "매매실거래가":9200.0,
            "전세실거래년":20220112.0,
            "전세실거래가":7875.0,
            "전세가율":85.6,
            "장기전세가율평균":72.21,
            "전세가율거품지수":-13.39,
            "검색코드":107464,
            "세대수":206.0,
            "준공년월":"2015-07-10",
            "준공년차":8.0,
            "가까운역이름":"안심",
            "가까운역거리":498.24,
            "역세권여부":"역세권",
            "30분이내주요거점역":0,
            "30분거점역이름":"[]",
            "1시간이내주요거점역":0,
            "1시간거점역이름":"[]",
            "3km이내백화점수":0,
            "5km이내아울렛몰수":1,
            "1km이내대형먀트수":1,
            "500m이내은행수":1,
            "500m이내병원수":0,
            "5km이내대형병원수":1,
            "500m이내공원수":2,
            "3km이내혐오시설수":0,
            "초등학교학업성취도":89.99,
            "중학교학업성취도":87.7,
            "용적률":290,
            "건폐율":32,
            "Y":35.871452,
            "X":128.728248,
            "rank":97.0,
            "area_info":"11평(36.61), 20평(68.67), 21평(70.26)",
            "last_sales":"2022-01-19,9200.0,11평(36.61)",
            "rank_history":[
                [
                    "202202",
                    97
                ],
                [
                    "202201",
                    116
                ]
            ],
            "rank_gap":19
        },
        {
            "index":114,
            "아파트명":"경북금성",
            "투자타입":"재건축",
            "전용면적(m2)":"38.11",
            "전용면적(평)":"11평",
            "법정동주소":"대구시 동구 방촌동 1084-324",
            "도로명주소":"대구시 동구 화랑로73길 40",
            "세대수":0,
            "입주년차":"--",
            "용적률점수":0,
            "건폐율점수":0,
            "세대당주차수":"--",
            "난방방식":"--",
            "공급면적":50,
            "전용률":100,
            "욕실수":"--",
            "현관타입":"--",
            "주거총점":7.5,
            "지역구공급총점":0.0,
            "역세권":80,
            "30분내 이동가능 거점":0,
            "1시간내 이동가능 거점":10,
            "교통총점":42.0,
            "백화점":100,
            "아울렛몰":100,
            "대형마트":80,
            "은행":20,
            "병원":0,
            "종합병원":80,
            "공원":0,
            "혐오시설":0,
            "인프라총점":70.0,
            "초등학군":90.07,
            "중학군":39.68,
            "학군총점":49.758,
            "인구수":35.84,
            "인구증감":2.28,
            "인구총점":25.772,
            "일자리":18.13,
            "소득수준":54.98,
            "일자리총점":29.185,
            "가치 총점":44.1024,
            "매매실거래년":"18000101",
            "매매실거래가":null,
            "전세실거래년":null,
            "전세실거래가":null,
            "전세가율":null,
            "장기전세가율평균":72.21,
            "전세가율거품지수":null,
            "검색코드":24116,
            "세대수":142.0,
            "준공년월":"1980-12-04",
            "준공년차":43.0,
            "가까운역이름":"해안",
            "가까운역거리":446.96,
            "역세권여부":"역세권",
            "30분이내주요거점역":0,
            "30분거점역이름":"[]",
            "1시간이내주요거점역":1,
            "1시간거점역이름":"['동대구']",
            "3km이내백화점수":1,
            "5km이내아울렛몰수":2,
            "1km이내대형먀트수":1,
            "500m이내은행수":2,
            "500m이내병원수":0,
            "5km이내대형병원수":1,
            "500m이내공원수":0,
            "3km이내혐오시설수":0,
            "초등학교학업성취도":90.07,
            "중학교학업성취도":65.2,
            "용적률":0,
            "건폐율":0,
            "Y":35.880081,
            "X":128.662132,
            "rank":98.0,
            "area_info":"11평(38.11), 12평(39.97), 12평(39.93), 12평(39.96), 12평(41.44), 12평(41.82), 12평(41.42), 12평(41.46), 12평(41.81), 12평(41.44), 13평(43.38), 13평(43.37), 14평(48.84), 14평(49.41), 15평(52.21), 16평(53.75)",
            "last_sales":"1800-01-01,nan,11평(38.11)",
            "rank_history":[
                [
                    "202202",
                    98
                ],
                [
                    "202201",
                    138
                ]
            ],
            "rank_gap":40
        },
        {
            "index":210,
            "아파트명":"불로강변",
            "투자타입":"일반",
            "전용면적(m2)":"88.59",
            "전용면적(평)":"26평",
            "법정동주소":"대구시 동구 불로동 1039",
            "도로명주소":"대구시 동구 방천로3길 30",
            "세대수":0,
            "입주년차":0,
            "용적률점수":"--",
            "건폐율점수":"--",
            "세대당주차수":0,
            "난방방식":30,
            "공급면적":"--",
            "전용률":"--",
            "욕실수":50,
            "현관타입":100,
            "주거총점":18.0,
            "지역구공급총점":0.0,
            "역세권":0,
            "30분내 이동가능 거점":0,
            "1시간내 이동가능 거점":10,
            "교통총점":2.0,
            "백화점":100,
            "아울렛몰":100,
            "대형마트":80,
            "은행":0,
            "병원":0,
            "종합병원":100,
            "공원":0,
            "혐오시설":-50,
            "인프라총점":71.0,
            "초등학군":90.01,
            "중학군":52.02,
            "학군총점":59.618,
            "인구수":35.84,
            "인구증감":2.28,
            "인구총점":25.772,
            "일자리":18.13,
            "소득수준":54.98,
            "일자리총점":29.185,
            "가치 총점":43.9854,
            "매매실거래년":20210612.0,
            "매매실거래가":10300.0,
            "전세실거래년":20210830.0,
            "전세실거래가":10000.0,
            "전세가율":71.43,
            "장기전세가율평균":72.21,
            "전세가율거품지수":0.78,
            "검색코드":11111,
            "세대수":114.0,
            "준공년월":"1993-12-03",
            "준공년차":30.0,
            "가까운역이름":"아양교",
            "가까운역거리":1386.26,
            "역세권여부":"비역세권",
            "30분이내주요거점역":0,
            "30분거점역이름":"[]",
            "1시간이내주요거점역":1,
            "1시간거점역이름":"['동대구']",
            "3km이내백화점수":1,
            "5km이내아울렛몰수":2,
            "1km이내대형먀트수":1,
            "500m이내은행수":0,
            "500m이내병원수":0,
            "5km이내대형병원수":3,
            "500m이내공원수":0,
            "3km이내혐오시설수":1,
            "초등학교학업성취도":90.01,
            "중학교학업성취도":86.7,
            "용적률":171,
            "건폐율":38,
            "Y":35.8974,
            "X":128.63107,
            "rank":99.0,
            "area_info":"26평(88.59), 26평(88.52), 26평(88.65), 33평(111.5)",
            "last_sales":"2021-06-12,10300.0,26평(88.52)",
            "rank_history":[
                [
                    "202202",
                    99
                ],
                [
                    "202201",
                    73
                ]
            ],
            "rank_gap":-26
        },
        {
            "index":102,
            "아파트명":"강변2차",
            "투자타입":"재건축",
            "전용면적(m2)":"65.67",
            "전용면적(평)":"19평",
            "법정동주소":"대구시 동구 방촌동 1113-8",
            "도로명주소":"대구시 동구 동촌로56길 36",
            "세대수":0,
            "입주년차":"--",
            "용적률점수":100,
            "건폐율점수":60,
            "세대당주차수":"--",
            "난방방식":"--",
            "공급면적":50,
            "전용률":100,
            "욕실수":"--",
            "현관타입":"--",
            "주거총점":59.5,
            "지역구공급총점":0.0,
            "역세권":80,
            "30분내 이동가능 거점":0,
            "1시간내 이동가능 거점":10,
            "교통총점":42.0,
            "백화점":0,
            "아울렛몰":100,
            "대형마트":0,
            "은행":0,
            "병원":0,
            "종합병원":80,
            "공원":0,
            "혐오시설":0,
            "인프라총점":26.0,
            "초등학군":90.01,
            "중학군":39.68,
            "학군총점":49.746,
            "인구수":35.84,
            "인구증감":2.28,
            "인구총점":25.772,
            "일자리":18.13,
            "소득수준":54.98,
            "일자리총점":29.185,
            "가치 총점":43.8988,
            "매매실거래년":20220124.0,
            "매매실거래가":23500.0,
            "전세실거래년":20220110.0,
            "전세실거래가":18500.0,
            "전세가율":78.72,
            "장기전세가율평균":72.21,
            "전세가율거품지수":-6.51,
            "검색코드":4785,
            "세대수":206.0,
            "준공년월":"1990-02-15",
            "준공년차":33.0,
            "가까운역이름":"방촌",
            "가까운역거리":241.8,
            "역세권여부":"역세권",
            "30분이내주요거점역":0,
            "30분거점역이름":"[]",
            "1시간이내주요거점역":1,
            "1시간거점역이름":"['동대구']",
            "3km이내백화점수":0,
            "5km이내아울렛몰수":2,
            "1km이내대형먀트수":0,
            "500m이내은행수":1,
            "500m이내병원수":0,
            "5km이내대형병원수":1,
            "500m이내공원수":0,
            "3km이내혐오시설수":0,
            "초등학교학업성취도":90.01,
            "중학교학업성취도":65.2,
            "용적률":137,
            "건폐율":30,
            "Y":35.877669,
            "X":128.669043,
            "rank":100.0,
            "area_info":"19평(65.67), 23평(77.49), 25평(84.96)",
            "last_sales":"2022-01-24,23500.0,19평(65.67)",
            "rank_history":[
                [
                    "202202",
                    100
                ],
                [
                    "202201",
                    104
                ]
            ],
            "rank_gap":4
        },
        {
            "index":205,
            "아파트명":"협성휴포레이시아폴리스",
            "투자타입":"일반",
            "전용면적(m2)":"113.6",
            "전용면적(평)":"34평",
            "법정동주소":"대구시 동구 봉무동 1537",
            "도로명주소":"대구시 동구 팔공로 260",
            "세대수":50,
            "입주년차":80,
            "용적률점수":"--",
            "건폐율점수":"--",
            "세대당주차수":60,
            "난방방식":30,
            "공급면적":"--",
            "전용률":"--",
            "욕실수":100,
            "현관타입":100,
            "주거총점":65.5,
            "지역구공급총점":0.0,
            "역세권":0,
            "30분내 이동가능 거점":0,
            "1시간내 이동가능 거점":10,
            "교통총점":2.0,
            "백화점":0,
            "아울렛몰":80,
            "대형마트":0,
            "은행":0,
            "병원":0,
            "종합병원":80,
            "공원":100,
            "혐오시설":0,
            "인프라총점":27.0,
            "초등학군":89.99,
            "중학군":56.48,
            "학군총점":63.182,
            "인구수":35.84,
            "인구증감":2.28,
            "인구총점":25.772,
            "일자리":18.13,
            "소득수준":54.98,
            "일자리총점":29.185,
            "가치 총점":43.7296,
            "매매실거래년":20211113.0,
            "매매실거래가":66500.0,
            "전세실거래년":20220106.0,
            "전세실거래가":35000.0,
            "전세가율":68.63,
            "장기전세가율평균":72.21,
            "전세가율거품지수":3.58,
            "검색코드":111069,
            "세대수":599.0,
            "준공년월":"2018-03-01",
            "준공년차":5.0,
            "가까운역이름":"아양교",
            "가까운역거리":3913.28,
            "역세권여부":"비역세권",
            "30분이내주요거점역":0,
            "30분거점역이름":"[]",
            "1시간이내주요거점역":1,
            "1시간거점역이름":"['동대구']",
            "3km이내백화점수":0,
            "5km이내아울렛몰수":1,
            "1km이내대형먀트수":0,
            "500m이내은행수":0,
            "500m이내병원수":0,
            "5km이내대형병원수":1,
            "500m이내공원수":3,
            "3km이내혐오시설수":0,
            "초등학교학업성취도":89.99,
            "중학교학업성취도":93.2,
            "용적률":366,
            "건폐율":32,
            "Y":35.92231,
            "X":128.642932,
            "rank":101.0,
            "area_info":"34평(113.6), 34평(113.47), 34평(114.55), 43평(144.94), 43평(144.62)",
            "last_sales":"2021-11-13,66500.0,43평(144.62)",
            "rank_history":[
                [
                    "202202",
                    101
                ],
                [
                    "202201",
                    72
                ]
            ],
            "rank_gap":-29
        },
        {
            "index":246,
            "아파트명":"보성동원타운",
            "투자타입":"재건축",
            "전용면적(m2)":"82.64",
            "전용면적(평)":"24평",
            "법정동주소":"대구시 동구 신기동 560",
            "도로명주소":"대구시 동구 안심로41길 21",
            "세대수":0,
            "입주년차":"--",
            "용적률점수":100,
            "건폐율점수":40,
            "세대당주차수":"--",
            "난방방식":"--",
            "공급면적":70,
            "전용률":80,
            "욕실수":"--",
            "현관타입":"--",
            "주거총점":55.5,
            "지역구공급총점":0.0,
            "역세권":50,
            "30분내 이동가능 거점":0,
            "1시간내 이동가능 거점":10,
            "교통총점":27.0,
            "백화점":0,
            "아울렛몰":80,
            "대형마트":0,
            "은행":0,
            "병원":0,
            "종합병원":80,
            "공원":100,
            "혐오시설":0,
            "인프라총점":27.0,
            "초등학군":89.99,
            "중학군":49.26,
            "학군총점":57.406,
            "인구수":35.84,
            "인구증감":2.28,
            "인구총점":25.772,
            "일자리":18.13,
            "소득수준":54.98,
            "일자리총점":29.185,
            "가치 총점":43.2468,
            "매매실거래년":"18000101",
            "매매실거래가":null,
            "전세실거래년":null,
            "전세실거래가":null,
            "전세가율":null,
            "장기전세가율평균":72.21,
            "전세가율거품지수":null,
            "검색코드":9748,
            "세대수":174.0,
            "준공년월":"1989-04-08",
            "준공년차":34.0,
            "가까운역이름":"신기",
            "가까운역거리":511.44,
            "역세권여부":"준역세권",
            "30분이내주요거점역":0,
            "30분거점역이름":"[]",
            "1시간이내주요거점역":1,
            "1시간거점역이름":"['동대구']",
            "3km이내백화점수":0,
            "5km이내아울렛몰수":1,
            "1km이내대형먀트수":0,
            "500m이내은행수":1,
            "500m이내병원수":0,
            "5km이내대형병원수":1,
            "500m이내공원수":4,
            "3km이내혐오시설수":0,
            "초등학교학업성취도":89.99,
            "중학교학업성취도":81.5,
            "용적률":109,
            "건폐율":38,
            "Y":35.86826,
            "X":128.70721,
            "rank":102.0,
            "area_info":"24평(82.64), 30평(102.47)",
            "last_sales":"1800-01-01,nan,24평(82.64)",
            "rank_history":[
                [
                    "202202",
                    102
                ],
                [
                    "202201",
                    101
                ]
            ],
            "rank_gap":-1
        },
        {
            "index":227,
            "아파트명":"제림빌리지",
            "투자타입":"일반",
            "전용면적(m2)":"69.97",
            "전용면적(평)":"21평",
            "법정동주소":"대구시 동구 불로동 1021",
            "도로명주소":"대구시 동구 해동로6길 37",
            "세대수":0,
            "입주년차":0,
            "용적률점수":"--",
            "건폐율점수":"--",
            "세대당주차수":30,
            "난방방식":30,
            "공급면적":"--",
            "전용률":"--",
            "욕실수":50,
            "현관타입":10,
            "주거총점":13.5,
            "지역구공급총점":0.0,
            "역세권":0,
            "30분내 이동가능 거점":0,
            "1시간내 이동가능 거점":10,
            "교통총점":2.0,
            "백화점":100,
            "아울렛몰":100,
            "대형마트":80,
            "은행":0,
            "병원":0,
            "종합병원":100,
            "공원":0,
            "혐오시설":-50,
            "인프라총점":71.0,
            "초등학군":90.01,
            "중학군":52.02,
            "학군총점":59.618,
            "인구수":35.84,
            "인구증감":2.28,
            "인구총점":25.772,
            "일자리":18.13,
            "소득수준":54.98,
            "일자리총점":29.185,
            "가치 총점":42.8604,
            "매매실거래년":20211202.0,
            "매매실거래가":15200.0,
            "전세실거래년":20200323.0,
            "전세실거래가":8000.0,
            "전세가율":66.67,
            "장기전세가율평균":72.21,
            "전세가율거품지수":5.54,
            "검색코드":16960,
            "세대수":160.0,
            "준공년월":"1995-10-28",
            "준공년차":28.0,
            "가까운역이름":"아양교",
            "가까운역거리":1168.83,
            "역세권여부":"비역세권",
            "30분이내주요거점역":0,
            "30분거점역이름":"[]",
            "1시간이내주요거점역":1,
            "1시간거점역이름":"['동대구']",
            "3km이내백화점수":1,
            "5km이내아울렛몰수":2,
            "1km이내대형먀트수":1,
            "500m이내은행수":1,
            "500m이내병원수":0,
            "5km이내대형병원수":2,
            "500m이내공원수":0,
            "3km이내혐오시설수":1,
            "초등학교학업성취도":90.01,
            "중학교학업성취도":86.7,
            "용적률":164,
            "건폐율":51,
            "Y":35.896654,
            "X":128.634245,
            "rank":103.0,
            "area_info":"21평(69.97), 24평(79.68), 25평(84.81)",
            "last_sales":"2021-12-02,15200.0,24평(79.68)",
            "rank_history":[
                [
                    "202202",
                    103
                ],
                [
                    "202201",
                    112
                ]
            ],
            "rank_gap":9
        },
        {
            "index":533,
            "아파트명":"우방백자",
            "투자타입":"재건축",
            "전용면적(m2)":"85.95",
            "전용면적(평)":"25평",
            "법정동주소":"대구시 동구 용계동 422",
            "도로명주소":"대구시 동구 동촌로 346",
            "세대수":0,
            "입주년차":"--",
            "용적률점수":100,
            "건폐율점수":60,
            "세대당주차수":"--",
            "난방방식":"--",
            "공급면적":70,
            "전용률":80,
            "욕실수":"--",
            "현관타입":"--",
            "주거총점":59.5,
            "지역구공급총점":0.0,
            "역세권":50,
            "30분내 이동가능 거점":0,
            "1시간내 이동가능 거점":10,
            "교통총점":27.0,
            "백화점":0,
            "아울렛몰":100,
            "대형마트":0,
            "은행":0,
            "병원":0,
            "종합병원":100,
            "공원":0,
            "혐오시설":0,
            "인프라총점":30.0,
            "초등학군":90.01,
            "중학군":39.68,
            "학군총점":49.746,
            "인구수":35.84,
            "인구증감":2.28,
            "인구총점":25.772,
            "일자리":18.13,
            "소득수준":54.98,
            "일자리총점":29.185,
            "가치 총점":42.8488,
            "매매실거래년":20211110.0,
            "매매실거래가":25100.0,
            "전세실거래년":20211029.0,
            "전세실거래가":17000.0,
            "전세가율":77.27,
            "장기전세가율평균":72.21,
            "전세가율거품지수":-5.06,
            "검색코드":5023,
            "세대수":288.0,
            "준공년월":"1989-06-05",
            "준공년차":34.0,
            "가까운역이름":"용계",
            "가까운역거리":554.53,
            "역세권여부":"준역세권",
            "30분이내주요거점역":0,
            "30분거점역이름":"[]",
            "1시간이내주요거점역":1,
            "1시간거점역이름":"['동대구']",
            "3km이내백화점수":0,
            "5km이내아울렛몰수":2,
            "1km이내대형먀트수":0,
            "500m이내은행수":0,
            "500m이내병원수":0,
            "5km이내대형병원수":2,
            "500m이내공원수":0,
            "3km이내혐오시설수":0,
            "초등학교학업성취도":90.01,
            "중학교학업성취도":65.2,
            "용적률":132,
            "건폐율":30,
            "Y":35.877108,
            "X":128.675991,
            "rank":104.0,
            "area_info":"25평(85.95), 30평(102.47)",
            "last_sales":"2021-11-10,25100.0,30평(102.47)",
            "rank_history":[
                [
                    "202202",
                    104
                ],
                [
                    "202201",
                    107
                ]
            ],
            "rank_gap":3
        },
        {
            "index":232,
            "아파트명":"평광현대1차",
            "투자타입":"재건축",
            "전용면적(m2)":"50.71",
            "전용면적(평)":"15평",
            "법정동주소":"대구시 동구 불로동 1154",
            "도로명주소":"대구시 동구 팔공로37길 33",
            "세대수":0,
            "입주년차":"--",
            "용적률점수":100,
            "건폐율점수":80,
            "세대당주차수":"--",
            "난방방식":"--",
            "공급면적":50,
            "전용률":60,
            "욕실수":"--",
            "현관타입":"--",
            "주거총점":61.5,
            "지역구공급총점":0.0,
            "역세권":0,
            "30분내 이동가능 거점":0,
            "1시간내 이동가능 거점":10,
            "교통총점":2.0,
            "백화점":0,
            "아울렛몰":80,
            "대형마트":0,
            "은행":0,
            "병원":0,
            "종합병원":80,
            "공원":100,
            "혐오시설":0,
            "인프라총점":27.0,
            "초등학군":90.01,
            "중학군":56.48,
            "학군총점":63.186,
            "인구수":35.84,
            "인구증감":2.28,
            "인구총점":25.772,
            "일자리":18.13,
            "소득수준":54.98,
            "일자리총점":29.185,
            "가치 총점":42.7308,
            "매매실거래년":20211009.0,
            "매매실거래가":8800.0,
            "전세실거래년":20211122.0,
            "전세실거래가":8000.0,
            "전세가율":90.91,
            "장기전세가율평균":72.21,
            "전세가율거품지수":-18.7,
            "검색코드":4802,
            "세대수":130.0,
            "준공년월":"1988-11-15",
            "준공년차":35.0,
            "가까운역이름":"아양교",
            "가까운역거리":3131.31,
            "역세권여부":"비역세권",
            "30분이내주요거점역":0,
            "30분거점역이름":"[]",
            "1시간이내주요거점역":1,
            "1시간거점역이름":"['동대구']",
            "3km이내백화점수":0,
            "5km이내아울렛몰수":1,
            "1km이내대형먀트수":0,
            "500m이내은행수":0,
            "500m이내병원수":0,
            "5km이내대형병원수":1,
            "500m이내공원수":3,
            "3km이내혐오시설수":0,
            "초등학교학업성취도":90.01,
            "중학교학업성취도":93.2,
            "용적률":138,
            "건폐율":29,
            "Y":35.915349,
            "X":128.638859,
            "rank":105.0,
            "area_info":"15평(50.71), 21평(70.31)",
            "last_sales":"2021-10-09,8800.0,15평(50.71)",
            "rank_history":[
                [
                    "202202",
                    105
                ],
                [
                    "202201",
                    75
                ]
            ],
            "rank_gap":-30
        },
        {
            "index":163,
            "아파트명":"이시아폴리스더샵1차",
            "투자타입":"일반",
            "전용면적(m2)":"104.55",
            "전용면적(평)":"31평",
            "법정동주소":"대구시 동구 봉무동 1524",
            "도로명주소":"대구시 동구 팔공로53길 10",
            "세대수":50,
            "입주년차":60,
            "용적률점수":"--",
            "건폐율점수":"--",
            "세대당주차수":60,
            "난방방식":30,
            "공급면적":"--",
            "전용률":"--",
            "욕실수":100,
            "현관타입":100,
            "주거총점":61.5,
            "지역구공급총점":0.0,
            "역세권":0,
            "30분내 이동가능 거점":0,
            "1시간내 이동가능 거점":10,
            "교통총점":2.0,
            "백화점":0,
            "아울렛몰":80,
            "대형마트":0,
            "은행":0,
            "병원":0,
            "종합병원":80,
            "공원":100,
            "혐오시설":0,
            "인프라총점":27.0,
            "초등학군":90.0,
            "중학군":56.48,
            "학군총점":63.184,
            "인구수":35.84,
            "인구증감":2.28,
            "인구총점":25.772,
            "일자리":18.13,
            "소득수준":54.98,
            "일자리총점":29.185,
            "가치 총점":42.7302,
            "매매실거래년":20210904.0,
            "매매실거래가":142000.0,
            "전세실거래년":20210615.0,
            "전세실거래가":30000.0,
            "전세가율":90.91,
            "장기전세가율평균":72.21,
            "전세가율거품지수":-18.7,
            "검색코드":102487,
            "세대수":652.0,
            "준공년월":"2012-10-15",
            "준공년차":11.0,
            "가까운역이름":"아양교",
            "가까운역거리":4315.99,
            "역세권여부":"비역세권",
            "30분이내주요거점역":0,
            "30분거점역이름":"[]",
            "1시간이내주요거점역":1,
            "1시간거점역이름":"['동대구']",
            "3km이내백화점수":0,
            "5km이내아울렛몰수":1,
            "1km이내대형먀트수":0,
            "500m이내은행수":0,
            "500m이내병원수":0,
            "5km이내대형병원수":1,
            "500m이내공원수":3,
            "3km이내혐오시설수":0,
            "초등학교학업성취도":90.0,
            "중학교학업성취도":93.2,
            "용적률":233,
            "건폐율":18,
            "Y":35.926016,
            "X":128.639743,
            "rank":106.0,
            "area_info":"31평(104.55), 34평(113.38), 34평(113.8), 34평(113.27), 34평(113.27), 34평(114.17), 40평(134.84), 40평(135.15), 48평(161.64), 48평(161.93), 79평(263.75), 80평(266.08), 91평(303.07)",
            "last_sales":"2021-09-04,142000.0,91평(303.07)",
            "rank_history":[
                [
                    "202202",
                    106
                ],
                [
                    "202201",
                    68
                ]
            ],
            "rank_gap":-38
        },
        {
            "index":630,
            "아파트명":"LH뉴웰시티",
            "투자타입":"일반",
            "전용면적(m2)":"82.41",
            "전용면적(평)":"24평",
            "법정동주소":"대구시 동구 지묘동 1386",
            "도로명주소":"대구시 동구 동화천로77길 30",
            "세대수":100,
            "입주년차":100,
            "용적률점수":"--",
            "건폐율점수":"--",
            "세대당주차수":30,
            "난방방식":30,
            "공급면적":"--",
            "전용률":"--",
            "욕실수":100,
            "현관타입":100,
            "주거총점":82.5,
            "지역구공급총점":0.0,
            "역세권":0,
            "30분내 이동가능 거점":0,
            "1시간내 이동가능 거점":0,
            "교통총점":0.0,
            "백화점":0,
            "아울렛몰":80,
            "대형마트":0,
            "은행":0,
            "병원":0,
            "종합병원":0,
            "공원":80,
            "혐오시설":0,
            "인프라총점":10.4,
            "초등학군":90.0,
            "중학군":56.48,
            "학군총점":63.184,
            "인구수":35.84,
            "인구증감":2.28,
            "인구총점":25.772,
            "일자리":18.13,
            "소득수준":54.98,
            "일자리총점":29.185,
            "가치 총점":42.7002,
            "매매실거래년":20210622.0,
            "매매실거래가":27470.0,
            "전세실거래년":null,
            "전세실거래가":null,
            "전세가율":null,
            "장기전세가율평균":72.21,
            "전세가율거품지수":null,
            "검색코드":125164,
            "세대수":1812.0,
            "준공년월":"2021-02-02",
            "준공년차":2.0,
            "가까운역이름":"아양교",
            "가까운역거리":5903.28,
            "역세권여부":"비역세권",
            "30분이내주요거점역":0,
            "30분거점역이름":"[]",
            "1시간이내주요거점역":0,
            "1시간거점역이름":"[]",
            "3km이내백화점수":0,
            "5km이내아울렛몰수":1,
            "1km이내대형먀트수":0,
            "500m이내은행수":0,
            "500m이내병원수":0,
            "5km이내대형병원수":0,
            "500m이내공원수":1,
            "3km이내혐오시설수":0,
            "초등학교학업성취도":90.0,
            "중학교학업성취도":93.2,
            "용적률":159,
            "건폐율":15,
            "Y":35.940025,
            "X":128.633367,
            "rank":107.0,
            "area_info":"24평(82.41), 24평(82.34), 24평(82.41)",
            "last_sales":"2021-06-22,27470.0,24평(82.41)",
            "rank_history":[
                [
                    "202202",
                    107
                ],
                [
                    "202201",
                    87
                ]
            ],
            "rank_gap":-20
        },
        {
            "index":0,
            "아파트명":"각산서한이다음",
            "투자타입":"일반",
            "전용면적(m2)":"81.81",
            "전용면적(평)":"24평",
            "법정동주소":"대구시 동구 각산동 1177",
            "도로명주소":"대구시 동구 반야월북로 167",
            "세대수":30,
            "입주년차":80,
            "용적률점수":"--",
            "건폐율점수":"--",
            "세대당주차수":30,
            "난방방식":30,
            "공급면적":"--",
            "전용률":"--",
            "욕실수":100,
            "현관타입":100,
            "주거총점":54.0,
            "지역구공급총점":0.0,
            "역세권":50,
            "30분내 이동가능 거점":0,
            "1시간내 이동가능 거점":10,
            "교통총점":27.0,
            "백화점":0,
            "아울렛몰":80,
            "대형마트":0,
            "은행":0,
            "병원":0,
            "종합병원":80,
            "공원":80,
            "혐오시설":0,
            "인프라총점":26.4,
            "초등학군":89.99,
            "중학군":49.26,
            "학군총점":57.406,
            "인구수":35.84,
            "인구증감":2.28,
            "인구총점":25.772,
            "일자리":18.13,
            "소득수준":54.98,
            "일자리총점":29.185,
            "가치 총점":42.6918,
            "매매실거래년":20211222.0,
            "매매실거래가":31000.0,
            "전세실거래년":20210911.0,
            "전세실거래가":26500.0,
            "전세가율":85.48,
            "장기전세가율평균":72.21,
            "전세가율거품지수":-13.27,
            "검색코드":111311,
            "세대수":372.0,
            "준공년월":"2018-04-11",
            "준공년차":5.0,
            "가까운역이름":"반야월",
            "가까운역거리":884.56,
            "역세권여부":"준역세권",
            "30분이내주요거점역":0,
            "30분거점역이름":"[]",
            "1시간이내주요거점역":1,
            "1시간거점역이름":"['동대구']",
            "3km이내백화점수":0,
            "5km이내아울렛몰수":1,
            "1km이내대형먀트수":0,
            "500m이내은행수":0,
            "500m이내병원수":0,
            "5km이내대형병원수":1,
            "500m이내공원수":1,
            "3km이내혐오시설수":0,
            "초등학교학업성취도":89.99,
            "중학교학업성취도":81.5,
            "용적률":250,
            "건폐율":22,
            "Y":35.873653,
            "X":128.716134,
            "rank":108.0,
            "area_info":"24평(81.81), 30평(100.92), 34평(114.4), 34평(115.57), 34평(115.06)",
            "last_sales":"2021-12-22,31000.0,24평(81.81)",
            "rank_history":[
                [
                    "202202",
                    108
                ],
                [
                    "202201",
                    108
                ]
            ],
            "rank_gap":0
        },
        {
            "index":222,
            "아파트명":"에덴공항1차",
            "투자타입":"재건축",
            "전용면적(m2)":"50.25",
            "전용면적(평)":"15평",
            "법정동주소":"대구시 동구 불로동 1160",
            "도로명주소":"대구시 동구 팔공로29길 10",
            "세대수":0,
            "입주년차":"--",
            "용적률점수":100,
            "건폐율점수":60,
            "세대당주차수":"--",
            "난방방식":"--",
            "공급면적":50,
            "전용률":60,
            "욕실수":"--",
            "현관타입":"--",
            "주거총점":57.5,
            "지역구공급총점":0.0,
            "역세권":0,
            "30분내 이동가능 거점":0,
            "1시간내 이동가능 거점":10,
            "교통총점":2.0,
            "백화점":0,
            "아울렛몰":100,
            "대형마트":0,
            "은행":0,
            "병원":0,
            "종합병원":80,
            "공원":100,
            "혐오시설":0,
            "인프라총점":29.0,
            "초등학군":90.01,
            "중학군":56.48,
            "학군총점":63.186,
            "인구수":35.84,
            "인구증감":2.28,
            "인구총점":25.772,
            "일자리":18.13,
            "소득수준":54.98,
            "일자리총점":29.185,
            "가치 총점":42.3308,
            "매매실거래년":20220121.0,
            "매매실거래가":10000.0,
            "전세실거래년":20211228.0,
            "전세실거래가":9000.0,
            "전세가율":90.0,
            "장기전세가율평균":72.21,
            "전세가율거품지수":-17.79,
            "검색코드":4804,
            "세대수":250.0,
            "준공년월":"1988-11-10",
            "준공년차":35.0,
            "가까운역이름":"아양교",
            "가까운역거리":2827.82,
            "역세권여부":"비역세권",
            "30분이내주요거점역":0,
            "30분거점역이름":"[]",
            "1시간이내주요거점역":1,
            "1시간거점역이름":"['동대구']",
            "3km이내백화점수":0,
            "5km이내아울렛몰수":2,
            "1km이내대형먀트수":0,
            "500m이내은행수":0,
            "500m이내병원수":0,
            "5km이내대형병원수":1,
            "500m이내공원수":2,
            "3km이내혐오시설수":0,
            "초등학교학업성취도":90.01,
            "중학교학업성취도":93.2,
            "용적률":145,
            "건폐율":33,
            "Y":35.912632,
            "X":128.639668,
            "rank":109.0,
            "area_info":"15평(50.25), 18평(61.6), 21평(71.58)",
            "last_sales":"2022-01-21,10000.0,15평(50.25)",
            "rank_history":[
                [
                    "202202",
                    109
                ],
                [
                    "202201",
                    80
                ]
            ],
            "rank_gap":-29
        },
        {
            "index":41,
            "아파트명":"대구혁신도시서한이다음1차",
            "투자타입":"일반",
            "전용면적(m2)":"88.67",
            "전용면적(평)":"26평",
            "법정동주소":"대구시 동구 각산동 1029",
            "도로명주소":"대구시 동구 이노밸리로29길 56",
            "세대수":50,
            "입주년차":80,
            "용적률점수":"--",
            "건폐율점수":"--",
            "세대당주차수":30,
            "난방방식":100,
            "공급면적":"--",
            "전용률":"--",
            "욕실수":100,
            "현관타입":100,
            "주거총점":68.0,
            "지역구공급총점":0.0,
            "역세권":0,
            "30분내 이동가능 거점":0,
            "1시간내 이동가능 거점":0,
            "교통총점":0.0,
            "백화점":0,
            "아울렛몰":80,
            "대형마트":0,
            "은행":0,
            "병원":0,
            "종합병원":80,
            "공원":100,
            "혐오시설":0,
            "인프라총점":27.0,
            "초등학군":90.0,
            "중학군":49.26,
            "학군총점":57.408,
            "인구수":35.84,
            "인구증감":2.28,
            "인구총점":25.772,
            "일자리":18.13,
            "소득수준":54.98,
            "일자리총점":29.185,
            "가치 총점":42.3224,
            "매매실거래년":20211225.0,
            "매매실거래가":36000.0,
            "전세실거래년":20220124.0,
            "전세실거래가":26000.0,
            "전세가율":86.96,
            "장기전세가율평균":72.21,
            "전세가율거품지수":-14.75,
            "검색코드":108185,
            "세대수":479.0,
            "준공년월":"2015-02-27",
            "준공년차":8.0,
            "가까운역이름":"각산",
            "가까운역거리":1990.04,
            "역세권여부":"비역세권",
            "30분이내주요거점역":0,
            "30분거점역이름":"[]",
            "1시간이내주요거점역":0,
            "1시간거점역이름":"[]",
            "3km이내백화점수":0,
            "5km이내아울렛몰수":1,
            "1km이내대형먀트수":0,
            "500m이내은행수":0,
            "500m이내병원수":0,
            "5km이내대형병원수":1,
            "500m이내공원수":4,
            "3km이내혐오시설수":0,
            "초등학교학업성취도":90.0,
            "중학교학업성취도":81.5,
            "용적률":179,
            "건폐율":20,
            "Y":35.883947,
            "X":128.71423,
            "rank":110.0,
            "area_info":"26평(88.67), 30평(99.44), 30평(100.66), 31평(102.52), 31평(103.76), 33평(109.46), 34평(114.22), 34평(115.18)",
            "last_sales":"2021-12-25,36000.0,31평(102.52)",
            "rank_history":[
                [
                    "202202",
                    110
                ],
                [
                    "202201",
                    91
                ]
            ],
            "rank_gap":-19
        },
        {
            "index":49,
            "아파트명":"대구혁신도시서한이다음2차",
            "투자타입":"일반",
            "전용면적(m2)":"88.91",
            "전용면적(평)":"26평",
            "법정동주소":"대구시 동구 각산동 1030",
            "도로명주소":"대구시 동구 이노밸리로29길 34",
            "세대수":50,
            "입주년차":80,
            "용적률점수":"--",
            "건폐율점수":"--",
            "세대당주차수":30,
            "난방방식":100,
            "공급면적":"--",
            "전용률":"--",
            "욕실수":100,
            "현관타입":100,
            "주거총점":68.0,
            "지역구공급총점":0.0,
            "역세권":0,
            "30분내 이동가능 거점":0,
            "1시간내 이동가능 거점":0,
            "교통총점":0.0,
            "백화점":0,
            "아울렛몰":80,
            "대형마트":0,
            "은행":0,
            "병원":0,
            "종합병원":80,
            "공원":100,
            "혐오시설":0,
            "인프라총점":27.0,
            "초등학군":90.0,
            "중학군":49.26,
            "학군총점":57.408,
            "인구수":35.84,
            "인구증감":2.28,
            "인구총점":25.772,
            "일자리":18.13,
            "소득수준":54.98,
            "일자리총점":29.185,
            "가치 총점":42.3224,
            "매매실거래년":20210927.0,
            "매매실거래가":28700.0,
            "전세실거래년":20210826.0,
            "전세실거래가":23500.0,
            "전세가율":81.88,
            "장기전세가율평균":72.21,
            "전세가율거품지수":-9.67,
            "검색코드":107341,
            "세대수":429.0,
            "준공년월":"2015-08-11",
            "준공년차":8.0,
            "가까운역이름":"반야월",
            "가까운역거리":1760.08,
            "역세권여부":"비역세권",
            "30분이내주요거점역":0,
            "30분거점역이름":"[]",
            "1시간이내주요거점역":0,
            "1시간거점역이름":"[]",
            "3km이내백화점수":0,
            "5km이내아울렛몰수":1,
            "1km이내대형먀트수":0,
            "500m이내은행수":0,
            "500m이내병원수":0,
            "5km이내대형병원수":1,
            "500m이내공원수":5,
            "3km이내혐오시설수":0,
            "초등학교학업성취도":90.0,
            "중학교학업성취도":81.5,
            "용적률":176,
            "건폐율":23,
            "Y":35.881795,
            "X":128.713779,
            "rank":110.0,
            "area_info":"26평(88.91), 26평(88.23), 26평(88.5), 26평(88.25), 28평(92.84), 29평(96.76), 30평(101.04), 30평(101.74), 30평(101.27), 33평(111.93), 33평(111.31), 33평(112.2), 34평(112.45), 34평(112.87), 34평(113.67), 34평(114.1)",
            "last_sales":"2021-09-27,28700.0,26평(88.91)",
            "rank_history":[
                [
                    "202202",
                    110
                ],
                [
                    "202201",
                    81
                ]
            ],
            "rank_gap":-29
        },
        {
            "index":633,
            "아파트명":"대구연경아이파크",
            "투자타입":"일반",
            "전용면적(m2)":"107.52",
            "전용면적(평)":"32평",
            "법정동주소":"대구시 동구 지묘동 1337",
            "도로명주소":"대구시 동구 동화천로 369",
            "세대수":80,
            "입주년차":100,
            "용적률점수":"--",
            "건폐율점수":"--",
            "세대당주차수":60,
            "난방방식":30,
            "공급면적":"--",
            "전용률":"--",
            "욕실수":100,
            "현관타입":100,
            "주거총점":80.0,
            "지역구공급총점":0.0,
            "역세권":0,
            "30분내 이동가능 거점":0,
            "1시간내 이동가능 거점":0,
            "교통총점":0.0,
            "백화점":0,
            "아울렛몰":80,
            "대형마트":0,
            "은행":0,
            "병원":0,
            "종합병원":0,
            "공원":100,
            "혐오시설":0,
            "인프라총점":11.0,
            "초등학군":90.03,
            "중학군":56.48,
            "학군총점":63.19,
            "인구수":35.84,
            "인구증감":2.28,
            "인구총점":25.772,
            "일자리":18.13,
            "소득수준":54.98,
            "일자리총점":29.185,
            "가치 총점":42.257,
            "매매실거래년":20201229.0,
            "매매실거래가":41700.0,
            "전세실거래년":20200912.0,
            "전세실거래가":28500.0,
            "전세가율":68.35,
            "장기전세가율평균":72.21,
            "전세가율거품지수":3.86,
            "검색코드":122236,
            "세대수":792.0,
            "준공년월":"2020-07-01",
            "준공년차":3.0,
            "가까운역이름":"학정",
            "가까운역거리":6431.4,
            "역세권여부":"비역세권",
            "30분이내주요거점역":0,
            "30분거점역이름":"[]",
            "1시간이내주요거점역":0,
            "1시간거점역이름":"[]",
            "3km이내백화점수":0,
            "5km이내아울렛몰수":1,
            "1km이내대형먀트수":0,
            "500m이내은행수":0,
            "500m이내병원수":0,
            "5km이내대형병원수":0,
            "500m이내공원수":3,
            "3km이내혐오시설수":0,
            "초등학교학업성취도":90.03,
            "중학교학업성취도":93.2,
            "용적률":165,
            "건폐율":0,
            "Y":35.946076,
            "X":128.630327,
            "rank":111.0,
            "area_info":"32평(107.52), 32평(107.72), 39평(130.25)",
            "last_sales":"2020-12-29,41700.0,32평(107.52)",
            "rank_history":[
                [
                    "202202",
                    111
                ],
                [
                    "202201",
                    92
                ]
            ],
            "rank_gap":-19
        },
        {
            "index":281,
            "아파트명":"신서청구타운",
            "투자타입":"일반",
            "전용면적(m2)":"77.52",
            "전용면적(평)":"23평",
            "법정동주소":"대구시 동구 신서동 881",
            "도로명주소":"대구시 동구 반야월북로55길 19",
            "세대수":30,
            "입주년차":0,
            "용적률점수":"--",
            "건폐율점수":"--",
            "세대당주차수":30,
            "난방방식":30,
            "공급면적":"--",
            "전용률":"--",
            "욕실수":50,
            "현관타입":100,
            "주거총점":33.0,
            "지역구공급총점":0.0,
            "역세권":50,
            "30분내 이동가능 거점":0,
            "1시간내 이동가능 거점":10,
            "교통총점":27.0,
            "백화점":0,
            "아울렛몰":80,
            "대형마트":80,
            "은행":0,
            "병원":0,
            "종합병원":80,
            "공원":100,
            "혐오시설":0,
            "인프라총점":39.0,
            "초등학군":89.97,
            "중학군":52.82,
            "학군총점":60.25,
            "인구수":35.84,
            "인구증감":2.28,
            "인구총점":25.772,
            "일자리":18.13,
            "소득수준":54.98,
            "일자리총점":29.185,
            "가치 총점":42.075,
            "매매실거래년":20211231.0,
            "매매실거래가":15600.0,
            "전세실거래년":20210403.0,
            "전세실거래가":10000.0,
            "전세가율":64.1,
            "장기전세가율평균":72.21,
            "전세가율거품지수":8.11,
            "검색코드":4918,
            "세대수":360.0,
            "준공년월":"1997-11-29",
            "준공년차":26.0,
            "가까운역이름":"안심",
            "가까운역거리":679.27,
            "역세권여부":"준역세권",
            "30분이내주요거점역":0,
            "30분거점역이름":"[]",
            "1시간이내주요거점역":1,
            "1시간거점역이름":"['동대구']",
            "3km이내백화점수":0,
            "5km이내아울렛몰수":1,
            "1km이내대형먀트수":1,
            "500m이내은행수":1,
            "500m이내병원수":0,
            "5km이내대형병원수":1,
            "500m이내공원수":2,
            "3km이내혐오시설수":0,
            "초등학교학업성취도":89.97,
            "중학교학업성취도":87.7,
            "용적률":254,
            "건폐율":24,
            "Y":35.874566,
            "X":128.727468,
            "rank":112.0,
            "area_info":"23평(77.52), 32평(106.39)",
            "last_sales":"2021-12-31,15600.0,23평(77.52)",
            "rank_history":[
                [
                    "202202",
                    112
                ],
                [
                    "202201",
                    118
                ]
            ],
            "rank_gap":6
        },
        {
            "index":135,
            "아파트명":"방촌역태왕아너스",
            "투자타입":"일반",
            "전용면적(m2)":"98.1",
            "전용면적(평)":"29평",
            "법정동주소":"대구시 동구 방촌동 1150",
            "도로명주소":"대구시 동구 동촌로 255",
            "세대수":0,
            "입주년차":100,
            "용적률점수":"--",
            "건폐율점수":"--",
            "세대당주차수":30,
            "난방방식":30,
            "공급면적":"--",
            "전용률":"--",
            "욕실수":100,
            "현관타입":100,
            "주거총점":47.5,
            "지역구공급총점":0.0,
            "역세권":80,
            "30분내 이동가능 거점":0,
            "1시간내 이동가능 거점":10,
            "교통총점":42.0,
            "백화점":0,
            "아울렛몰":100,
            "대형마트":0,
            "은행":20,
            "병원":0,
            "종합병원":80,
            "공원":0,
            "혐오시설":0,
            "인프라총점":28.0,
            "초등학군":90.07,
            "중학군":39.68,
            "학군총점":49.758,
            "인구수":35.84,
            "인구증감":2.28,
            "인구총점":25.772,
            "일자리":18.13,
            "소득수준":54.98,
            "일자리총점":29.185,
            "가치 총점":41.5024,
            "매매실거래년":20210331.0,
            "매매실거래가":42240.0,
            "전세실거래년":null,
            "전세실거래가":null,
            "전세가율":null,
            "장기전세가율평균":72.21,
            "전세가율거품지수":null,
            "검색코드":125082,
            "세대수":214.0,
            "준공년월":"2021-03-01",
            "준공년차":2.0,
            "가까운역이름":"방촌",
            "가까운역거리":261.01,
            "역세권여부":"역세권",
            "30분이내주요거점역":0,
            "30분거점역이름":"[]",
            "1시간이내주요거점역":1,
            "1시간거점역이름":"['동대구']",
            "3km이내백화점수":0,
            "5km이내아울렛몰수":2,
            "1km이내대형먀트수":0,
            "500m이내은행수":2,
            "500m이내병원수":0,
            "5km이내대형병원수":1,
            "500m이내공원수":0,
            "3km이내혐오시설수":0,
            "초등학교학업성취도":90.07,
            "중학교학업성취도":65.2,
            "용적률":0,
            "건폐율":0,
            "Y":35.88108,
            "X":128.667887,
            "rank":113.0,
            "area_info":"29평(98.1), 32평(106.64), 32평(106.72)",
            "last_sales":"2021-03-31,42240.0,32평(106.72)",
            "rank_history":[
                [
                    "202202",
                    113
                ],
                [
                    "202201",
                    117
                ]
            ],
            "rank_gap":4
        },
        {
            "index":589,
            "아파트명":"율하뜨란채2단지",
            "투자타입":"일반",
            "전용면적(m2)":"62.89",
            "전용면적(평)":"19평",
            "법정동주소":"대구시 동구 율하동 1020",
            "도로명주소":"대구시 동구 율하동로 67",
            "세대수":30,
            "입주년차":0,
            "용적률점수":"--",
            "건폐율점수":"--",
            "세대당주차수":0,
            "난방방식":30,
            "공급면적":"--",
            "전용률":"--",
            "욕실수":50,
            "현관타입":100,
            "주거총점":28.5,
            "지역구공급총점":0.0,
            "역세권":80,
            "30분내 이동가능 거점":0,
            "1시간내 이동가능 거점":10,
            "교통총점":42.0,
            "백화점":0,
            "아울렛몰":80,
            "대형마트":80,
            "은행":0,
            "병원":0,
            "종합병원":80,
            "공원":100,
            "혐오시설":0,
            "인프라총점":39.0,
            "초등학군":89.98,
            "중학군":45.72,
            "학군총점":54.572,
            "인구수":35.84,
            "인구증감":2.28,
            "인구총점":25.772,
            "일자리":18.13,
            "소득수준":54.98,
            "일자리총점":29.185,
            "가치 총점":41.4966,
            "매매실거래년":20211129.0,
            "매매실거래가":26800.0,
            "전세실거래년":20200711.0,
            "전세실거래가":11000.0,
            "전세가율":67.48,
            "장기전세가율평균":72.21,
            "전세가율거품지수":4.73,
            "검색코드":5026,
            "세대수":340.0,
            "준공년월":"1997-07-23",
            "준공년차":26.0,
            "가까운역이름":"신기",
            "가까운역거리":295.19,
            "역세권여부":"역세권",
            "30분이내주요거점역":0,
            "30분거점역이름":"[]",
            "1시간이내주요거점역":1,
            "1시간거점역이름":"['동대구']",
            "3km이내백화점수":0,
            "5km이내아울렛몰수":1,
            "1km이내대형먀트수":1,
            "500m이내은행수":1,
            "500m이내병원수":0,
            "5km이내대형병원수":1,
            "500m이내공원수":11,
            "3km이내혐오시설수":0,
            "초등학교학업성취도":89.98,
            "중학교학업성취도":76.2,
            "용적률":89,
            "건폐율":25,
            "Y":35.865352,
            "X":128.699048,
            "rank":114.0,
            "area_info":"19평(62.89), 21평(70.82)",
            "last_sales":"2021-11-29,26800.0,21평(70.82)",
            "rank_history":[
                [
                    "202202",
                    114
                ],
                [
                    "202201",
                    124
                ]
            ],
            "rank_gap":10
        },
        {
            "index":153,
            "아파트명":"유선아덴힐즈",
            "투자타입":"일반",
            "전용면적(m2)":"101.92",
            "전용면적(평)":"30평",
            "법정동주소":"대구시 동구 방촌동 1002-2",
            "도로명주소":"대구시 동구 동촌로25길 69",
            "세대수":0,
            "입주년차":40,
            "용적률점수":"--",
            "건폐율점수":"--",
            "세대당주차수":30,
            "난방방식":30,
            "공급면적":"--",
            "전용률":"--",
            "욕실수":100,
            "현관타입":50,
            "주거총점":30.5,
            "지역구공급총점":0.0,
            "역세권":80,
            "30분내 이동가능 거점":0,
            "1시간내 이동가능 거점":10,
            "교통총점":42.0,
            "백화점":0,
            "아울렛몰":100,
            "대형마트":80,
            "은행":20,
            "병원":0,
            "종합병원":80,
            "공원":0,
            "혐오시설":0,
            "인프라총점":40.0,
            "초등학군":90.01,
            "중학군":39.68,
            "학군총점":49.746,
            "인구수":35.84,
            "인구증감":2.28,
            "인구총점":25.772,
            "일자리":18.13,
            "소득수준":54.98,
            "일자리총점":29.185,
            "가치 총점":40.8488,
            "매매실거래년":20210908.0,
            "매매실거래가":25700.0,
            "전세실거래년":20170131.0,
            "전세실거래가":11422.0,
            "전세가율":49.88,
            "장기전세가율평균":72.21,
            "전세가율거품지수":22.33,
            "검색코드":27220,
            "세대수":105.0,
            "준공년월":"2007-11-23",
            "준공년차":16.0,
            "가까운역이름":"해안",
            "가까운역거리":242.68,
            "역세권여부":"역세권",
            "30분이내주요거점역":0,
            "30분거점역이름":"[]",
            "1시간이내주요거점역":1,
            "1시간거점역이름":"['동대구']",
            "3km이내백화점수":0,
            "5km이내아울렛몰수":3,
            "1km이내대형먀트수":1,
            "500m이내은행수":2,
            "500m이내병원수":0,
            "5km이내대형병원수":1,
            "500m이내공원수":0,
            "3km이내혐오시설수":0,
            "초등학교학업성취도":90.01,
            "중학교학업성취도":65.2,
            "용적률":358,
            "건폐율":42,
            "Y":35.883956,
            "X":128.662264,
            "rank":115.0,
            "area_info":"30평(101.92), 31평(103.64)",
            "last_sales":"2021-09-08,25700.0,31평(103.64)",
            "rank_history":[
                [
                    "202202",
                    115
                ],
                [
                    "202201",
                    121
                ]
            ],
            "rank_gap":6
        },
        {
            "index":539,
            "아파트명":"은하",
            "투자타입":"재건축",
            "전용면적(m2)":"85.36",
            "전용면적(평)":"25평",
            "법정동주소":"대구시 동구 용계동 437-2",
            "도로명주소":"대구시 동구 화랑로91길 8",
            "세대수":0,
            "입주년차":"--",
            "용적률점수":80,
            "건폐율점수":60,
            "세대당주차수":"--",
            "난방방식":"--",
            "공급면적":70,
            "전용률":80,
            "욕실수":"--",
            "현관타입":"--",
            "주거총점":51.5,
            "지역구공급총점":0.0,
            "역세권":50,
            "30분내 이동가능 거점":0,
            "1시간내 이동가능 거점":10,
            "교통총점":27.0,
            "백화점":0,
            "아울렛몰":100,
            "대형마트":0,
            "은행":0,
            "병원":0,
            "종합병원":100,
            "공원":0,
            "혐오시설":0,
            "인프라총점":30.0,
            "초등학군":90.01,
            "중학군":39.68,
            "학군총점":49.746,
            "인구수":35.84,
            "인구증감":2.28,
            "인구총점":25.772,
            "일자리":18.13,
            "소득수준":54.98,
            "일자리총점":29.185,
            "가치 총점":40.8488,
            "매매실거래년":20211106.0,
            "매매실거래가":16900.0,
            "전세실거래년":20211028.0,
            "전세실거래가":12000.0,
            "전세가율":77.42,
            "장기전세가율평균":72.21,
            "전세가율거품지수":-5.21,
            "검색코드":11020,
            "세대수":118.0,
            "준공년월":"1990-12-28",
            "준공년차":33.0,
            "가까운역이름":"방촌",
            "가까운역거리":595.78,
            "역세권여부":"준역세권",
            "30분이내주요거점역":0,
            "30분거점역이름":"[]",
            "1시간이내주요거점역":1,
            "1시간거점역이름":"['동대구']",
            "3km이내백화점수":0,
            "5km이내아울렛몰수":2,
            "1km이내대형먀트수":0,
            "500m이내은행수":0,
            "500m이내병원수":0,
            "5km이내대형병원수":2,
            "500m이내공원수":0,
            "3km이내혐오시설수":0,
            "초등학교학업성취도":90.01,
            "중학교학업성취도":65.2,
            "용적률":171,
            "건폐율":34,
            "Y":35.876106,
            "X":128.675145,
            "rank":115.0,
            "area_info":"25평(85.36), 29평(98.92)",
            "last_sales":"2021-11-06,16900.0,29평(98.92)",
            "rank_history":[
                [
                    "202202",
                    115
                ],
                [
                    "202201",
                    119
                ]
            ],
            "rank_gap":4
        },
        {
            "index":14,
            "아파트명":"각산푸르지오1단지",
            "투자타입":"일반",
            "전용면적(m2)":"116.45",
            "전용면적(평)":"35평",
            "법정동주소":"대구시 동구 각산동 425",
            "도로명주소":"대구시 동구 경안로 824",
            "세대수":50,
            "입주년차":60,
            "용적률점수":"--",
            "건폐율점수":"--",
            "세대당주차수":60,
            "난방방식":30,
            "공급면적":"--",
            "전용률":"--",
            "욕실수":100,
            "현관타입":100,
            "주거총점":61.5,
            "지역구공급총점":0.0,
            "역세권":0,
            "30분내 이동가능 거점":0,
            "1시간내 이동가능 거점":0,
            "교통총점":0.0,
            "백화점":0,
            "아울렛몰":80,
            "대형마트":0,
            "은행":0,
            "병원":0,
            "종합병원":80,
            "공원":100,
            "혐오시설":0,
            "인프라총점":27.0,
            "초등학군":89.99,
            "중학군":49.26,
            "학군총점":57.406,
            "인구수":35.84,
            "인구증감":2.28,
            "인구총점":25.772,
            "일자리":18.13,
            "소득수준":54.98,
            "일자리총점":29.185,
            "가치 총점":40.6968,
            "매매실거래년":20211217.0,
            "매매실거래가":29300.0,
            "전세실거래년":20220107.0,
            "전세실거래가":25000.0,
            "전세가율":85.32,
            "장기전세가율평균":72.21,
            "전세가율거품지수":-13.11,
            "검색코드":25880,
            "세대수":475.0,
            "준공년월":"2009-04-29",
            "준공년차":14.0,
            "가까운역이름":"각산",
            "가까운역거리":1105.25,
            "역세권여부":"비역세권",
            "30분이내주요거점역":0,
            "30분거점역이름":"[]",
            "1시간이내주요거점역":0,
            "1시간거점역이름":"[]",
            "3km이내백화점수":0,
            "5km이내아울렛몰수":1,
            "1km이내대형먀트수":0,
            "500m이내은행수":0,
            "500m이내병원수":0,
            "5km이내대형병원수":1,
            "500m이내공원수":4,
            "3km이내혐오시설수":0,
            "초등학교학업성취도":89.99,
            "중학교학업성취도":81.5,
            "용적률":336,
            "건폐율":17,
            "Y":35.875758,
            "X":128.716582,
            "rank":116.0,
            "area_info":"35평(116.45), 35평(116.39), 35평(116.39), 35평(116.45)",
            "last_sales":"2021-12-17,29300.0,35평(116.45)",
            "rank_history":[
                [
                    "202202",
                    116
                ],
                [
                    "202201",
                    90
                ]
            ],
            "rank_gap":-26
        },
        {
            "index":218,
            "아파트명":"불로우방맨션",
            "투자타입":"일반",
            "전용면적(m2)":"67.14",
            "전용면적(평)":"20평",
            "법정동주소":"대구시 동구 불로동 959",
            "도로명주소":"대구시 동구 공항로 150",
            "세대수":0,
            "입주년차":0,
            "용적률점수":"--",
            "건폐율점수":"--",
            "세대당주차수":0,
            "난방방식":30,
            "공급면적":"--",
            "전용률":"--",
            "욕실수":50,
            "현관타입":100,
            "주거총점":18.0,
            "지역구공급총점":0.0,
            "역세권":0,
            "30분내 이동가능 거점":0,
            "1시간내 이동가능 거점":10,
            "교통총점":2.0,
            "백화점":100,
            "아울렛몰":100,
            "대형마트":0,
            "은행":0,
            "병원":0,
            "종합병원":100,
            "공원":0,
            "혐오시설":-50,
            "인프라총점":59.0,
            "초등학군":90.01,
            "중학군":52.02,
            "학군총점":59.618,
            "인구수":35.84,
            "인구증감":2.28,
            "인구총점":25.772,
            "일자리":18.13,
            "소득수준":54.98,
            "일자리총점":29.185,
            "가치 총점":40.3854,
            "매매실거래년":20211012.0,
            "매매실거래가":17300.0,
            "전세실거래년":20210102.0,
            "전세실거래가":10500.0,
            "전세가율":60.69,
            "장기전세가율평균":72.21,
            "전세가율거품지수":11.52,
            "검색코드":11757,
            "세대수":174.0,
            "준공년월":"1993-03-25",
            "준공년차":30.0,
            "가까운역이름":"아양교",
            "가까운역거리":1621.66,
            "역세권여부":"비역세권",
            "30분이내주요거점역":0,
            "30분거점역이름":"[]",
            "1시간이내주요거점역":1,
            "1시간거점역이름":"['동대구']",
            "3km이내백화점수":1,
            "5km이내아울렛몰수":2,
            "1km이내대형먀트수":0,
            "500m이내은행수":0,
            "500m이내병원수":0,
            "5km이내대형병원수":2,
            "500m이내공원수":0,
            "3km이내혐오시설수":1,
            "초등학교학업성취도":90.01,
            "중학교학업성취도":86.7,
            "용적률":102,
            "건폐율":0,
            "Y":35.900344,
            "X":128.632117,
            "rank":117.0,
            "area_info":"20평(67.14), 22평(74.34), 27평(91.67), 29평(98.39)",
            "last_sales":"2021-10-12,17300.0,20평(67.14)",
            "rank_history":[
                [
                    "202202",
                    117
                ],
                [
                    "202201",
                    110
                ]
            ],
            "rank_gap":-7
        },
        {
            "index":105,
            "아파트명":"강촌마을우방",
            "투자타입":"일반",
            "전용면적(m2)":"40.46",
            "전용면적(평)":"12평",
            "법정동주소":"대구시 동구 방촌동 1084-30",
            "도로명주소":"대구시 동구 화랑로80길 8",
            "세대수":100,
            "입주년차":0,
            "용적률점수":"--",
            "건폐율점수":"--",
            "세대당주차수":30,
            "난방방식":80,
            "공급면적":"--",
            "전용률":"--",
            "욕실수":50,
            "현관타입":10,
            "주거총점":53.5,
            "지역구공급총점":0.0,
            "역세권":50,
            "30분내 이동가능 거점":0,
            "1시간내 이동가능 거점":10,
            "교통총점":27.0,
            "백화점":0,
            "아울렛몰":100,
            "대형마트":0,
            "은행":0,
            "병원":0,
            "종합병원":80,
            "공원":0,
            "혐오시설":0,
            "인프라총점":26.0,
            "초등학군":90.07,
            "중학군":39.68,
            "학군총점":49.758,
            "인구수":35.84,
            "인구증감":2.28,
            "인구총점":25.772,
            "일자리":18.13,
            "소득수준":54.98,
            "일자리총점":29.185,
            "가치 총점":40.1524,
            "매매실거래년":20220110.0,
            "매매실거래가":35500.0,
            "전세실거래년":20210208.0,
            "전세실거래가":7500.0,
            "전세가율":64.1,
            "장기전세가율평균":72.21,
            "전세가율거품지수":8.11,
            "검색코드":4793,
            "세대수":1504.0,
            "준공년월":"1996-07-10",
            "준공년차":27.0,
            "가까운역이름":"방촌",
            "가까운역거리":532.04,
            "역세권여부":"준역세권",
            "30분이내주요거점역":0,
            "30분거점역이름":"[]",
            "1시간이내주요거점역":1,
            "1시간거점역이름":"['동대구']",
            "3km이내백화점수":0,
            "5km이내아울렛몰수":2,
            "1km이내대형먀트수":0,
            "500m이내은행수":1,
            "500m이내병원수":0,
            "5km이내대형병원수":1,
            "500m이내공원수":0,
            "3km이내혐오시설수":0,
            "초등학교학업성취도":90.07,
            "중학교학업성취도":65.2,
            "용적률":240,
            "건폐율":21,
            "Y":35.876456,
            "X":128.665768,
            "rank":118.0,
            "area_info":"12평(40.46), 12평(41.5), 21평(72.64), 30평(100.18), 40평(133.28), 45평(149.91)",
            "last_sales":"2022-01-10,35500.0,40평(133.28)",
            "rank_history":[
                [
                    "202202",
                    118
                ],
                [
                    "202201",
                    114
                ]
            ],
            "rank_gap":-4
        },
        {
            "index":522,
            "아파트명":"강변동서마을",
            "투자타입":"일반",
            "전용면적(m2)":"69.56",
            "전용면적(평)":"21평",
            "법정동주소":"대구시 동구 용계동 467-1",
            "도로명주소":"대구시 동구 화랑로100길 17",
            "세대수":50,
            "입주년차":20,
            "용적률점수":"--",
            "건폐율점수":"--",
            "세대당주차수":30,
            "난방방식":30,
            "공급면적":"--",
            "전용률":"--",
            "욕실수":50,
            "현관타입":100,
            "주거총점":44.0,
            "지역구공급총점":0.0,
            "역세권":80,
            "30분내 이동가능 거점":0,
            "1시간내 이동가능 거점":10,
            "교통총점":42.0,
            "백화점":0,
            "아울렛몰":100,
            "대형마트":0,
            "은행":0,
            "병원":0,
            "종합병원":80,
            "공원":0,
            "혐오시설":0,
            "인프라총점":26.0,
            "초등학군":90.01,
            "중학군":39.68,
            "학군총점":49.746,
            "인구수":35.84,
            "인구증감":2.28,
            "인구총점":25.772,
            "일자리":18.13,
            "소득수준":54.98,
            "일자리총점":29.185,
            "가치 총점":40.0238,
            "매매실거래년":20211220.0,
            "매매실거래가":17300.0,
            "전세실거래년":20191204.0,
            "전세실거래가":14000.0,
            "전세가율":80.92,
            "장기전세가율평균":72.21,
            "전세가율거품지수":-8.71,
            "검색코드":5011,
            "세대수":647.0,
            "준공년월":"1999-10-15",
            "준공년차":24.0,
            "가까운역이름":"용계",
            "가까운역거리":376.47,
            "역세권여부":"역세권",
            "30분이내주요거점역":0,
            "30분거점역이름":"[]",
            "1시간이내주요거점역":1,
            "1시간거점역이름":"['동대구']",
            "3km이내백화점수":0,
            "5km이내아울렛몰수":2,
            "1km이내대형먀트수":0,
            "500m이내은행수":0,
            "500m이내병원수":0,
            "5km이내대형병원수":1,
            "500m이내공원수":0,
            "3km이내혐오시설수":0,
            "초등학교학업성취도":90.01,
            "중학교학업성취도":65.2,
            "용적률":221,
            "건폐율":22,
            "Y":35.873532,
            "X":128.679298,
            "rank":119.0,
            "area_info":"21평(69.56), 23평(78.41), 29평(96.9), 29평(96.9), 34평(113.86), 41평(138.1), 51평(171.56)",
            "last_sales":"2021-12-20,17300.0,21평(69.56)",
            "rank_history":[
                [
                    "202202",
                    119
                ],
                [
                    "202201",
                    130
                ]
            ],
            "rank_gap":11
        },
        {
            "index":65,
            "아파트명":"대구혁신엘에이치5단지",
            "투자타입":"일반",
            "전용면적(m2)":"95.66",
            "전용면적(평)":"28평",
            "법정동주소":"대구시 동구 각산동 1061",
            "도로명주소":"대구시 동구 과학로 45",
            "세대수":30,
            "입주년차":60,
            "용적률점수":"--",
            "건폐율점수":"--",
            "세대당주차수":30,
            "난방방식":100,
            "공급면적":"--",
            "전용률":"--",
            "욕실수":100,
            "현관타입":100,
            "주거총점":57.0,
            "지역구공급총점":0.0,
            "역세권":0,
            "30분내 이동가능 거점":0,
            "1시간내 이동가능 거점":0,
            "교통총점":0.0,
            "백화점":0,
            "아울렛몰":80,
            "대형마트":0,
            "은행":0,
            "병원":0,
            "종합병원":80,
            "공원":100,
            "혐오시설":0,
            "인프라총점":27.0,
            "초등학군":90.0,
            "중학군":49.26,
            "학군총점":57.408,
            "인구수":35.84,
            "인구증감":2.28,
            "인구총점":25.772,
            "일자리":18.13,
            "소득수준":54.98,
            "일자리총점":29.185,
            "가치 총점":39.5724,
            "매매실거래년":20211127.0,
            "매매실거래가":31000.0,
            "전세실거래년":20220115.0,
            "전세실거래가":26250.0,
            "전세가율":84.68,
            "장기전세가율평균":72.21,
            "전세가율거품지수":-12.47,
            "검색코드":105000,
            "세대수":350.0,
            "준공년월":"2013-12-02",
            "준공년차":10.0,
            "가까운역이름":"각산",
            "가까운역거리":1849.26,
            "역세권여부":"비역세권",
            "30분이내주요거점역":0,
            "30분거점역이름":"[]",
            "1시간이내주요거점역":0,
            "1시간거점역이름":"[]",
            "3km이내백화점수":0,
            "5km이내아울렛몰수":1,
            "1km이내대형먀트수":0,
            "500m이내은행수":0,
            "500m이내병원수":0,
            "5km이내대형병원수":1,
            "500m이내공원수":7,
            "3km이내혐오시설수":0,
            "초등학교학업성취도":90.0,
            "중학교학업성취도":81.5,
            "용적률":174,
            "건폐율":17,
            "Y":35.883224,
            "X":128.715996,
            "rank":120.0,
            "area_info":"28평(95.66), 28평(95.75), 28평(95.66), 32평(108.22), 32평(108.22)",
            "last_sales":"2021-11-27,31000.0,28평(95.66)",
            "rank_history":[
                [
                    "202202",
                    120
                ],
                [
                    "202201",
                    109
                ]
            ],
            "rank_gap":-11
        },
        {
            "index":111,
            "아파트명":"강촌마을우방2차",
            "투자타입":"일반",
            "전용면적(m2)":"79.94",
            "전용면적(평)":"24평",
            "법정동주소":"대구시 동구 방촌동 1119-100",
            "도로명주소":"대구시 동구 화랑로80길 9",
            "세대수":50,
            "입주년차":0,
            "용적률점수":"--",
            "건폐율점수":"--",
            "세대당주차수":30,
            "난방방식":30,
            "공급면적":"--",
            "전용률":"--",
            "욕실수":50,
            "현관타입":100,
            "주거총점":40.0,
            "지역구공급총점":0.0,
            "역세권":80,
            "30분내 이동가능 거점":0,
            "1시간내 이동가능 거점":10,
            "교통총점":42.0,
            "백화점":0,
            "아울렛몰":100,
            "대형마트":0,
            "은행":0,
            "병원":0,
            "종합병원":80,
            "공원":0,
            "혐오시설":0,
            "인프라총점":26.0,
            "초등학군":90.01,
            "중학군":39.68,
            "학군총점":49.746,
            "인구수":35.84,
            "인구증감":2.28,
            "인구총점":25.772,
            "일자리":18.13,
            "소득수준":54.98,
            "일자리총점":29.185,
            "가치 총점":39.0238,
            "매매실거래년":20211013.0,
            "매매실거래가":40000.0,
            "전세실거래년":20210807.0,
            "전세실거래가":15500.0,
            "전세가율":64.05,
            "장기전세가율평균":72.21,
            "전세가율거품지수":8.16,
            "검색코드":4797,
            "세대수":420.0,
            "준공년월":"1998-12-29",
            "준공년차":25.0,
            "가까운역이름":"방촌",
            "가까운역거리":437.1,
            "역세권여부":"역세권",
            "30분이내주요거점역":0,
            "30분거점역이름":"[]",
            "1시간이내주요거점역":1,
            "1시간거점역이름":"['동대구']",
            "3km이내백화점수":0,
            "5km이내아울렛몰수":2,
            "1km이내대형먀트수":0,
            "500m이내은행수":1,
            "500m이내병원수":0,
            "5km이내대형병원수":1,
            "500m이내공원수":0,
            "3km이내혐오시설수":0,
            "초등학교학업성취도":90.01,
            "중학교학업성취도":65.2,
            "용적률":217,
            "건폐율":21,
            "Y":35.87571,
            "X":128.6701,
            "rank":121.0,
            "area_info":"24평(79.94), 32평(108.44), 48평(161.48)",
            "last_sales":"2021-10-13,40000.0,48평(161.48)",
            "rank_history":[
                [
                    "202202",
                    121
                ],
                [
                    "202201",
                    131
                ]
            ],
            "rank_gap":10
        },
        {
            "index":142,
            "아파트명":"방촌청구제네스",
            "투자타입":"일반",
            "전용면적(m2)":"96.13",
            "전용면적(평)":"29평",
            "법정동주소":"대구시 동구 방촌동 1084-207",
            "도로명주소":"대구시 동구 화랑로75길 6",
            "세대수":0,
            "입주년차":40,
            "용적률점수":"--",
            "건폐율점수":"--",
            "세대당주차수":30,
            "난방방식":30,
            "공급면적":"--",
            "전용률":"--",
            "욕실수":50,
            "현관타입":100,
            "주거총점":30.5,
            "지역구공급총점":0.0,
            "역세권":80,
            "30분내 이동가능 거점":0,
            "1시간내 이동가능 거점":10,
            "교통총점":42.0,
            "백화점":0,
            "아울렛몰":100,
            "대형마트":0,
            "은행":70,
            "병원":0,
            "종합병원":80,
            "공원":0,
            "혐오시설":0,
            "인프라총점":33.0,
            "초등학군":90.07,
            "중학군":39.68,
            "학군총점":49.758,
            "인구수":35.84,
            "인구증감":2.28,
            "인구총점":25.772,
            "일자리":18.13,
            "소득수준":54.98,
            "일자리총점":29.185,
            "가치 총점":38.7524,
            "매매실거래년":20211005.0,
            "매매실거래가":33000.0,
            "전세실거래년":20180208.0,
            "전세실거래가":22000.0,
            "전세가율":91.67,
            "장기전세가율평균":72.21,
            "전세가율거품지수":-19.46,
            "검색코드":18277,
            "세대수":130.0,
            "준공년월":"2006-04-14",
            "준공년차":17.0,
            "가까운역이름":"방촌",
            "가까운역거리":376.21,
            "역세권여부":"역세권",
            "30분이내주요거점역":0,
            "30분거점역이름":"[]",
            "1시간이내주요거점역":1,
            "1시간거점역이름":"['동대구']",
            "3km이내백화점수":0,
            "5km이내아울렛몰수":2,
            "1km이내대형먀트수":0,
            "500m이내은행수":3,
            "500m이내병원수":0,
            "5km이내대형병원수":1,
            "500m이내공원수":0,
            "3km이내혐오시설수":0,
            "초등학교학업성취도":90.07,
            "중학교학업성취도":65.2,
            "용적률":184,
            "건폐율":21,
            "Y":35.87784,
            "X":128.66664,
            "rank":122.0,
            "area_info":"29평(96.13), 31평(104.84)",
            "last_sales":"2021-10-05,33000.0,31평(104.84)",
            "rank_history":[
                [
                    "202202",
                    122
                ],
                [
                    "202201",
                    127
                ]
            ],
            "rank_gap":5
        },
        {
            "index":529,
            "아파트명":"용계삼산타운",
            "투자타입":"일반",
            "전용면적(m2)":"36.67",
            "전용면적(평)":"11평",
            "법정동주소":"대구시 동구 용계동 728-1",
            "도로명주소":"대구시 동구 반야월로6길 20",
            "세대수":0,
            "입주년차":20,
            "용적률점수":"--",
            "건폐율점수":"--",
            "세대당주차수":30,
            "난방방식":30,
            "공급면적":"--",
            "전용률":"--",
            "욕실수":50,
            "현관타입":10,
            "주거총점":17.5,
            "지역구공급총점":0.0,
            "역세권":80,
            "30분내 이동가능 거점":0,
            "1시간내 이동가능 거점":10,
            "교통총점":42.0,
            "백화점":0,
            "아울렛몰":80,
            "대형마트":80,
            "은행":0,
            "병원":0,
            "종합병원":80,
            "공원":80,
            "혐오시설":0,
            "인프라총점":38.4,
            "초등학군":89.99,
            "중학군":45.72,
            "학군총점":54.574,
            "인구수":35.84,
            "인구증감":2.28,
            "인구총점":25.772,
            "일자리":18.13,
            "소득수준":54.98,
            "일자리총점":29.185,
            "가치 총점":38.5672,
            "매매실거래년":20210307.0,
            "매매실거래가":19700.0,
            "전세실거래년":20200814.0,
            "전세실거래가":6000.0,
            "전세가율":77.92,
            "장기전세가율평균":72.21,
            "전세가율거품지수":-5.71,
            "검색코드":5019,
            "세대수":138.0,
            "준공년월":"2000-07-10",
            "준공년차":23.0,
            "가까운역이름":"율하",
            "가까운역거리":380.37,
            "역세권여부":"역세권",
            "30분이내주요거점역":0,
            "30분거점역이름":"[]",
            "1시간이내주요거점역":1,
            "1시간거점역이름":"['동대구']",
            "3km이내백화점수":0,
            "5km이내아울렛몰수":1,
            "1km이내대형먀트수":1,
            "500m이내은행수":0,
            "500m이내병원수":0,
            "5km이내대형병원수":1,
            "500m이내공원수":1,
            "3km이내혐오시설수":0,
            "초등학교학업성취도":89.99,
            "중학교학업성취도":76.2,
            "용적률":174,
            "건폐율":24,
            "Y":35.873222,
            "X":128.692639,
            "rank":123.0,
            "area_info":"11평(36.67), 22평(74.12), 29평(97.16), 29평(97.16)",
            "last_sales":"2021-03-07,19700.0,29평(97.16)",
            "rank_history":[
                [
                    "202202",
                    123
                ],
                [
                    "202201",
                    132
                ]
            ],
            "rank_gap":9
        },
        {
            "index":70,
            "아파트명":"안심효성타운",
            "투자타입":"일반",
            "전용면적(m2)":"70.38",
            "전용면적(평)":"21평",
            "법정동주소":"대구시 동구 각산동 383-1",
            "도로명주소":"대구시 동구 경안로 809",
            "세대수":30,
            "입주년차":0,
            "용적률점수":"--",
            "건폐율점수":"--",
            "세대당주차수":30,
            "난방방식":30,
            "공급면적":"--",
            "전용률":"--",
            "욕실수":50,
            "현관타입":100,
            "주거총점":33.0,
            "지역구공급총점":0.0,
            "역세권":50,
            "30분내 이동가능 거점":0,
            "1시간내 이동가능 거점":10,
            "교통총점":27.0,
            "백화점":0,
            "아울렛몰":80,
            "대형마트":0,
            "은행":0,
            "병원":0,
            "종합병원":80,
            "공원":100,
            "혐오시설":0,
            "인프라총점":27.0,
            "초등학군":89.99,
            "중학군":49.26,
            "학군총점":57.406,
            "인구수":35.84,
            "인구증감":2.28,
            "인구총점":25.772,
            "일자리":18.13,
            "소득수준":54.98,
            "일자리총점":29.185,
            "가치 총점":37.6218,
            "매매실거래년":20211226.0,
            "매매실거래가":19500.0,
            "전세실거래년":20211212.0,
            "전세실거래가":13000.0,
            "전세가율":67.01,
            "장기전세가율평균":72.21,
            "전세가율거품지수":5.2,
            "검색코드":4749,
            "세대수":392.0,
            "준공년월":"1995-07-28",
            "준공년차":28.0,
            "가까운역이름":"반야월",
            "가까운역거리":945.4,
            "역세권여부":"준역세권",
            "30분이내주요거점역":0,
            "30분거점역이름":"[]",
            "1시간이내주요거점역":1,
            "1시간거점역이름":"['동대구']",
            "3km이내백화점수":0,
            "5km이내아울렛몰수":1,
            "1km이내대형먀트수":0,
            "500m이내은행수":1,
            "500m이내병원수":0,
            "5km이내대형병원수":1,
            "500m이내공원수":2,
            "3km이내혐오시설수":0,
            "초등학교학업성취도":89.99,
            "중학교학업성취도":81.5,
            "용적률":167,
            "건폐율":20,
            "Y":35.874469,
            "X":128.713569,
            "rank":124.0,
            "area_info":"21평(70.38), 25평(84.44), 29평(96.06)",
            "last_sales":"2021-12-26,19500.0,29평(96.06)",
            "rank_history":[
                [
                    "202202",
                    124
                ],
                [
                    "202201",
                    128
                ]
            ],
            "rank_gap":4
        },
        {
            "index":38,
            "아파트명":"대구혁신LH천년나무3단지",
            "투자타입":"일반",
            "전용면적(m2)":"97.93",
            "전용면적(평)":"29평",
            "법정동주소":"대구시 동구 각산동 1043",
            "도로명주소":"대구시 동구 과학로13길 30",
            "세대수":50,
            "입주년차":80,
            "용적률점수":"--",
            "건폐율점수":"--",
            "세대당주차수":30,
            "난방방식":100,
            "공급면적":"--",
            "전용률":"--",
            "욕실수":100,
            "현관타입":100,
            "주거총점":68.0,
            "지역구공급총점":0.0,
            "역세권":0,
            "30분내 이동가능 거점":0,
            "1시간내 이동가능 거점":0,
            "교통총점":0.0,
            "백화점":0,
            "아울렛몰":80,
            "대형마트":0,
            "은행":0,
            "병원":0,
            "종합병원":0,
            "공원":100,
            "혐오시설":0,
            "인프라총점":11.0,
            "초등학군":90.0,
            "중학군":49.26,
            "학군총점":57.408,
            "인구수":35.84,
            "인구증감":2.28,
            "인구총점":25.772,
            "일자리":18.13,
            "소득수준":54.98,
            "일자리총점":29.185,
            "가치 총점":37.5224,
            "매매실거래년":"18000101",
            "매매실거래가":null,
            "전세실거래년":null,
            "전세실거래가":null,
            "전세가율":null,
            "장기전세가율평균":72.21,
            "전세가율거품지수":null,
            "검색코드":138368,
            "세대수":448.0,
            "준공년월":"2014-09-18",
            "준공년차":9.0,
            "가까운역이름":"각산",
            "가까운역거리":2228.0,
            "역세권여부":"비역세권",
            "30분이내주요거점역":0,
            "30분거점역이름":"[]",
            "1시간이내주요거점역":0,
            "1시간거점역이름":"[]",
            "3km이내백화점수":0,
            "5km이내아울렛몰수":1,
            "1km이내대형먀트수":0,
            "500m이내은행수":0,
            "500m이내병원수":0,
            "5km이내대형병원수":0,
            "500m이내공원수":5,
            "3km이내혐오시설수":0,
            "초등학교학업성취도":90.0,
            "중학교학업성취도":81.5,
            "용적률":179,
            "건폐율":16,
            "Y":35.887121,
            "X":128.716873,
            "rank":125.0,
            "area_info":"29평(97.93), 29평(98.93), 33평(110.99)",
            "last_sales":"1800-01-01,nan,29평(97.93)",
            "rank_history":[
                [
                    "202202",
                    125
                ],
                [
                    "202201",
                    120
                ]
            ],
            "rank_gap":-5
        },
        {
            "index":35,
            "아파트명":"대구혁신LH4단지",
            "투자타입":"일반",
            "전용면적(m2)":"83.12",
            "전용면적(평)":"25평",
            "법정동주소":"대구시 동구 각산동 1054",
            "도로명주소":"대구시 동구 경안로 956",
            "세대수":50,
            "입주년차":80,
            "용적률점수":"--",
            "건폐율점수":"--",
            "세대당주차수":30,
            "난방방식":100,
            "공급면적":"--",
            "전용률":"--",
            "욕실수":100,
            "현관타입":100,
            "주거총점":68.0,
            "지역구공급총점":0.0,
            "역세권":0,
            "30분내 이동가능 거점":0,
            "1시간내 이동가능 거점":0,
            "교통총점":0.0,
            "백화점":0,
            "아울렛몰":80,
            "대형마트":0,
            "은행":0,
            "병원":0,
            "종합병원":0,
            "공원":100,
            "혐오시설":0,
            "인프라총점":11.0,
            "초등학군":90.0,
            "중학군":49.26,
            "학군총점":57.408,
            "인구수":35.84,
            "인구증감":2.28,
            "인구총점":25.772,
            "일자리":18.13,
            "소득수준":54.98,
            "일자리총점":29.185,
            "가치 총점":37.5224,
            "매매실거래년":20220117.0,
            "매매실거래가":27500.0,
            "전세실거래년":20220128.0,
            "전세실거래가":22000.0,
            "전세가율":80.0,
            "장기전세가율평균":72.21,
            "전세가율거품지수":-7.79,
            "검색코드":112871,
            "세대수":572.0,
            "준공년월":"2017-09-19",
            "준공년차":6.0,
            "가까운역이름":"각산",
            "가까운역거리":2078.8,
            "역세권여부":"비역세권",
            "30분이내주요거점역":0,
            "30분거점역이름":"[]",
            "1시간이내주요거점역":0,
            "1시간거점역이름":"[]",
            "3km이내백화점수":0,
            "5km이내아울렛몰수":1,
            "1km이내대형먀트수":0,
            "500m이내은행수":0,
            "500m이내병원수":0,
            "5km이내대형병원수":0,
            "500m이내공원수":5,
            "3km이내혐오시설수":0,
            "초등학교학업성취도":90.0,
            "중학교학업성취도":81.5,
            "용적률":172,
            "건폐율":21,
            "Y":35.886137,
            "X":128.718674,
            "rank":125.0,
            "area_info":"25평(83.12), 25평(83.43), 25평(83.12)",
            "last_sales":"2022-01-17,27500.0,25평(83.12)",
            "rank_history":[
                [
                    "202202",
                    125
                ],
                [
                    "202201",
                    120
                ]
            ],
            "rank_gap":-5
        },
        {
            "index":33,
            "아파트명":"금강진우타운",
            "투자타입":"일반",
            "전용면적(m2)":"78.5",
            "전용면적(평)":"23평",
            "법정동주소":"대구시 동구 각산동 404-1",
            "도로명주소":"대구시 동구 반야월북로 175",
            "세대수":0,
            "입주년차":0,
            "용적률점수":"--",
            "건폐율점수":"--",
            "세대당주차수":0,
            "난방방식":30,
            "공급면적":"--",
            "전용률":"--",
            "욕실수":50,
            "현관타입":100,
            "주거총점":18.0,
            "지역구공급총점":0.0,
            "역세권":50,
            "30분내 이동가능 거점":0,
            "1시간내 이동가능 거점":10,
            "교통총점":27.0,
            "백화점":0,
            "아울렛몰":80,
            "대형마트":80,
            "은행":0,
            "병원":0,
            "종합병원":80,
            "공원":80,
            "혐오시설":0,
            "인프라총점":38.4,
            "초등학군":89.99,
            "중학군":49.26,
            "학군총점":57.406,
            "인구수":35.84,
            "인구증감":2.28,
            "인구총점":25.772,
            "일자리":18.13,
            "소득수준":54.98,
            "일자리총점":29.185,
            "가치 총점":37.2918,
            "매매실거래년":20211210.0,
            "매매실거래가":14500.0,
            "전세실거래년":20211115.0,
            "전세실거래가":11000.0,
            "전세가율":75.86,
            "장기전세가율평균":72.21,
            "전세가율거품지수":-3.65,
            "검색코드":9751,
            "세대수":140.0,
            "준공년월":"1996-01-16",
            "준공년차":27.0,
            "가까운역이름":"반야월",
            "가까운역거리":884.09,
            "역세권여부":"준역세권",
            "30분이내주요거점역":0,
            "30분거점역이름":"[]",
            "1시간이내주요거점역":1,
            "1시간거점역이름":"['동대구']",
            "3km이내백화점수":0,
            "5km이내아울렛몰수":1,
            "1km이내대형먀트수":1,
            "500m이내은행수":0,
            "500m이내병원수":0,
            "5km이내대형병원수":1,
            "500m이내공원수":1,
            "3km이내혐오시설수":0,
            "초등학교학업성취도":89.99,
            "중학교학업성취도":81.5,
            "용적률":238,
            "건폐율":19,
            "Y":35.87342,
            "X":128.71702,
            "rank":126.0,
            "area_info":"23평(78.5), 23평(79.01)",
            "last_sales":"2021-12-10,14500.0,23평(78.5)",
            "rank_history":[
                [
                    "202202",
                    126
                ],
                [
                    "202201",
                    133
                ]
            ],
            "rank_gap":7
        },
        {
            "index":240,
            "아파트명":"혁신도시서한e스테이(민간임대)",
            "투자타입":"일반",
            "전용면적(m2)":"78.03",
            "전용면적(평)":"23평",
            "법정동주소":"대구시 동구 사복동 852",
            "도로명주소":"대구시 동구 혁신대로 504",
            "세대수":50,
            "입주년차":100,
            "용적률점수":"--",
            "건폐율점수":"--",
            "세대당주차수":30,
            "난방방식":100,
            "공급면적":"--",
            "전용률":"--",
            "욕실수":100,
            "현관타입":100,
            "주거총점":72.0,
            "지역구공급총점":0.0,
            "역세권":0,
            "30분내 이동가능 거점":0,
            "1시간내 이동가능 거점":0,
            "교통총점":0.0,
            "백화점":0,
            "아울렛몰":0,
            "대형마트":0,
            "은행":0,
            "병원":0,
            "종합병원":0,
            "공원":100,
            "혐오시설":0,
            "인프라총점":3.0,
            "초등학군":89.93,
            "중학군":52.82,
            "학군총점":60.242,
            "인구수":35.84,
            "인구증감":2.28,
            "인구총점":25.772,
            "일자리":18.13,
            "소득수준":54.98,
            "일자리총점":29.185,
            "가치 총점":36.9726,
            "매매실거래년":"18000101",
            "매매실거래가":null,
            "전세실거래년":20200226.0,
            "전세실거래가":7900.0,
            "전세가율":null,
            "장기전세가율평균":72.21,
            "전세가율거품지수":null,
            "검색코드":137506,
            "세대수":477.0,
            "준공년월":"2020-03-31",
            "준공년차":3.0,
            "가까운역이름":"안심",
            "가까운역거리":1738.59,
            "역세권여부":"비역세권",
            "30분이내주요거점역":0,
            "30분거점역이름":"[]",
            "1시간이내주요거점역":0,
            "1시간거점역이름":"[]",
            "3km이내백화점수":0,
            "5km이내아울렛몰수":0,
            "1km이내대형먀트수":0,
            "500m이내은행수":0,
            "500m이내병원수":0,
            "5km이내대형병원수":0,
            "500m이내공원수":4,
            "3km이내혐오시설수":0,
            "초등학교학업성취도":89.93,
            "중학교학업성취도":87.7,
            "용적률":179,
            "건폐율":20,
            "Y":35.874136,
            "X":128.752725,
            "rank":127.0,
            "area_info":"23평(78.03), 23평(78.98), 23평(78.65)",
            "last_sales":"1800-01-01,nan,23평(78.03)",
            "rank_history":[
                [
                    "202202",
                    127
                ],
                [
                    "202201",
                    123
                ]
            ],
            "rank_gap":-4
        },
        {
            "index":93,
            "아파트명":"대구혁신도시서한이다음3차",
            "투자타입":"일반",
            "전용면적(m2)":"97.02",
            "전용면적(평)":"29평",
            "법정동주소":"대구시 동구 대림동 885",
            "도로명주소":"대구시 동구 혁신대로 443",
            "세대수":30,
            "입주년차":80,
            "용적률점수":"--",
            "건폐율점수":"--",
            "세대당주차수":30,
            "난방방식":100,
            "공급면적":"--",
            "전용률":"--",
            "욕실수":100,
            "현관타입":100,
            "주거총점":61.0,
            "지역구공급총점":0.0,
            "역세권":0,
            "30분내 이동가능 거점":0,
            "1시간내 이동가능 거점":0,
            "교통총점":0.0,
            "백화점":0,
            "아울렛몰":80,
            "대형마트":0,
            "은행":0,
            "병원":0,
            "종합병원":0,
            "공원":100,
            "혐오시설":0,
            "인프라총점":11.0,
            "초등학군":89.93,
            "중학군":52.82,
            "학군총점":60.242,
            "인구수":35.84,
            "인구증감":2.28,
            "인구총점":25.772,
            "일자리":18.13,
            "소득수준":54.98,
            "일자리총점":29.185,
            "가치 총점":36.6226,
            "매매실거래년":20211218.0,
            "매매실거래가":35000.0,
            "전세실거래년":20210511.0,
            "전세실거래가":27000.0,
            "전세가율":91.22,
            "장기전세가율평균":72.21,
            "전세가율거품지수":-19.01,
            "검색코드":108478,
            "세대수":380.0,
            "준공년월":"2016-06-15",
            "준공년차":7.0,
            "가까운역이름":"안심",
            "가까운역거리":1255.25,
            "역세권여부":"비역세권",
            "30분이내주요거점역":0,
            "30분거점역이름":"[]",
            "1시간이내주요거점역":0,
            "1시간거점역이름":"[]",
            "3km이내백화점수":0,
            "5km이내아울렛몰수":1,
            "1km이내대형먀트수":0,
            "500m이내은행수":0,
            "500m이내병원수":0,
            "5km이내대형병원수":0,
            "500m이내공원수":3,
            "3km이내혐오시설수":0,
            "초등학교학업성취도":89.93,
            "중학교학업성취도":87.7,
            "용적률":179,
            "건폐율":22,
            "Y":35.875302,
            "X":128.746755,
            "rank":128.0,
            "area_info":"29평(97.02), 31평(104.15)",
            "last_sales":"2021-12-18,35000.0,31평(104.15)",
            "rank_history":[
                [
                    "202202",
                    128
                ],
                [
                    "202201",
                    125
                ]
            ],
            "rank_gap":-3
        },
        {
            "index":234,
            "아파트명":"대구혁신LH이노힐즈",
            "투자타입":"일반",
            "전용면적(m2)":"97.33",
            "전용면적(평)":"29평",
            "법정동주소":"대구시 동구 사복동 838",
            "도로명주소":"대구시 동구 메디밸리로 35",
            "세대수":50,
            "입주년차":80,
            "용적률점수":"--",
            "건폐율점수":"--",
            "세대당주차수":30,
            "난방방식":100,
            "공급면적":"--",
            "전용률":"--",
            "욕실수":100,
            "현관타입":100,
            "주거총점":68.0,
            "지역구공급총점":0.0,
            "역세권":0,
            "30분내 이동가능 거점":0,
            "1시간내 이동가능 거점":0,
            "교통총점":0.0,
            "백화점":0,
            "아울렛몰":0,
            "대형마트":0,
            "은행":0,
            "병원":0,
            "종합병원":0,
            "공원":100,
            "혐오시설":0,
            "인프라총점":3.0,
            "초등학군":89.93,
            "중학군":52.82,
            "학군총점":60.242,
            "인구수":35.84,
            "인구증감":2.28,
            "인구총점":25.772,
            "일자리":18.13,
            "소득수준":54.98,
            "일자리총점":29.185,
            "가치 총점":35.9726,
            "매매실거래년":20220115.0,
            "매매실거래가":30000.0,
            "전세실거래년":20211126.0,
            "전세실거래가":28000.0,
            "전세가율":93.33,
            "장기전세가율평균":72.21,
            "전세가율거품지수":-21.12,
            "검색코드":107578,
            "세대수":487.0,
            "준공년월":"2015-12-23",
            "준공년차":8.0,
            "가까운역이름":"안심",
            "가까운역거리":1425.04,
            "역세권여부":"비역세권",
            "30분이내주요거점역":0,
            "30분거점역이름":"[]",
            "1시간이내주요거점역":0,
            "1시간거점역이름":"[]",
            "3km이내백화점수":0,
            "5km이내아울렛몰수":0,
            "1km이내대형먀트수":0,
            "500m이내은행수":0,
            "500m이내병원수":0,
            "5km이내대형병원수":0,
            "500m이내공원수":4,
            "3km이내혐오시설수":0,
            "초등학교학업성취도":89.93,
            "중학교학업성취도":87.7,
            "용적률":178,
            "건폐율":21,
            "Y":35.875918,
            "X":128.748481,
            "rank":129.0,
            "area_info":"29평(97.33), 29평(97.33), 29평(97.33), 33평(110.3), 33평(110.29), 33평(110.3)",
            "last_sales":"2022-01-15,30000.0,29평(97.33)",
            "rank_history":[
                [
                    "202202",
                    129
                ],
                [
                    "202201",
                    115
                ]
            ],
            "rank_gap":-14
        },
        {
            "index":73,
            "아파트명":"혁신도시서원프레시빌(도시형)",
            "투자타입":"일반",
            "전용면적(m2)":"69.66",
            "전용면적(평)":"21평",
            "법정동주소":"대구시 동구 각산동 909",
            "도로명주소":"대구시 동구 반야월북로27길 21-8",
            "세대수":0,
            "입주년차":80,
            "용적률점수":"--",
            "건폐율점수":"--",
            "세대당주차수":30,
            "난방방식":30,
            "공급면적":"--",
            "전용률":"--",
            "욕실수":50,
            "현관타입":100,
            "주거총점":38.5,
            "지역구공급총점":0.0,
            "역세권":0,
            "30분내 이동가능 거점":0,
            "1시간내 이동가능 거점":10,
            "교통총점":2.0,
            "백화점":0,
            "아울렛몰":80,
            "대형마트":0,
            "은행":0,
            "병원":0,
            "종합병원":80,
            "공원":100,
            "혐오시설":0,
            "인프라총점":27.0,
            "초등학군":89.99,
            "중학군":49.26,
            "학군총점":57.406,
            "인구수":35.84,
            "인구증감":2.28,
            "인구총점":25.772,
            "일자리":18.13,
            "소득수준":54.98,
            "일자리총점":29.185,
            "가치 총점":35.2468,
            "매매실거래년":20211223.0,
            "매매실거래가":15800.0,
            "전세실거래년":20211230.0,
            "전세실거래가":16000.0,
            "전세가율":101.27,
            "장기전세가율평균":72.21,
            "전세가율거품지수":-29.06,
            "검색코드":110229,
            "세대수":128.0,
            "준공년월":"2016-06-01",
            "준공년차":7.0,
            "가까운역이름":"반야월",
            "가까운역거리":1043.21,
            "역세권여부":"비역세권",
            "30분이내주요거점역":0,
            "30분거점역이름":"[]",
            "1시간이내주요거점역":1,
            "1시간거점역이름":"['동대구']",
            "3km이내백화점수":0,
            "5km이내아울렛몰수":1,
            "1km이내대형먀트수":0,
            "500m이내은행수":1,
            "500m이내병원수":0,
            "5km이내대형병원수":1,
            "500m이내공원수":2,
            "3km이내혐오시설수":0,
            "초등학교학업성취도":89.99,
            "중학교학업성취도":81.5,
            "용적률":0,
            "건폐율":0,
            "Y":35.87531,
            "X":128.712553,
            "rank":130.0,
            "area_info":"21평(69.66)",
            "last_sales":"2021-12-23,15800.0,21평(69.66)",
            "rank_history":[
                [
                    "202202",
                    130
                ],
                [
                    "202201",
                    126
                ]
            ],
            "rank_gap":-4
        },
        {
            "index":147,
            "아파트명":"보성강남타운",
            "투자타입":"일반",
            "전용면적(m2)":"78.23",
            "전용면적(평)":"23평",
            "법정동주소":"대구시 동구 방촌동 1119-5",
            "도로명주소":"대구시 동구 화랑로88길 30",
            "세대수":30,
            "입주년차":0,
            "용적률점수":"--",
            "건폐율점수":"--",
            "세대당주차수":30,
            "난방방식":30,
            "공급면적":"--",
            "전용률":"--",
            "욕실수":50,
            "현관타입":100,
            "주거총점":33.0,
            "지역구공급총점":0.0,
            "역세권":50,
            "30분내 이동가능 거점":0,
            "1시간내 이동가능 거점":10,
            "교통총점":27.0,
            "백화점":0,
            "아울렛몰":100,
            "대형마트":0,
            "은행":0,
            "병원":0,
            "종합병원":80,
            "공원":0,
            "혐오시설":0,
            "인프라총점":26.0,
            "초등학군":90.01,
            "중학군":39.68,
            "학군총점":49.746,
            "인구수":35.84,
            "인구증감":2.28,
            "인구총점":25.772,
            "일자리":18.13,
            "소득수준":54.98,
            "일자리총점":29.185,
            "가치 총점":35.0238,
            "매매실거래년":20210828.0,
            "매매실거래가":24500.0,
            "전세실거래년":20211220.0,
            "전세실거래가":20000.0,
            "전세가율":81.63,
            "장기전세가율평균":72.21,
            "전세가율거품지수":-9.42,
            "검색코드":4765,
            "세대수":330.0,
            "준공년월":"1997-11-28",
            "준공년차":26.0,
            "가까운역이름":"방촌",
            "가까운역거리":526.62,
            "역세권여부":"준역세권",
            "30분이내주요거점역":0,
            "30분거점역이름":"[]",
            "1시간이내주요거점역":1,
            "1시간거점역이름":"['동대구']",
            "3km이내백화점수":0,
            "5km이내아울렛몰수":2,
            "1km이내대형먀트수":0,
            "500m이내은행수":1,
            "500m이내병원수":0,
            "5km이내대형병원수":1,
            "500m이내공원수":0,
            "3km이내혐오시설수":0,
            "초등학교학업성취도":90.01,
            "중학교학업성취도":65.2,
            "용적률":282,
            "건폐율":26,
            "Y":35.874949,
            "X":128.669376,
            "rank":131.0,
            "area_info":"23평(78.23), 31평(105.09)",
            "last_sales":"2021-08-28,24500.0,23평(78.23)",
            "rank_history":[
                [
                    "202202",
                    131
                ],
                [
                    "202201",
                    137
                ]
            ],
            "rank_gap":6
        },
        {
            "index":659,
            "아파트명":"팔공보성타운3차",
            "투자타입":"일반",
            "전용면적(m2)":"80.37",
            "전용면적(평)":"24평",
            "법정동주소":"대구시 동구 지묘동 824",
            "도로명주소":"대구시 동구 파계로 71",
            "세대수":50,
            "입주년차":20,
            "용적률점수":"--",
            "건폐율점수":"--",
            "세대당주차수":30,
            "난방방식":30,
            "공급면적":"--",
            "전용률":"--",
            "욕실수":100,
            "현관타입":100,
            "주거총점":49.0,
            "지역구공급총점":0.0,
            "역세권":0,
            "30분내 이동가능 거점":0,
            "1시간내 이동가능 거점":0,
            "교통총점":0.0,
            "백화점":0,
            "아울렛몰":80,
            "대형마트":0,
            "은행":0,
            "병원":0,
            "종합병원":0,
            "공원":100,
            "혐오시설":0,
            "인프라총점":11.0,
            "초등학군":90.0,
            "중학군":56.48,
            "학군총점":63.184,
            "인구수":35.84,
            "인구증감":2.28,
            "인구총점":25.772,
            "일자리":18.13,
            "소득수준":54.98,
            "일자리총점":29.185,
            "가치 총점":34.5052,
            "매매실거래년":20211224.0,
            "매매실거래가":18200.0,
            "전세실거래년":20211104.0,
            "전세실거래가":15000.0,
            "전세가율":82.42,
            "장기전세가율평균":72.21,
            "전세가율거품지수":-10.21,
            "검색코드":10085,
            "세대수":650.0,
            "준공년월":"2001-12-29",
            "준공년차":22.0,
            "가까운역이름":"아양교",
            "가까운역거리":5935.74,
            "역세권여부":"비역세권",
            "30분이내주요거점역":0,
            "30분거점역이름":"[]",
            "1시간이내주요거점역":0,
            "1시간거점역이름":"[]",
            "3km이내백화점수":0,
            "5km이내아울렛몰수":1,
            "1km이내대형먀트수":0,
            "500m이내은행수":0,
            "500m이내병원수":0,
            "5km이내대형병원수":0,
            "500m이내공원수":2,
            "3km이내혐오시설수":0,
            "초등학교학업성취도":90.0,
            "중학교학업성취도":93.2,
            "용적률":255,
            "건폐율":22,
            "Y":35.940517,
            "X":128.636645,
            "rank":132.0,
            "area_info":"24평(80.37), 29평(96.46), 32평(107.13), 48평(161.35), 65평(215.01)",
            "last_sales":"2021-12-24,18200.0,24평(80.37)",
            "rank_history":[
                [
                    "202202",
                    132
                ],
                [
                    "202201",
                    129
                ]
            ],
            "rank_gap":-3
        },
        {
            "index":95,
            "아파트명":"공항3차",
            "투자타입":"재건축",
            "전용면적(m2)":"66.0",
            "전용면적(평)":"19평",
            "법정동주소":"대구시 동구 도동 20-5",
            "도로명주소":"대구시 동구 팔공로26길 49",
            "세대수":0,
            "입주년차":"--",
            "용적률점수":60,
            "건폐율점수":0,
            "세대당주차수":"--",
            "난방방식":"--",
            "공급면적":50,
            "전용률":60,
            "욕실수":"--",
            "현관타입":"--",
            "주거총점":29.5,
            "지역구공급총점":0.0,
            "역세권":0,
            "30분내 이동가능 거점":0,
            "1시간내 이동가능 거점":10,
            "교통총점":2.0,
            "백화점":0,
            "아울렛몰":100,
            "대형마트":0,
            "은행":0,
            "병원":0,
            "종합병원":80,
            "공원":0,
            "혐오시설":0,
            "인프라총점":26.0,
            "초등학군":90.01,
            "중학군":56.48,
            "학군총점":63.186,
            "인구수":35.84,
            "인구증감":2.28,
            "인구총점":25.772,
            "일자리":18.13,
            "소득수준":54.98,
            "일자리총점":29.185,
            "가치 총점":34.4308,
            "매매실거래년":20211231.0,
            "매매실거래가":11800.0,
            "전세실거래년":20210914.0,
            "전세실거래가":6000.0,
            "전세가율":63.16,
            "장기전세가율평균":72.21,
            "전세가율거품지수":9.05,
            "검색코드":4763,
            "세대수":290.0,
            "준공년월":"1990-08-22",
            "준공년차":33.0,
            "가까운역이름":"아양교",
            "가까운역거리":2655.2,
            "역세권여부":"비역세권",
            "30분이내주요거점역":0,
            "30분거점역이름":"[]",
            "1시간이내주요거점역":1,
            "1시간거점역이름":"['동대구']",
            "3km이내백화점수":0,
            "5km이내아울렛몰수":2,
            "1km이내대형먀트수":0,
            "500m이내은행수":0,
            "500m이내병원수":0,
            "5km이내대형병원수":1,
            "500m이내공원수":0,
            "3km이내혐오시설수":0,
            "초등학교학업성취도":90.01,
            "중학교학업성취도":93.2,
            "용적률":181,
            "건폐율":0,
            "Y":35.91052,
            "X":128.64627,
            "rank":133.0,
            "area_info":"19평(66.0), 22평(75.61)",
            "last_sales":"2021-12-31,11800.0,22평(75.61)",
            "rank_history":[
                [
                    "202202",
                    133
                ],
                [
                    "202201",
                    134
                ]
            ],
            "rank_gap":1
        },
        {
            "index":243,
            "아파트명":"대구혁신도시서한이다음4차",
            "투자타입":"일반",
            "전용면적(m2)":"108.15",
            "전용면적(평)":"32평",
            "법정동주소":"대구시 동구 숙천동 388",
            "도로명주소":"대구시 동구 초례로 50",
            "세대수":0,
            "입주년차":80,
            "용적률점수":"--",
            "건폐율점수":"--",
            "세대당주차수":60,
            "난방방식":100,
            "공급면적":"--",
            "전용률":"--",
            "욕실수":100,
            "현관타입":100,
            "주거총점":55.0,
            "지역구공급총점":0.0,
            "역세권":0,
            "30분내 이동가능 거점":0,
            "1시간내 이동가능 거점":0,
            "교통총점":0.0,
            "백화점":0,
            "아울렛몰":0,
            "대형마트":0,
            "은행":0,
            "병원":0,
            "종합병원":0,
            "공원":100,
            "혐오시설":0,
            "인프라총점":3.0,
            "초등학군":89.93,
            "중학군":52.82,
            "학군총점":60.242,
            "인구수":35.84,
            "인구증감":2.28,
            "인구총점":25.772,
            "일자리":18.13,
            "소득수준":54.98,
            "일자리총점":29.185,
            "가치 총점":32.7226,
            "매매실거래년":20210820.0,
            "매매실거래가":33500.0,
            "전세실거래년":20211016.0,
            "전세실거래가":21000.0,
            "전세가율":62.69,
            "장기전세가율평균":72.21,
            "전세가율거품지수":9.52,
            "검색코드":108477,
            "세대수":244.0,
            "준공년월":"2016-06-15",
            "준공년차":7.0,
            "가까운역이름":"안심",
            "가까운역거리":1923.13,
            "역세권여부":"비역세권",
            "30분이내주요거점역":0,
            "30분거점역이름":"[]",
            "1시간이내주요거점역":0,
            "1시간거점역이름":"[]",
            "3km이내백화점수":0,
            "5km이내아울렛몰수":0,
            "1km이내대형먀트수":0,
            "500m이내은행수":0,
            "500m이내병원수":0,
            "5km이내대형병원수":0,
            "500m이내공원수":5,
            "3km이내혐오시설수":0,
            "초등학교학업성취도":89.93,
            "중학교학업성취도":87.7,
            "용적률":177,
            "건폐율":21,
            "Y":35.879021,
            "X":128.752815,
            "rank":134.0,
            "area_info":"32평(108.15)",
            "last_sales":"2021-08-20,33500.0,32평(108.15)",
            "rank_history":[
                [
                    "202202",
                    134
                ],
                [
                    "202201",
                    135
                ]
            ],
            "rank_gap":1
        },
        {
            "index":155,
            "아파트명":"청구타운",
            "투자타입":"재건축",
            "전용면적(m2)":"69.42",
            "전용면적(평)":"20평",
            "법정동주소":"대구시 동구 방촌동 1084-13",
            "도로명주소":"대구시 동구 화랑로73길 36",
            "세대수":0,
            "입주년차":"--",
            "용적률점수":0,
            "건폐율점수":0,
            "세대당주차수":"--",
            "난방방식":"--",
            "공급면적":50,
            "전용률":80,
            "욕실수":"--",
            "현관타입":"--",
            "주거총점":6.5,
            "지역구공급총점":0.0,
            "역세권":50,
            "30분내 이동가능 거점":0,
            "1시간내 이동가능 거점":10,
            "교통총점":27.0,
            "백화점":0,
            "아울렛몰":100,
            "대형마트":80,
            "은행":20,
            "병원":0,
            "종합병원":80,
            "공원":0,
            "혐오시설":0,
            "인프라총점":40.0,
            "초등학군":90.07,
            "중학군":39.68,
            "학군총점":49.758,
            "인구수":35.84,
            "인구증감":2.28,
            "인구총점":25.772,
            "일자리":18.13,
            "소득수준":54.98,
            "일자리총점":29.185,
            "가치 총점":32.6024,
            "매매실거래년":20211112.0,
            "매매실거래가":14300.0,
            "전세실거래년":20201104.0,
            "전세실거래가":10000.0,
            "전세가율":69.93,
            "장기전세가율평균":72.21,
            "전세가율거품지수":2.28,
            "검색코드":12096,
            "세대수":126.0,
            "준공년월":"1992-02-26",
            "준공년차":31.0,
            "가까운역이름":"해안",
            "가까운역거리":544.92,
            "역세권여부":"준역세권",
            "30분이내주요거점역":0,
            "30분거점역이름":"[]",
            "1시간이내주요거점역":1,
            "1시간거점역이름":"['동대구']",
            "3km이내백화점수":0,
            "5km이내아울렛몰수":2,
            "1km이내대형먀트수":1,
            "500m이내은행수":2,
            "500m이내병원수":0,
            "5km이내대형병원수":1,
            "500m이내공원수":0,
            "3km이내혐오시설수":0,
            "초등학교학업성취도":90.07,
            "중학교학업성취도":65.2,
            "용적률":0,
            "건폐율":0,
            "Y":35.879549,
            "X":128.663117,
            "rank":135.0,
            "area_info":"20평(69.42), 29평(99.17)",
            "last_sales":"2021-11-12,14300.0,20평(69.42)",
            "rank_history":[
                [
                    "202202",
                    135
                ],
                [
                    "202201",
                    139
                ]
            ],
            "rank_gap":4
        },
        {
            "index":645,
            "아파트명":"태왕그린힐즈",
            "투자타입":"일반",
            "전용면적(m2)":"82.71",
            "전용면적(평)":"25평",
            "법정동주소":"대구시 동구 지묘동 360",
            "도로명주소":"대구시 동구 파계로 46",
            "세대수":50,
            "입주년차":0,
            "용적률점수":"--",
            "건폐율점수":"--",
            "세대당주차수":30,
            "난방방식":80,
            "공급면적":"--",
            "전용률":"--",
            "욕실수":50,
            "현관타입":50,
            "주거총점":40.0,
            "지역구공급총점":0.0,
            "역세권":0,
            "30분내 이동가능 거점":0,
            "1시간내 이동가능 거점":0,
            "교통총점":0.0,
            "백화점":0,
            "아울렛몰":80,
            "대형마트":0,
            "은행":0,
            "병원":0,
            "종합병원":0,
            "공원":0,
            "혐오시설":0,
            "인프라총점":8.0,
            "초등학군":90.0,
            "중학군":56.48,
            "학군총점":63.184,
            "인구수":35.84,
            "인구증감":2.28,
            "인구총점":25.772,
            "일자리":18.13,
            "소득수준":54.98,
            "일자리총점":29.185,
            "가치 총점":31.3552,
            "매매실거래년":20210419.0,
            "매매실거래가":35500.0,
            "전세실거래년":null,
            "전세실거래가":null,
            "전세가율":null,
            "장기전세가율평균":72.21,
            "전세가율거품지수":null,
            "검색코드":5034,
            "세대수":462.0,
            "준공년월":"1997-12-22",
            "준공년차":26.0,
            "가까운역이름":"아양교",
            "가까운역거리":5766.66,
            "역세권여부":"비역세권",
            "30분이내주요거점역":0,
            "30분거점역이름":"[]",
            "1시간이내주요거점역":0,
            "1시간거점역이름":"[]",
            "3km이내백화점수":0,
            "5km이내아울렛몰수":1,
            "1km이내대형먀트수":0,
            "500m이내은행수":0,
            "500m이내병원수":0,
            "5km이내대형병원수":0,
            "500m이내공원수":0,
            "3km이내혐오시설수":0,
            "초등학교학업성취도":90.0,
            "중학교학업성취도":93.2,
            "용적률":243,
            "건폐율":15,
            "Y":35.93906,
            "X":128.639305,
            "rank":136.0,
            "area_info":"25평(82.71), 25평(84.51), 32평(106.9), 35평(118.5), 48평(161.56), 59평(197.56)",
            "last_sales":"2021-04-19,35500.0,59평(197.56)",
            "rank_history":[
                [
                    "202202",
                    136
                ],
                [
                    "202201",
                    136
                ]
            ],
            "rank_gap":0
        },
        {
            "index":144,
            "아파트명":"방촌현대맨션(1119-1)",
            "투자타입":"일반",
            "전용면적(m2)":"79.35",
            "전용면적(평)":"24평",
            "법정동주소":"대구시 동구 방촌동 1119-1",
            "도로명주소":"대구시 동구 화랑로91길 7",
            "세대수":0,
            "입주년차":0,
            "용적률점수":"--",
            "건폐율점수":"--",
            "세대당주차수":0,
            "난방방식":30,
            "공급면적":"--",
            "전용률":"--",
            "욕실수":50,
            "현관타입":10,
            "주거총점":9.0,
            "지역구공급총점":0.0,
            "역세권":80,
            "30분내 이동가능 거점":0,
            "1시간내 이동가능 거점":10,
            "교통총점":42.0,
            "백화점":0,
            "아울렛몰":100,
            "대형마트":0,
            "은행":0,
            "병원":0,
            "종합병원":80,
            "공원":0,
            "혐오시설":0,
            "인프라총점":26.0,
            "초등학군":90.01,
            "중학군":39.68,
            "학군총점":49.746,
            "인구수":35.84,
            "인구증감":2.28,
            "인구총점":25.772,
            "일자리":18.13,
            "소득수준":54.98,
            "일자리총점":29.185,
            "가치 총점":31.2738,
            "매매실거래년":20211028.0,
            "매매실거래가":17900.0,
            "전세실거래년":20210305.0,
            "전세실거래가":10000.0,
            "전세가율":55.87,
            "장기전세가율평균":72.21,
            "전세가율거품지수":16.34,
            "검색코드":4798,
            "세대수":238.0,
            "준공년월":"1993-08-23",
            "준공년차":30.0,
            "가까운역이름":"방촌",
            "가까운역거리":410.62,
            "역세권여부":"역세권",
            "30분이내주요거점역":0,
            "30분거점역이름":"[]",
            "1시간이내주요거점역":1,
            "1시간거점역이름":"['동대구']",
            "3km이내백화점수":0,
            "5km이내아울렛몰수":2,
            "1km이내대형먀트수":0,
            "500m이내은행수":1,
            "500m이내병원수":0,
            "5km이내대형병원수":1,
            "500m이내공원수":0,
            "3km이내혐오시설수":0,
            "초등학교학업성취도":90.01,
            "중학교학업성취도":65.2,
            "용적률":232,
            "건폐율":28,
            "Y":35.8769,
            "X":128.67323,
            "rank":137.0,
            "area_info":"24평(79.35), 29평(96.36), 29평(96.39)",
            "last_sales":"2021-10-28,17900.0,24평(79.35)",
            "rank_history":[
                [
                    "202202",
                    137
                ],
                [
                    "202201",
                    149
                ]
            ],
            "rank_gap":12
        },
        {
            "index":140,
            "아파트명":"방촌우방맨션",
            "투자타입":"재건축",
            "전용면적(m2)":"86.15",
            "전용면적(평)":"26평",
            "법정동주소":"대구시 동구 방촌동 1084-28",
            "도로명주소":"대구시 동구 화랑로 407",
            "세대수":0,
            "입주년차":"--",
            "용적률점수":0,
            "건폐율점수":0,
            "세대당주차수":"--",
            "난방방식":"--",
            "공급면적":70,
            "전용률":60,
            "욕실수":"--",
            "현관타입":"--",
            "주거총점":6.5,
            "지역구공급총점":0.0,
            "역세권":80,
            "30분내 이동가능 거점":0,
            "1시간내 이동가능 거점":10,
            "교통총점":42.0,
            "백화점":0,
            "아울렛몰":100,
            "대형마트":0,
            "은행":20,
            "병원":0,
            "종합병원":80,
            "공원":0,
            "혐오시설":0,
            "인프라총점":28.0,
            "초등학군":90.01,
            "중학군":39.68,
            "학군총점":49.746,
            "인구수":35.84,
            "인구증감":2.28,
            "인구총점":25.772,
            "일자리":18.13,
            "소득수준":54.98,
            "일자리총점":29.185,
            "가치 총점":31.2488,
            "매매실거래년":20211204.0,
            "매매실거래가":15870.0,
            "전세실거래년":20210204.0,
            "전세실거래가":13500.0,
            "전세가율":85.07,
            "장기전세가율평균":72.21,
            "전세가율거품지수":-12.86,
            "검색코드":10579,
            "세대수":150.0,
            "준공년월":"1992-07-10",
            "준공년차":31.0,
            "가까운역이름":"방촌",
            "가까운역거리":324.28,
            "역세권여부":"역세권",
            "30분이내주요거점역":0,
            "30분거점역이름":"[]",
            "1시간이내주요거점역":1,
            "1시간거점역이름":"['동대구']",
            "3km이내백화점수":0,
            "5km이내아울렛몰수":2,
            "1km이내대형먀트수":0,
            "500m이내은행수":2,
            "500m이내병원수":0,
            "5km이내대형병원수":1,
            "500m이내공원수":0,
            "3km이내혐오시설수":0,
            "초등학교학업성취도":90.01,
            "중학교학업성취도":65.2,
            "용적률":0,
            "건폐율":0,
            "Y":35.877636,
            "X":128.667561,
            "rank":138.0,
            "area_info":"26평(86.15), 35평(118.36)",
            "last_sales":"2021-12-04,15870.0,26평(86.15)",
            "rank_history":[
                [
                    "202202",
                    138
                ],
                [
                    "202201",
                    146
                ]
            ],
            "rank_gap":8
        },
        {
            "index":157,
            "아파트명":"봉무청구새들마을",
            "투자타입":"일반",
            "전용면적(m2)":"80.19",
            "전용면적(평)":"24평",
            "법정동주소":"대구시 동구 봉무동 245",
            "도로명주소":"대구시 동구 팔공로 322-5",
            "세대수":30,
            "입주년차":20,
            "용적률점수":"--",
            "건폐율점수":"--",
            "세대당주차수":30,
            "난방방식":30,
            "공급면적":"--",
            "전용률":"--",
            "욕실수":50,
            "현관타입":100,
            "주거총점":37.0,
            "지역구공급총점":0.0,
            "역세권":0,
            "30분내 이동가능 거점":0,
            "1시간내 이동가능 거점":10,
            "교통총점":2.0,
            "백화점":0,
            "아울렛몰":80,
            "대형마트":0,
            "은행":0,
            "병원":0,
            "종합병원":0,
            "공원":0,
            "혐오시설":0,
            "인프라총점":8.0,
            "초등학군":90.0,
            "중학군":56.48,
            "학군총점":63.184,
            "인구수":35.84,
            "인구증감":2.28,
            "인구총점":25.772,
            "일자리":18.13,
            "소득수준":54.98,
            "일자리총점":29.185,
            "가치 총점":30.9052,
            "매매실거래년":20211216.0,
            "매매실거래가":39000.0,
            "전세실거래년":20210603.0,
            "전세실거래가":12000.0,
            "전세가율":64.86,
            "장기전세가율평균":72.21,
            "전세가율거품지수":7.35,
            "검색코드":9400,
            "세대수":347.0,
            "준공년월":"2001-05-28",
            "준공년차":22.0,
            "가까운역이름":"아양교",
            "가까운역거리":4647.37,
            "역세권여부":"비역세권",
            "30분이내주요거점역":0,
            "30분거점역이름":"[]",
            "1시간이내주요거점역":1,
            "1시간거점역이름":"['동대구']",
            "3km이내백화점수":0,
            "5km이내아울렛몰수":1,
            "1km이내대형먀트수":0,
            "500m이내은행수":0,
            "500m이내병원수":0,
            "5km이내대형병원수":0,
            "500m이내공원수":0,
            "3km이내혐오시설수":0,
            "초등학교학업성취도":90.0,
            "중학교학업성취도":93.2,
            "용적률":267,
            "건폐율":21,
            "Y":35.928939,
            "X":128.642625,
            "rank":139.0,
            "area_info":"24평(80.19), 28평(93.47), 32평(107.77), 37평(123.79), 43평(144.41), 49평(162.7)",
            "last_sales":"2021-12-16,39000.0,49평(162.7)",
            "rank_history":[
                [
                    "202202",
                    139
                ],
                [
                    "202201",
                    142
                ]
            ],
            "rank_gap":3
        },
        {
            "index":5,
            "아파트명":"각산성지",
            "투자타입":"재건축",
            "전용면적(m2)":"59.25",
            "전용면적(평)":"17평",
            "법정동주소":"대구시 동구 각산동 389-2",
            "도로명주소":"대구시 동구 반야월북로 155",
            "세대수":0,
            "입주년차":"--",
            "용적률점수":0,
            "건폐율점수":0,
            "세대당주차수":"--",
            "난방방식":"--",
            "공급면적":50,
            "전용률":80,
            "욕실수":"--",
            "현관타입":"--",
            "주거총점":6.5,
            "지역구공급총점":0.0,
            "역세권":50,
            "30분내 이동가능 거점":0,
            "1시간내 이동가능 거점":10,
            "교통총점":27.0,
            "백화점":0,
            "아울렛몰":80,
            "대형마트":0,
            "은행":0,
            "병원":0,
            "종합병원":80,
            "공원":80,
            "혐오시설":0,
            "인프라총점":26.4,
            "초등학군":89.99,
            "중학군":49.26,
            "학군총점":57.406,
            "인구수":35.84,
            "인구증감":2.28,
            "인구총점":25.772,
            "일자리":18.13,
            "소득수준":54.98,
            "일자리총점":29.185,
            "가치 총점":30.8168,
            "매매실거래년":20211118.0,
            "매매실거래가":9700.0,
            "전세실거래년":20211229.0,
            "전세실거래가":6000.0,
            "전세가율":63.16,
            "장기전세가율평균":72.21,
            "전세가율거품지수":9.05,
            "검색코드":9752,
            "세대수":299.0,
            "준공년월":"1989-04-22",
            "준공년차":34.0,
            "가까운역이름":"반야월",
            "가까운역거리":881.53,
            "역세권여부":"준역세권",
            "30분이내주요거점역":0,
            "30분거점역이름":"[]",
            "1시간이내주요거점역":1,
            "1시간거점역이름":"['동대구']",
            "3km이내백화점수":0,
            "5km이내아울렛몰수":1,
            "1km이내대형먀트수":0,
            "500m이내은행수":1,
            "500m이내병원수":0,
            "5km이내대형병원수":1,
            "500m이내공원수":1,
            "3km이내혐오시설수":0,
            "초등학교학업성취도":89.99,
            "중학교학업성취도":81.5,
            "용적률":0,
            "건폐율":0,
            "Y":35.8738,
            "X":128.71511,
            "rank":140.0,
            "area_info":"17평(59.25), 18평(62.16), 19평(65.05)",
            "last_sales":"2021-11-18,9700.0,18평(62.16)",
            "rank_history":[
                [
                    "202202",
                    140
                ],
                [
                    "202201",
                    145
                ]
            ],
            "rank_gap":5
        },
        {
            "index":651,
            "아파트명":"팔공보성1차",
            "투자타입":"일반",
            "전용면적(m2)":"89.55",
            "전용면적(평)":"27평",
            "법정동주소":"대구시 동구 지묘동 215",
            "도로명주소":"대구시 동구 팔공로 489",
            "세대수":80,
            "입주년차":0,
            "용적률점수":"--",
            "건폐율점수":"--",
            "세대당주차수":0,
            "난방방식":30,
            "공급면적":"--",
            "전용률":"--",
            "욕실수":50,
            "현관타입":10,
            "주거총점":37.0,
            "지역구공급총점":0.0,
            "역세권":0,
            "30분내 이동가능 거점":0,
            "1시간내 이동가능 거점":0,
            "교통총점":0.0,
            "백화점":0,
            "아울렛몰":80,
            "대형마트":0,
            "은행":0,
            "병원":0,
            "종합병원":0,
            "공원":0,
            "혐오시설":0,
            "인프라총점":8.0,
            "초등학군":90.0,
            "중학군":56.48,
            "학군총점":63.184,
            "인구수":35.84,
            "인구증감":2.28,
            "인구총점":25.772,
            "일자리":18.13,
            "소득수준":54.98,
            "일자리총점":29.185,
            "가치 총점":30.6052,
            "매매실거래년":20211229.0,
            "매매실거래가":23000.0,
            "전세실거래년":20211206.0,
            "전세실거래가":13000.0,
            "전세가율":84.97,
            "장기전세가율평균":72.21,
            "전세가율거품지수":-12.76,
            "검색코드":5130,
            "세대수":727.0,
            "준공년월":"1994-08-12",
            "준공년차":29.0,
            "가까운역이름":"아양교",
            "가까운역거리":6155.03,
            "역세권여부":"비역세권",
            "30분이내주요거점역":0,
            "30분거점역이름":"[]",
            "1시간이내주요거점역":0,
            "1시간거점역이름":"[]",
            "3km이내백화점수":0,
            "5km이내아울렛몰수":1,
            "1km이내대형먀트수":0,
            "500m이내은행수":0,
            "500m이내병원수":0,
            "5km이내대형병원수":0,
            "500m이내공원수":0,
            "3km이내혐오시설수":0,
            "초등학교학업성취도":90.0,
            "중학교학업성취도":93.2,
            "용적률":240,
            "건폐율":20,
            "Y":35.942401,
            "X":128.645018,
            "rank":141.0,
            "area_info":"27평(89.55), 33평(110.37), 50평(166.99), 83평(274.69)",
            "last_sales":"2021-12-29,23000.0,33평(110.37)",
            "rank_history":[
                [
                    "202202",
                    141
                ],
                [
                    "202201",
                    141
                ]
            ],
            "rank_gap":0
        },
        {
            "index":655,
            "아파트명":"팔공보성2차",
            "투자타입":"일반",
            "전용면적(m2)":"62.79",
            "전용면적(평)":"18평",
            "법정동주소":"대구시 동구 지묘동 327",
            "도로명주소":"대구시 동구 팔공로101길 55",
            "세대수":80,
            "입주년차":0,
            "용적률점수":"--",
            "건폐율점수":"--",
            "세대당주차수":0,
            "난방방식":30,
            "공급면적":"--",
            "전용률":"--",
            "욕실수":50,
            "현관타입":10,
            "주거총점":37.0,
            "지역구공급총점":0.0,
            "역세권":0,
            "30분내 이동가능 거점":0,
            "1시간내 이동가능 거점":0,
            "교통총점":0.0,
            "백화점":0,
            "아울렛몰":80,
            "대형마트":0,
            "은행":0,
            "병원":0,
            "종합병원":0,
            "공원":0,
            "혐오시설":0,
            "인프라총점":8.0,
            "초등학군":90.0,
            "중학군":56.48,
            "학군총점":63.184,
            "인구수":35.84,
            "인구증감":2.28,
            "인구총점":25.772,
            "일자리":18.13,
            "소득수준":54.98,
            "일자리총점":29.185,
            "가치 총점":30.6052,
            "매매실거래년":20220107.0,
            "매매실거래가":12000.0,
            "전세실거래년":20211119.0,
            "전세실거래가":9500.0,
            "전세가율":79.17,
            "장기전세가율평균":72.21,
            "전세가율거품지수":-6.96,
            "검색코드":5140,
            "세대수":748.0,
            "준공년월":"1995-06-16",
            "준공년차":28.0,
            "가까운역이름":"아양교",
            "가까운역거리":5965.39,
            "역세권여부":"비역세권",
            "30분이내주요거점역":0,
            "30분거점역이름":"[]",
            "1시간이내주요거점역":0,
            "1시간거점역이름":"[]",
            "3km이내백화점수":0,
            "5km이내아울렛몰수":1,
            "1km이내대형먀트수":0,
            "500m이내은행수":0,
            "500m이내병원수":0,
            "5km이내대형병원수":0,
            "500m이내공원수":0,
            "3km이내혐오시설수":0,
            "초등학교학업성취도":90.0,
            "중학교학업성취도":93.2,
            "용적률":215,
            "건폐율":18,
            "Y":35.940799,
            "X":128.642799,
            "rank":141.0,
            "area_info":"18평(62.79), 26평(86.05), 32평(107.11), 48평(161.78)",
            "last_sales":"2022-01-07,12000.0,18평(62.79)",
            "rank_history":[
                [
                    "202202",
                    141
                ],
                [
                    "202201",
                    140
                ]
            ],
            "rank_gap":-1
        },
        {
            "index":225,
            "아파트명":"에덴공항2차",
            "투자타입":"재건축",
            "전용면적(m2)":"50.18",
            "전용면적(평)":"15평",
            "법정동주소":"대구시 동구 불로동 1155",
            "도로명주소":"대구시 동구 팔공로33길 10",
            "세대수":0,
            "입주년차":"--",
            "용적률점수":0,
            "건폐율점수":0,
            "세대당주차수":"--",
            "난방방식":"--",
            "공급면적":50,
            "전용률":60,
            "욕실수":"--",
            "현관타입":"--",
            "주거총점":5.5,
            "지역구공급총점":0.0,
            "역세권":0,
            "30분내 이동가능 거점":0,
            "1시간내 이동가능 거점":10,
            "교통총점":2.0,
            "백화점":0,
            "아울렛몰":100,
            "대형마트":0,
            "은행":0,
            "병원":0,
            "종합병원":80,
            "공원":100,
            "혐오시설":0,
            "인프라총점":29.0,
            "초등학군":90.01,
            "중학군":56.48,
            "학군총점":63.186,
            "인구수":35.84,
            "인구증감":2.28,
            "인구총점":25.772,
            "일자리":18.13,
            "소득수준":54.98,
            "일자리총점":29.185,
            "가치 총점":29.3308,
            "매매실거래년":20211119.0,
            "매매실거래가":10200.0,
            "전세실거래년":20220107.0,
            "전세실거래가":7500.0,
            "전세가율":73.53,
            "장기전세가율평균":72.21,
            "전세가율거품지수":-1.32,
            "검색코드":4800,
            "세대수":220.0,
            "준공년월":"1988-11-10",
            "준공년차":35.0,
            "가까운역이름":"아양교",
            "가까운역거리":3027.8,
            "역세권여부":"비역세권",
            "30분이내주요거점역":0,
            "30분거점역이름":"[]",
            "1시간이내주요거점역":1,
            "1시간거점역이름":"['동대구']",
            "3km이내백화점수":0,
            "5km이내아울렛몰수":2,
            "1km이내대형먀트수":0,
            "500m이내은행수":0,
            "500m이내병원수":0,
            "5km이내대형병원수":1,
            "500m이내공원수":3,
            "3km이내혐오시설수":0,
            "초등학교학업성취도":90.01,
            "중학교학업성취도":93.2,
            "용적률":0,
            "건폐율":0,
            "Y":35.91443,
            "X":128.6396,
            "rank":142.0,
            "area_info":"15평(50.18), 21평(71.48)",
            "last_sales":"2021-11-19,10200.0,15평(50.18)",
            "rank_history":[
                [
                    "202202",
                    142
                ],
                [
                    "202201",
                    144
                ]
            ],
            "rank_gap":2
        },
        {
            "index":230,
            "아파트명":"청호",
            "투자타입":"재건축",
            "전용면적(m2)":"90.04",
            "전용면적(평)":"27평",
            "법정동주소":"대구시 동구 불로동 140-4",
            "도로명주소":"대구시 동구 팔공로25길 46",
            "세대수":0,
            "입주년차":"--",
            "용적률점수":0,
            "건폐율점수":0,
            "세대당주차수":"--",
            "난방방식":"--",
            "공급면적":70,
            "전용률":60,
            "욕실수":"--",
            "현관타입":"--",
            "주거총점":6.5,
            "지역구공급총점":0.0,
            "역세권":0,
            "30분내 이동가능 거점":0,
            "1시간내 이동가능 거점":10,
            "교통총점":2.0,
            "백화점":0,
            "아울렛몰":100,
            "대형마트":0,
            "은행":0,
            "병원":0,
            "종합병원":80,
            "공원":80,
            "혐오시설":0,
            "인프라총점":28.4,
            "초등학군":90.01,
            "중학군":56.1,
            "학군총점":62.882,
            "인구수":35.84,
            "인구증감":2.28,
            "인구총점":25.772,
            "일자리":18.13,
            "소득수준":54.98,
            "일자리총점":29.185,
            "가치 총점":29.3096,
            "매매실거래년":20211006.0,
            "매매실거래가":12000.0,
            "전세실거래년":20200902.0,
            "전세실거래가":7000.0,
            "전세가율":58.33,
            "장기전세가율평균":72.21,
            "전세가율거품지수":13.88,
            "검색코드":16965,
            "세대수":120.0,
            "준공년월":"1991-07-31",
            "준공년차":32.0,
            "가까운역이름":"아양교",
            "가까운역거리":2745.88,
            "역세권여부":"비역세권",
            "30분이내주요거점역":0,
            "30분거점역이름":"[]",
            "1시간이내주요거점역":1,
            "1시간거점역이름":"['동대구']",
            "3km이내백화점수":0,
            "5km이내아울렛몰수":2,
            "1km이내대형먀트수":0,
            "500m이내은행수":0,
            "500m이내병원수":0,
            "5km이내대형병원수":1,
            "500m이내공원수":1,
            "3km이내혐오시설수":0,
            "초등학교학업성취도":90.01,
            "중학교학업성취도":92.3,
            "용적률":0,
            "건폐율":0,
            "Y":35.91165,
            "X":128.63563,
            "rank":143.0,
            "area_info":"27평(90.04), 33평(109.27)",
            "last_sales":"2021-10-06,12000.0,27평(90.04)",
            "rank_history":[
                [
                    "202202",
                    143
                ],
                [
                    "202201",
                    143
                ]
            ],
            "rank_gap":0
        },
        {
            "index":641,
            "아파트명":"왕산우방타운",
            "투자타입":"일반",
            "전용면적(m2)":"76.23",
            "전용면적(평)":"23평",
            "법정동주소":"대구시 동구 지묘동 337",
            "도로명주소":"대구시 동구 파계로6길 30",
            "세대수":0,
            "입주년차":0,
            "용적률점수":"--",
            "건폐율점수":"--",
            "세대당주차수":30,
            "난방방식":30,
            "공급면적":"--",
            "전용률":"--",
            "욕실수":50,
            "현관타입":100,
            "주거총점":22.5,
            "지역구공급총점":0.0,
            "역세권":0,
            "30분내 이동가능 거점":0,
            "1시간내 이동가능 거점":0,
            "교통총점":0.0,
            "백화점":0,
            "아울렛몰":80,
            "대형마트":0,
            "은행":0,
            "병원":0,
            "종합병원":0,
            "공원":0,
            "혐오시설":0,
            "인프라총점":8.0,
            "초등학군":90.0,
            "중학군":56.48,
            "학군총점":63.184,
            "인구수":35.84,
            "인구증감":2.28,
            "인구총점":25.772,
            "일자리":18.13,
            "소득수준":54.98,
            "일자리총점":29.185,
            "가치 총점":26.9802,
            "매매실거래년":20210329.0,
            "매매실거래가":29500.0,
            "전세실거래년":null,
            "전세실거래가":null,
            "전세가율":null,
            "장기전세가율평균":72.21,
            "전세가율거품지수":null,
            "검색코드":5032,
            "세대수":215.0,
            "준공년월":"1997-11-18",
            "준공년차":26.0,
            "가까운역이름":"아양교",
            "가까운역거리":5847.13,
            "역세권여부":"비역세권",
            "30분이내주요거점역":0,
            "30분거점역이름":"[]",
            "1시간이내주요거점역":0,
            "1시간거점역이름":"[]",
            "3km이내백화점수":0,
            "5km이내아울렛몰수":1,
            "1km이내대형먀트수":0,
            "500m이내은행수":0,
            "500m이내병원수":0,
            "5km이내대형병원수":0,
            "500m이내공원수":0,
            "3km이내혐오시설수":0,
            "초등학교학업성취도":90.0,
            "중학교학업성취도":93.2,
            "용적률":171,
            "건폐율":18,
            "Y":35.939784,
            "X":128.640497,
            "rank":144.0,
            "area_info":"23평(76.23), 26평(87.51), 32평(108.53), 42평(140.36)",
            "last_sales":"2021-03-29,29500.0,42평(140.36)",
            "rank_history":[
                [
                    "202202",
                    144
                ],
                [
                    "202201",
                    147
                ]
            ],
            "rank_gap":3
        },
        {
            "index":636,
            "아파트명":"명산화성빌라트",
            "투자타입":"일반",
            "전용면적(m2)":"71.4",
            "전용면적(평)":"21평",
            "법정동주소":"대구시 동구 지묘동 543-1",
            "도로명주소":"대구시 동구 파계로22길 33",
            "세대수":0,
            "입주년차":0,
            "용적률점수":"--",
            "건폐율점수":"--",
            "세대당주차수":0,
            "난방방식":30,
            "공급면적":"--",
            "전용률":"--",
            "욕실수":50,
            "현관타입":100,
            "주거총점":18.0,
            "지역구공급총점":0.0,
            "역세권":0,
            "30분내 이동가능 거점":0,
            "1시간내 이동가능 거점":0,
            "교통총점":0.0,
            "백화점":0,
            "아울렛몰":80,
            "대형마트":0,
            "은행":0,
            "병원":0,
            "종합병원":0,
            "공원":100,
            "혐오시설":0,
            "인프라총점":11.0,
            "초등학군":90.0,
            "중학군":56.48,
            "학군총점":63.184,
            "인구수":35.84,
            "인구증감":2.28,
            "인구총점":25.772,
            "일자리":18.13,
            "소득수준":54.98,
            "일자리총점":29.185,
            "가치 총점":26.7552,
            "매매실거래년":20210802.0,
            "매매실거래가":15850.0,
            "전세실거래년":20211217.0,
            "전세실거래가":13000.0,
            "전세가율":82.02,
            "장기전세가율평균":72.21,
            "전세가율거품지수":-9.81,
            "검색코드":5145,
            "세대수":105.0,
            "준공년월":"1995-05-25",
            "준공년차":28.0,
            "가까운역이름":"아양교",
            "가까운역거리":6085.08,
            "역세권여부":"비역세권",
            "30분이내주요거점역":0,
            "30분거점역이름":"[]",
            "1시간이내주요거점역":0,
            "1시간거점역이름":"[]",
            "3km이내백화점수":0,
            "5km이내아울렛몰수":1,
            "1km이내대형먀트수":0,
            "500m이내은행수":0,
            "500m이내병원수":0,
            "5km이내대형병원수":0,
            "500m이내공원수":2,
            "3km이내혐오시설수":0,
            "초등학교학업성취도":90.0,
            "중학교학업성취도":93.2,
            "용적률":121,
            "건폐율":30,
            "Y":35.941925,
            "X":128.639505,
            "rank":145.0,
            "area_info":"21평(71.4), 28평(95.14), 29평(97.8), 33평(110.26), 43평(143.88)",
            "last_sales":"2021-08-02,15850.0,21평(71.4)",
            "rank_history":[
                [
                    "202202",
                    145
                ],
                [
                    "202201",
                    148
                ]
            ],
            "rank_gap":3
        },
        {
            "index":664,
            "아파트명":"화성명산타운",
            "투자타입":"일반",
            "전용면적(m2)":"82.92",
            "전용면적(평)":"25평",
            "법정동주소":"대구시 동구 지묘동 500",
            "도로명주소":"대구시 동구 파계로22길 7",
            "세대수":0,
            "입주년차":0,
            "용적률점수":"--",
            "건폐율점수":"--",
            "세대당주차수":0,
            "난방방식":30,
            "공급면적":"--",
            "전용률":"--",
            "욕실수":50,
            "현관타입":10,
            "주거총점":9.0,
            "지역구공급총점":0.0,
            "역세권":0,
            "30분내 이동가능 거점":0,
            "1시간내 이동가능 거점":0,
            "교통총점":0.0,
            "백화점":0,
            "아울렛몰":80,
            "대형마트":0,
            "은행":0,
            "병원":0,
            "종합병원":0,
            "공원":100,
            "혐오시설":0,
            "인프라총점":11.0,
            "초등학군":90.0,
            "중학군":56.48,
            "학군총점":63.184,
            "인구수":35.84,
            "인구증감":2.28,
            "인구총점":25.772,
            "일자리":18.13,
            "소득수준":54.98,
            "일자리총점":29.185,
            "가치 총점":24.5052,
            "매매실거래년":20211203.0,
            "매매실거래가":11100.0,
            "전세실거래년":20210918.0,
            "전세실거래가":12000.0,
            "전세가율":108.11,
            "장기전세가율평균":72.21,
            "전세가율거품지수":-35.9,
            "검색코드":5142,
            "세대수":218.0,
            "준공년월":"1994-07-25",
            "준공년차":29.0,
            "가까운역이름":"아양교",
            "가까운역거리":6348.86,
            "역세권여부":"비역세권",
            "30분이내주요거점역":0,
            "30분거점역이름":"[]",
            "1시간이내주요거점역":0,
            "1시간거점역이름":"[]",
            "3km이내백화점수":0,
            "5km이내아울렛몰수":1,
            "1km이내대형먀트수":0,
            "500m이내은행수":0,
            "500m이내병원수":0,
            "5km이내대형병원수":0,
            "500m이내공원수":2,
            "3km이내혐오시설수":0,
            "초등학교학업성취도":90.0,
            "중학교학업성취도":93.2,
            "용적률":359,
            "건폐율":27,
            "Y":35.944284,
            "X":128.638349,
            "rank":146.0,
            "area_info":"25평(82.92), 30평(101.56)",
            "last_sales":"2021-12-03,11100.0,25평(82.92)",
            "rank_history":[
                [
                    "202202",
                    146
                ],
                [
                    "202201",
                    150
                ]
            ],
            "rank_gap":4
        }
    ]
}