{
    "schema":{
        "fields":[
            {
                "name":"index",
                "type":"integer"
            },
            {
                "name":"아파트명",
                "type":"string"
            },
            {
                "name":"투자타입",
                "type":"string"
            },
            {
                "name":"전용면적(m2)",
                "type":"string"
            },
            {
                "name":"전용면적(평)",
                "type":"string"
            },
            {
                "name":"법정동주소",
                "type":"string"
            },
            {
                "name":"도로명주소",
                "type":"string"
            },
            {
                "name":"세대수",
                "type":"integer"
            },
            {
                "name":"입주년차",
                "type":"string"
            },
            {
                "name":"용적률점수",
                "type":"string"
            },
            {
                "name":"건폐율점수",
                "type":"string"
            },
            {
                "name":"세대당주차수",
                "type":"string"
            },
            {
                "name":"난방방식",
                "type":"string"
            },
            {
                "name":"공급면적",
                "type":"string"
            },
            {
                "name":"전용률",
                "type":"string"
            },
            {
                "name":"욕실수",
                "type":"string"
            },
            {
                "name":"현관타입",
                "type":"string"
            },
            {
                "name":"주거총점",
                "type":"number"
            },
            {
                "name":"지역구공급총점",
                "type":"number"
            },
            {
                "name":"역세권",
                "type":"integer"
            },
            {
                "name":"30분내 이동가능 거점",
                "type":"integer"
            },
            {
                "name":"1시간내 이동가능 거점",
                "type":"integer"
            },
            {
                "name":"교통총점",
                "type":"number"
            },
            {
                "name":"백화점",
                "type":"integer"
            },
            {
                "name":"아울렛몰",
                "type":"integer"
            },
            {
                "name":"대형마트",
                "type":"integer"
            },
            {
                "name":"은행",
                "type":"integer"
            },
            {
                "name":"병원",
                "type":"integer"
            },
            {
                "name":"종합병원",
                "type":"integer"
            },
            {
                "name":"공원",
                "type":"integer"
            },
            {
                "name":"혐오시설",
                "type":"integer"
            },
            {
                "name":"인프라총점",
                "type":"number"
            },
            {
                "name":"초등학군",
                "type":"number"
            },
            {
                "name":"중학군",
                "type":"number"
            },
            {
                "name":"학군총점",
                "type":"number"
            },
            {
                "name":"인구수",
                "type":"number"
            },
            {
                "name":"인구증감",
                "type":"number"
            },
            {
                "name":"인구총점",
                "type":"number"
            },
            {
                "name":"일자리",
                "type":"number"
            },
            {
                "name":"소득수준",
                "type":"number"
            },
            {
                "name":"일자리총점",
                "type":"number"
            },
            {
                "name":"가치 총점",
                "type":"number"
            },
            {
                "name":"매매실거래년",
                "type":"string"
            },
            {
                "name":"매매실거래가",
                "type":"number"
            },
            {
                "name":"전세실거래년",
                "type":"number"
            },
            {
                "name":"전세실거래가",
                "type":"number"
            },
            {
                "name":"전세가율",
                "type":"number"
            },
            {
                "name":"장기전세가율평균",
                "type":"number"
            },
            {
                "name":"전세가율거품지수",
                "type":"number"
            },
            {
                "name":"검색코드",
                "type":"integer"
            },
            {
                "name":"세대수",
                "type":"number"
            },
            {
                "name":"준공년월",
                "type":"string"
            },
            {
                "name":"준공년차",
                "type":"number"
            },
            {
                "name":"가까운역이름",
                "type":"string"
            },
            {
                "name":"가까운역거리",
                "type":"number"
            },
            {
                "name":"역세권여부",
                "type":"string"
            },
            {
                "name":"30분이내주요거점역",
                "type":"integer"
            },
            {
                "name":"30분거점역이름",
                "type":"string"
            },
            {
                "name":"1시간이내주요거점역",
                "type":"integer"
            },
            {
                "name":"1시간거점역이름",
                "type":"string"
            },
            {
                "name":"3km이내백화점수",
                "type":"integer"
            },
            {
                "name":"5km이내아울렛몰수",
                "type":"integer"
            },
            {
                "name":"1km이내대형먀트수",
                "type":"integer"
            },
            {
                "name":"500m이내은행수",
                "type":"integer"
            },
            {
                "name":"500m이내병원수",
                "type":"integer"
            },
            {
                "name":"5km이내대형병원수",
                "type":"integer"
            },
            {
                "name":"500m이내공원수",
                "type":"integer"
            },
            {
                "name":"3km이내혐오시설수",
                "type":"integer"
            },
            {
                "name":"초등학교학업성취도",
                "type":"number"
            },
            {
                "name":"중학교학업성취도",
                "type":"number"
            },
            {
                "name":"용적률",
                "type":"integer"
            },
            {
                "name":"건폐율",
                "type":"integer"
            },
            {
                "name":"Y",
                "type":"number"
            },
            {
                "name":"X",
                "type":"number"
            },
            {
                "name":"rank",
                "type":"number"
            },
            {
                "name":"area_info",
                "type":"string"
            },
            {
                "name":"last_sales",
                "type":"string"
            },
            {
                "name":"rank_history",
                "type":"string"
            },
            {
                "name":"rank_gap",
                "type":"integer"
            }
        ],
        "primaryKey":[
            "index"
        ],
        "pandas_version":"1.4.0"
    },
    "data":[
        {
            "index":160,
            "아파트명":"무등산아이파크",
            "투자타입":"일반",
            "전용면적(m2)":"83.54",
            "전용면적(평)":"25평",
            "법정동주소":"광주시 동구 학동 1022",
            "도로명주소":"광주시 동구 남문로753번길 20",
            "세대수":90,
            "입주년차":80,
            "용적률점수":"--",
            "건폐율점수":"--",
            "세대당주차수":30,
            "난방방식":30,
            "공급면적":"--",
            "전용률":"--",
            "욕실수":100,
            "현관타입":100,
            "주거총점":75.0,
            "지역구공급총점":0.0,
            "역세권":80,
            "30분내 이동가능 거점":0,
            "1시간내 이동가능 거점":10,
            "교통총점":42.0,
            "백화점":100,
            "아울렛몰":80,
            "대형마트":0,
            "은행":0,
            "병원":0,
            "종합병원":100,
            "공원":100,
            "혐오시설":0,
            "인프라총점":61.0,
            "초등학군":89.99,
            "중학군":46.76,
            "학군총점":55.406,
            "인구수":10.7,
            "인구증감":8.44,
            "인구총점":10.022,
            "일자리":9.04,
            "소득수준":65.59,
            "일자리총점":26.005,
            "가치 총점":59.9718,
            "매매실거래년":20211224.0,
            "매매실거래가":125000.0,
            "전세실거래년":20220127.0,
            "전세실거래가":40000.0,
            "전세가율":68.97,
            "장기전세가율평균":76.75,
            "전세가율거품지수":7.78,
            "검색코드":108734,
            "세대수":1410.0,
            "준공년월":"2017-01-01",
            "준공년차":6.0,
            "가까운역이름":"남광주",
            "가까운역거리":235.53,
            "역세권여부":"역세권",
            "30분이내주요거점역":0,
            "30분거점역이름":"[]",
            "1시간이내주요거점역":1,
            "1시간거점역이름":"['금남로4가']",
            "3km이내백화점수":1,
            "5km이내아울렛몰수":1,
            "1km이내대형먀트수":0,
            "500m이내은행수":1,
            "500m이내병원수":0,
            "5km이내대형병원수":9,
            "500m이내공원수":4,
            "3km이내혐오시설수":0,
            "초등학교학업성취도":89.99,
            "중학교학업성취도":77.6,
            "용적률":293,
            "건폐율":19,
            "Y":35.137192,
            "X":126.923209,
            "rank":1.0,
            "area_info":"25평(83.54), 25평(84.15), 30평(100.3), 30평(101.89), 33평(110.85), 33평(110.88), 33평(110.41), 33평(110.86), 39평(129.82), 39평(131.12), 43평(144.77), 45평(150.27)",
            "last_sales":"2021-12-24,125000.0,43평(144.77)",
            "rank_history":[
                [
                    "202202",
                    1
                ],
                [
                    "202201",
                    2
                ]
            ],
            "rank_gap":1
        },
        {
            "index":6,
            "아파트명":"그랜드센트럴",
            "투자타입":"일반",
            "전용면적(m2)":"83.6",
            "전용면적(평)":"25평",
            "법정동주소":"광주시 동구 계림동 1827",
            "도로명주소":"광주시 동구 경양로 234",
            "세대수":100,
            "입주년차":100,
            "용적률점수":"--",
            "건폐율점수":"--",
            "세대당주차수":30,
            "난방방식":30,
            "공급면적":"--",
            "전용률":"--",
            "욕실수":100,
            "현관타입":100,
            "주거총점":82.5,
            "지역구공급총점":0.0,
            "역세권":50,
            "30분내 이동가능 거점":0,
            "1시간내 이동가능 거점":10,
            "교통총점":27.0,
            "백화점":100,
            "아울렛몰":80,
            "대형마트":100,
            "은행":20,
            "병원":0,
            "종합병원":100,
            "공원":100,
            "혐오시설":0,
            "인프라총점":78.0,
            "초등학군":89.98,
            "중학군":24.0,
            "학군총점":37.196,
            "인구수":10.7,
            "인구증감":8.44,
            "인구총점":10.022,
            "일자리":9.04,
            "소득수준":65.59,
            "일자리총점":26.005,
            "가치 총점":59.2338,
            "매매실거래년":20211025.0,
            "매매실거래가":63500.0,
            "전세실거래년":20211025.0,
            "전세실거래가":30000.0,
            "전세가율":66.67,
            "장기전세가율평균":76.75,
            "전세가율거품지수":10.08,
            "검색코드":119517,
            "세대수":2336.0,
            "준공년월":"2020-09-08",
            "준공년차":3.0,
            "가까운역이름":"금남로5가",
            "가까운역거리":598.56,
            "역세권여부":"준역세권",
            "30분이내주요거점역":0,
            "30분거점역이름":"[]",
            "1시간이내주요거점역":1,
            "1시간거점역이름":"['금남로4가']",
            "3km이내백화점수":2,
            "5km이내아울렛몰수":1,
            "1km이내대형먀트수":2,
            "500m이내은행수":2,
            "500m이내병원수":0,
            "5km이내대형병원수":11,
            "500m이내공원수":2,
            "3km이내혐오시설수":0,
            "초등학교학업성취도":89.98,
            "중학교학업성취도":40.0,
            "용적률":312,
            "건폐율":19,
            "Y":35.157015,
            "X":126.914926,
            "rank":2.0,
            "area_info":"25평(83.6), 25평(83.8), 25평(84.97), 31평(105.34), 31평(105.56), 32평(106.02), 35평(117.43), 35평(117.15), 35평(117.11), 44평(147.18), 49평(163.6)",
            "last_sales":"2021-10-25,63500.0,35평(117.43)",
            "rank_history":[
                [
                    "202202",
                    2
                ],
                [
                    "202201",
                    3
                ]
            ],
            "rank_gap":1
        },
        {
            "index":204,
            "아파트명":"학2마을",
            "투자타입":"일반",
            "전용면적(m2)":"98.45",
            "전용면적(평)":"29평",
            "법정동주소":"광주시 동구 학동 1012",
            "도로명주소":"광주시 동구 남문로693번길 11",
            "세대수":80,
            "입주년차":60,
            "용적률점수":"--",
            "건폐율점수":"--",
            "세대당주차수":30,
            "난방방식":30,
            "공급면적":"--",
            "전용률":"--",
            "욕실수":100,
            "현관타입":100,
            "주거총점":67.5,
            "지역구공급총점":0.0,
            "역세권":80,
            "30분내 이동가능 거점":0,
            "1시간내 이동가능 거점":10,
            "교통총점":42.0,
            "백화점":100,
            "아울렛몰":80,
            "대형마트":0,
            "은행":20,
            "병원":0,
            "종합병원":100,
            "공원":100,
            "혐오시설":0,
            "인프라총점":63.0,
            "초등학군":89.99,
            "중학군":48.04,
            "학군총점":56.43,
            "인구수":10.7,
            "인구증감":8.44,
            "인구총점":10.022,
            "일자리":9.04,
            "소득수준":65.59,
            "일자리총점":26.005,
            "가치 총점":59.004,
            "매매실거래년":20220106.0,
            "매매실거래가":42500.0,
            "전세실거래년":20200831.0,
            "전세실거래가":25000.0,
            "전세가율":65.79,
            "장기전세가율평균":76.75,
            "전세가율거품지수":10.96,
            "검색코드":103550,
            "세대수":794.0,
            "준공년월":"2011-11-28",
            "준공년차":12.0,
            "가까운역이름":"학동·증심사입구",
            "가까운역거리":180.71,
            "역세권여부":"역세권",
            "30분이내주요거점역":0,
            "30분거점역이름":"[]",
            "1시간이내주요거점역":1,
            "1시간거점역이름":"['금남로4가']",
            "3km이내백화점수":1,
            "5km이내아울렛몰수":1,
            "1km이내대형먀트수":0,
            "500m이내은행수":2,
            "500m이내병원수":0,
            "5km이내대형병원수":10,
            "500m이내공원수":6,
            "3km이내혐오시설수":0,
            "초등학교학업성취도":89.99,
            "중학교학업성취도":78.6,
            "용적률":203,
            "건폐율":13,
            "Y":35.131343,
            "X":126.927367,
            "rank":3.0,
            "area_info":"29평(98.45), 33평(110.71), 33평(110.73), 33평(110.47), 33평(110.67), 33평(110.5), 42평(140.18)",
            "last_sales":"2022-01-06,42500.0,33평(110.47)",
            "rank_history":[
                [
                    "202202",
                    3
                ],
                [
                    "202201",
                    4
                ]
            ],
            "rank_gap":1
        },
        {
            "index":93,
            "아파트명":"광주용산지구계룡리슈빌더포레스트",
            "투자타입":"일반",
            "전용면적(m2)":"98.94",
            "전용면적(평)":"29평",
            "법정동주소":"광주시 동구 용산동 662",
            "도로명주소":"광주시 동구 용산1길 2",
            "세대수":80,
            "입주년차":100,
            "용적률점수":"--",
            "건폐율점수":"--",
            "세대당주차수":60,
            "난방방식":30,
            "공급면적":"--",
            "전용률":"--",
            "욕실수":100,
            "현관타입":100,
            "주거총점":80.0,
            "지역구공급총점":0.0,
            "역세권":50,
            "30분내 이동가능 거점":0,
            "1시간내 이동가능 거점":10,
            "교통총점":27.0,
            "백화점":0,
            "아울렛몰":80,
            "대형마트":100,
            "은행":0,
            "병원":0,
            "종합병원":100,
            "공원":100,
            "혐오시설":0,
            "인프라총점":46.0,
            "초등학군":89.97,
            "중학군":54.88,
            "학군총점":61.898,
            "인구수":10.7,
            "인구증감":8.44,
            "인구총점":10.022,
            "일자리":9.04,
            "소득수준":65.59,
            "일자리총점":26.005,
            "가치 총점":56.4194,
            "매매실거래년":20190729.0,
            "매매실거래가":37141.0,
            "전세실거래년":null,
            "전세실거래가":null,
            "전세가율":null,
            "장기전세가율평균":76.75,
            "전세가율거품지수":null,
            "검색코드":115704,
            "세대수":820.0,
            "준공년월":"2019-05-01",
            "준공년차":4.0,
            "가까운역이름":"소태",
            "가까운역거리":741.67,
            "역세권여부":"준역세권",
            "30분이내주요거점역":0,
            "30분거점역이름":"[]",
            "1시간이내주요거점역":1,
            "1시간거점역이름":"['금남로4가']",
            "3km이내백화점수":0,
            "5km이내아울렛몰수":1,
            "1km이내대형먀트수":2,
            "500m이내은행수":0,
            "500m이내병원수":0,
            "5km이내대형병원수":9,
            "500m이내공원수":2,
            "3km이내혐오시설수":0,
            "초등학교학업성취도":89.97,
            "중학교학업성취도":90.6,
            "용적률":0,
            "건폐율":17,
            "Y":35.120443,
            "X":126.925065,
            "rank":4.0,
            "area_info":"29평(98.94), 29평(99.08), 32평(105.99), 32평(106.13), 33평(109.71), 33평(109.88), 33평(109.62), 35평(118.38), 35평(118.55), 35평(118.32), 39평(132.01), 39평(132.13), 42평(140.91), 42평(141.03)",
            "last_sales":"2019-07-29,37141.0,33평(109.88)",
            "rank_history":[
                [
                    "202202",
                    4
                ],
                [
                    "202201",
                    6
                ]
            ],
            "rank_gap":2
        },
        {
            "index":2,
            "아파트명":"광주계림3차두산위브",
            "투자타입":"일반",
            "전용면적(m2)":"81.72",
            "전용면적(평)":"24평",
            "법정동주소":"광주시 동구 계림동 238",
            "도로명주소":"광주시 동구 중앙로290번길 16",
            "세대수":90,
            "입주년차":100,
            "용적률점수":"--",
            "건폐율점수":"--",
            "세대당주차수":60,
            "난방방식":30,
            "공급면적":"--",
            "전용률":"--",
            "욕실수":100,
            "현관타입":100,
            "주거총점":83.5,
            "지역구공급총점":0.0,
            "역세권":0,
            "30분내 이동가능 거점":0,
            "1시간내 이동가능 거점":10,
            "교통총점":2.0,
            "백화점":100,
            "아울렛몰":80,
            "대형마트":80,
            "은행":0,
            "병원":0,
            "종합병원":100,
            "공원":100,
            "혐오시설":0,
            "인프라총점":73.0,
            "초등학군":90.08,
            "중학군":32.76,
            "학군총점":44.224,
            "인구수":10.7,
            "인구증감":8.44,
            "인구총점":10.022,
            "일자리":9.04,
            "소득수준":65.59,
            "일자리총점":26.005,
            "가치 총점":56.3422,
            "매매실거래년":20210625.0,
            "매매실거래가":34000.0,
            "전세실거래년":null,
            "전세실거래가":null,
            "전세가율":null,
            "장기전세가율평균":76.75,
            "전세가율거품지수":null,
            "검색코드":125403,
            "세대수":908.0,
            "준공년월":"2021-04-01",
            "준공년차":2.0,
            "가까운역이름":"금남로4가",
            "가까운역거리":1024.05,
            "역세권여부":"비역세권",
            "30분이내주요거점역":0,
            "30분거점역이름":"[]",
            "1시간이내주요거점역":1,
            "1시간거점역이름":"['금남로4가']",
            "3km이내백화점수":1,
            "5km이내아울렛몰수":1,
            "1km이내대형먀트수":1,
            "500m이내은행수":0,
            "500m이내병원수":0,
            "5km이내대형병원수":11,
            "500m이내공원수":13,
            "3km이내혐오시설수":0,
            "초등학교학업성취도":90.08,
            "중학교학업성취도":54.6,
            "용적률":228,
            "건폐율":18,
            "Y":35.157199,
            "X":126.922538,
            "rank":5.0,
            "area_info":"24평(81.72), 34평(112.74), 34평(113.68), 34평(114.0)",
            "last_sales":"2021-06-25,34000.0,24평(81.72)",
            "rank_history":[
                [
                    "202202",
                    5
                ],
                [
                    "202201",
                    1
                ]
            ],
            "rank_gap":-4
        },
        {
            "index":155,
            "아파트명":"충장아트원",
            "투자타입":"일반",
            "전용면적(m2)":"28.63",
            "전용면적(평)":"8평",
            "법정동주소":"광주시 동구 충장로4가 14",
            "도로명주소":"광주시 동구 중앙로 179",
            "세대수":0,
            "입주년차":80,
            "용적률점수":"--",
            "건폐율점수":"--",
            "세대당주차수":0,
            "난방방식":30,
            "공급면적":"--",
            "전용률":"--",
            "욕실수":50,
            "현관타입":10,
            "주거총점":25.0,
            "지역구공급총점":0.0,
            "역세권":100,
            "30분내 이동가능 거점":20,
            "1시간내 이동가능 거점":10,
            "교통총점":58.0,
            "백화점":100,
            "아울렛몰":80,
            "대형마트":0,
            "은행":100,
            "병원":0,
            "종합병원":100,
            "공원":100,
            "혐오시설":0,
            "인프라총점":71.0,
            "초등학군":90.0,
            "중학군":46.76,
            "학군총점":55.408,
            "인구수":10.7,
            "인구증감":8.44,
            "인구총점":10.022,
            "일자리":9.04,
            "소득수준":65.59,
            "일자리총점":26.005,
            "가치 총점":52.8724,
            "매매실거래년":20211217.0,
            "매매실거래가":6565.0,
            "전세실거래년":20220105.0,
            "전세실거래가":6000.0,
            "전세가율":91.39,
            "장기전세가율평균":76.75,
            "전세가율거품지수":-14.64,
            "검색코드":108577,
            "세대수":224.0,
            "준공년월":"2014-07-02",
            "준공년차":9.0,
            "가까운역이름":"금남로4가",
            "가까운역거리":88.13,
            "역세권여부":"초역세권",
            "30분이내주요거점역":1,
            "30분거점역이름":"['금남로4가']",
            "1시간이내주요거점역":1,
            "1시간거점역이름":"['금남로4가']",
            "3km이내백화점수":1,
            "5km이내아울렛몰수":1,
            "1km이내대형먀트수":0,
            "500m이내은행수":12,
            "500m이내병원수":0,
            "5km이내대형병원수":11,
            "500m이내공원수":3,
            "3km이내혐오시설수":0,
            "초등학교학업성취도":90.0,
            "중학교학업성취도":77.6,
            "용적률":689,
            "건폐율":58,
            "Y":35.149933,
            "X":126.914546,
            "rank":6.0,
            "area_info":"8평(28.63), 8평(28.55)",
            "last_sales":"2021-12-17,6565.0,8평(28.63)",
            "rank_history":[
                [
                    "202202",
                    6
                ],
                [
                    "202201",
                    23
                ]
            ],
            "rank_gap":17
        },
        {
            "index":108,
            "아파트명":"용산지구모아엘가에듀파크",
            "투자타입":"일반",
            "전용면적(m2)":"106.62",
            "전용면적(평)":"32평",
            "법정동주소":"광주시 동구 용산동 663",
            "도로명주소":"광주시 동구 용산3길 17",
            "세대수":50,
            "입주년차":100,
            "용적률점수":"--",
            "건폐율점수":"--",
            "세대당주차수":60,
            "난방방식":30,
            "공급면적":"--",
            "전용률":"--",
            "욕실수":100,
            "현관타입":100,
            "주거총점":69.5,
            "지역구공급총점":0.0,
            "역세권":50,
            "30분내 이동가능 거점":0,
            "1시간내 이동가능 거점":10,
            "교통총점":27.0,
            "백화점":0,
            "아울렛몰":80,
            "대형마트":80,
            "은행":0,
            "병원":0,
            "종합병원":100,
            "공원":100,
            "혐오시설":-50,
            "인프라총점":42.0,
            "초등학군":89.97,
            "중학군":54.88,
            "학군총점":61.898,
            "인구수":10.7,
            "인구증감":8.44,
            "인구총점":10.022,
            "일자리":9.04,
            "소득수준":65.59,
            "일자리총점":26.005,
            "가치 총점":52.5944,
            "매매실거래년":20191004.0,
            "매매실거래가":47060.0,
            "전세실거래년":null,
            "전세실거래가":null,
            "전세가율":null,
            "장기전세가율평균":76.75,
            "전세가율거품지수":null,
            "검색코드":114522,
            "세대수":570.0,
            "준공년월":"2019-07-01",
            "준공년차":4.0,
            "가까운역이름":"소태",
            "가까운역거리":780.25,
            "역세권여부":"준역세권",
            "30분이내주요거점역":0,
            "30분거점역이름":"[]",
            "1시간이내주요거점역":1,
            "1시간거점역이름":"['금남로4가']",
            "3km이내백화점수":0,
            "5km이내아울렛몰수":1,
            "1km이내대형먀트수":1,
            "500m이내은행수":0,
            "500m이내병원수":0,
            "5km이내대형병원수":9,
            "500m이내공원수":4,
            "3km이내혐오시설수":1,
            "초등학교학업성취도":89.97,
            "중학교학업성취도":90.6,
            "용적률":199,
            "건폐율":16,
            "Y":35.118435,
            "X":126.926275,
            "rank":7.0,
            "area_info":"32평(106.62), 32평(108.56)",
            "last_sales":"2019-10-04,47060.0,32평(106.62)",
            "rank_history":[
                [
                    "202202",
                    7
                ],
                [
                    "202201",
                    12
                ]
            ],
            "rank_gap":5
        },
        {
            "index":17,
            "아파트명":"금호타운1차",
            "투자타입":"일반",
            "전용면적(m2)":"73.36",
            "전용면적(평)":"22평",
            "법정동주소":"광주시 동구 계림동 100-1",
            "도로명주소":"광주시 동구 필문대로 12-7",
            "세대수":90,
            "입주년차":0,
            "용적률점수":"--",
            "건폐율점수":"--",
            "세대당주차수":30,
            "난방방식":30,
            "공급면적":"--",
            "전용률":"--",
            "욕실수":50,
            "현관타입":100,
            "주거총점":54.0,
            "지역구공급총점":0.0,
            "역세권":0,
            "30분내 이동가능 거점":0,
            "1시간내 이동가능 거점":10,
            "교통총점":2.0,
            "백화점":100,
            "아울렛몰":0,
            "대형마트":80,
            "은행":70,
            "병원":0,
            "종합병원":100,
            "공원":80,
            "혐오시설":0,
            "인프라총점":71.4,
            "초등학군":90.08,
            "중학군":45.54,
            "학군총점":54.448,
            "인구수":10.7,
            "인구증감":8.44,
            "인구총점":10.022,
            "일자리":9.04,
            "소득수준":65.59,
            "일자리총점":26.005,
            "가치 총점":51.5544,
            "매매실거래년":20210920.0,
            "매매실거래가":52000.0,
            "전세실거래년":20210816.0,
            "전세실거래가":20000.0,
            "전세가율":74.07,
            "장기전세가율평균":76.75,
            "전세가율거품지수":2.68,
            "검색코드":4728,
            "세대수":958.0,
            "준공년월":"1996-05-07",
            "준공년차":27.0,
            "가까운역이름":"금남로5가",
            "가까운역거리":1516.04,
            "역세권여부":"비역세권",
            "30분이내주요거점역":0,
            "30분거점역이름":"[]",
            "1시간이내주요거점역":1,
            "1시간거점역이름":"['금남로4가']",
            "3km이내백화점수":1,
            "5km이내아울렛몰수":0,
            "1km이내대형먀트수":1,
            "500m이내은행수":3,
            "500m이내병원수":0,
            "5km이내대형병원수":11,
            "500m이내공원수":1,
            "3km이내혐오시설수":0,
            "초등학교학업성취도":90.08,
            "중학교학업성취도":75.9,
            "용적률":283,
            "건폐율":18,
            "Y":35.163194,
            "X":126.921845,
            "rank":8.0,
            "area_info":"22평(73.36), 31평(104.1), 49평(165.18), 61평(202.13)",
            "last_sales":"2021-09-20,52000.0,49평(165.18)",
            "rank_history":[
                [
                    "202202",
                    8
                ],
                [
                    "202201",
                    7
                ]
            ],
            "rank_gap":-1
        },
        {
            "index":154,
            "아파트명":"충장고운라피네(도시형)",
            "투자타입":"일반",
            "전용면적(m2)":"70.24",
            "전용면적(평)":"21평",
            "법정동주소":"광주시 동구 충장로4가 34",
            "도로명주소":"광주시 동구 충장로58번길 14",
            "세대수":0,
            "입주년차":80,
            "용적률점수":"--",
            "건폐율점수":"--",
            "세대당주차수":0,
            "난방방식":30,
            "공급면적":"--",
            "전용률":"--",
            "욕실수":50,
            "현관타입":100,
            "주거총점":34.0,
            "지역구공급총점":0.0,
            "역세권":80,
            "30분내 이동가능 거점":20,
            "1시간내 이동가능 거점":10,
            "교통총점":48.0,
            "백화점":100,
            "아울렛몰":80,
            "대형마트":0,
            "은행":100,
            "병원":0,
            "종합병원":100,
            "공원":100,
            "혐오시설":0,
            "인프라총점":71.0,
            "초등학군":90.0,
            "중학군":37.9,
            "학군총점":48.32,
            "인구수":10.7,
            "인구증감":8.44,
            "인구총점":10.022,
            "일자리":9.04,
            "소득수준":65.59,
            "일자리총점":26.005,
            "가치 총점":51.496,
            "매매실거래년":20220103.0,
            "매매실거래가":19200.0,
            "전세실거래년":20220115.0,
            "전세실거래가":18500.0,
            "전세가율":96.35,
            "장기전세가율평균":76.75,
            "전세가율거품지수":-19.6,
            "검색코드":118446,
            "세대수":148.0,
            "준공년월":"2017-10-13",
            "준공년차":6.0,
            "가까운역이름":"금남로4가",
            "가까운역거리":197.74,
            "역세권여부":"역세권",
            "30분이내주요거점역":1,
            "30분거점역이름":"['금남로4가']",
            "1시간이내주요거점역":1,
            "1시간거점역이름":"['금남로4가']",
            "3km이내백화점수":1,
            "5km이내아울렛몰수":1,
            "1km이내대형먀트수":0,
            "500m이내은행수":11,
            "500m이내병원수":0,
            "5km이내대형병원수":11,
            "500m이내공원수":3,
            "3km이내혐오시설수":0,
            "초등학교학업성취도":90.0,
            "중학교학업성취도":62.7,
            "용적률":536,
            "건폐율":60,
            "Y":35.149371,
            "X":126.913117,
            "rank":9.0,
            "area_info":"21평(70.24)",
            "last_sales":"2022-01-03,19200.0,21평(70.24)",
            "rank_history":[
                [
                    "202202",
                    9
                ],
                [
                    "202201",
                    19
                ]
            ],
            "rank_gap":10
        },
        {
            "index":39,
            "아파트명":"영무파라드(도시형)",
            "투자타입":"일반",
            "전용면적(m2)":"37.85",
            "전용면적(평)":"11평",
            "법정동주소":"광주시 동구 대인동 148-1",
            "도로명주소":"광주시 동구 구성로194번길 15-10",
            "세대수":0,
            "입주년차":100,
            "용적률점수":"--",
            "건폐율점수":"--",
            "세대당주차수":0,
            "난방방식":30,
            "공급면적":"--",
            "전용률":"--",
            "욕실수":50,
            "현관타입":10,
            "주거총점":29.0,
            "지역구공급총점":0.0,
            "역세권":80,
            "30분내 이동가능 거점":20,
            "1시간내 이동가능 거점":10,
            "교통총점":48.0,
            "백화점":100,
            "아울렛몰":80,
            "대형마트":0,
            "은행":100,
            "병원":0,
            "종합병원":100,
            "공원":100,
            "혐오시설":0,
            "인프라총점":71.0,
            "초등학군":90.0,
            "중학군":32.76,
            "학군총점":44.208,
            "인구수":10.7,
            "인구증감":8.44,
            "인구총점":10.022,
            "일자리":9.04,
            "소득수준":65.59,
            "일자리총점":26.005,
            "가치 총점":49.0124,
            "매매실거래년":"18000101",
            "매매실거래가":null,
            "전세실거래년":null,
            "전세실거래가":null,
            "전세가율":null,
            "장기전세가율평균":76.75,
            "전세가율거품지수":null,
            "검색코드":128681,
            "세대수":140.0,
            "준공년월":"2019-12-13",
            "준공년차":4.0,
            "가까운역이름":"금남로4가",
            "가까운역거리":203.3,
            "역세권여부":"역세권",
            "30분이내주요거점역":1,
            "30분거점역이름":"['금남로4가']",
            "1시간이내주요거점역":1,
            "1시간거점역이름":"['금남로4가']",
            "3km이내백화점수":1,
            "5km이내아울렛몰수":1,
            "1km이내대형먀트수":0,
            "500m이내은행수":13,
            "500m이내병원수":0,
            "5km이내대형병원수":11,
            "500m이내공원수":4,
            "3km이내혐오시설수":0,
            "초등학교학업성취도":90.0,
            "중학교학업성취도":54.6,
            "용적률":729,
            "건폐율":69,
            "Y":35.152231,
            "X":126.915795,
            "rank":10.0,
            "area_info":"11평(37.85), 13평(44.14), 13평(45.46), 13평(46.04), 13평(46.01)",
            "last_sales":"1800-01-01,nan,11평(37.85)",
            "rank_history":[
                [
                    "202202",
                    10
                ],
                [
                    "202201",
                    22
                ]
            ],
            "rank_gap":12
        },
        {
            "index":199,
            "아파트명":"학1마을",
            "투자타입":"일반",
            "전용면적(m2)":"68.86",
            "전용면적(평)":"20평",
            "법정동주소":"광주시 동구 학동 623",
            "도로명주소":"광주시 동구 남문로 734",
            "세대수":0,
            "입주년차":40,
            "용적률점수":"--",
            "건폐율점수":"--",
            "세대당주차수":0,
            "난방방식":30,
            "공급면적":"--",
            "전용률":"--",
            "욕실수":50,
            "현관타입":100,
            "주거총점":26.0,
            "지역구공급총점":0.0,
            "역세권":80,
            "30분내 이동가능 거점":0,
            "1시간내 이동가능 거점":10,
            "교통총점":42.0,
            "백화점":100,
            "아울렛몰":80,
            "대형마트":0,
            "은행":20,
            "병원":0,
            "종합병원":100,
            "공원":100,
            "혐오시설":0,
            "인프라총점":63.0,
            "초등학군":89.99,
            "중학군":46.76,
            "학군총점":55.406,
            "인구수":10.7,
            "인구증감":8.44,
            "인구총점":10.022,
            "일자리":9.04,
            "소득수준":65.59,
            "일자리총점":26.005,
            "가치 총점":48.3218,
            "매매실거래년":20211121.0,
            "매매실거래가":32700.0,
            "전세실거래년":20211022.0,
            "전세실거래가":21000.0,
            "전세가율":95.45,
            "장기전세가율평균":76.75,
            "전세가율거품지수":-18.7,
            "검색코드":108297,
            "세대수":297.0,
            "준공년월":"2007-07-19",
            "준공년차":16.0,
            "가까운역이름":"학동·증심사입구",
            "가까운역거리":448.03,
            "역세권여부":"역세권",
            "30분이내주요거점역":0,
            "30분거점역이름":"[]",
            "1시간이내주요거점역":1,
            "1시간거점역이름":"['금남로4가']",
            "3km이내백화점수":1,
            "5km이내아울렛몰수":1,
            "1km이내대형먀트수":0,
            "500m이내은행수":2,
            "500m이내병원수":0,
            "5km이내대형병원수":9,
            "500m이내공원수":2,
            "3km이내혐오시설수":0,
            "초등학교학업성취도":89.99,
            "중학교학업성취도":77.6,
            "용적률":198,
            "건폐율":16,
            "Y":35.136521,
            "X":126.92674,
            "rank":11.0,
            "area_info":"20평(68.86), 24평(80.87), 24평(81.53), 24평(82.17), 34평(114.95)",
            "last_sales":"2021-11-21,32700.0,34평(114.95)",
            "rank_history":[
                [
                    "202202",
                    11
                ],
                [
                    "202201",
                    20
                ]
            ],
            "rank_gap":9
        },
        {
            "index":143,
            "아파트명":"삼성",
            "투자타입":"재건축",
            "전용면적(m2)":"103.85",
            "전용면적(평)":"31평",
            "법정동주소":"광주시 동구 지산동 315-1",
            "도로명주소":"광주시 동구 밤실로30번길 11",
            "세대수":30,
            "입주년차":"--",
            "용적률점수":60,
            "건폐율점수":100,
            "세대당주차수":"--",
            "난방방식":"--",
            "공급면적":90,
            "전용률":80,
            "욕실수":"--",
            "현관타입":"--",
            "주거총점":61.5,
            "지역구공급총점":0.0,
            "역세권":0,
            "30분내 이동가능 거점":0,
            "1시간내 이동가능 거점":10,
            "교통총점":2.0,
            "백화점":100,
            "아울렛몰":0,
            "대형마트":0,
            "은행":0,
            "병원":0,
            "종합병원":100,
            "공원":80,
            "혐오시설":0,
            "인프라총점":52.4,
            "초등학군":90.02,
            "중학군":47.46,
            "학군총점":55.972,
            "인구수":10.7,
            "인구증감":8.44,
            "인구총점":10.022,
            "일자리":9.04,
            "소득수준":65.59,
            "일자리총점":26.005,
            "가치 총점":48.1866,
            "매매실거래년":20220115.0,
            "매매실거래가":24000.0,
            "전세실거래년":20200312.0,
            "전세실거래가":15000.0,
            "전세가율":62.5,
            "장기전세가율평균":76.75,
            "전세가율거품지수":14.25,
            "검색코드":4787,
            "세대수":314.0,
            "준공년월":"1991-06-25",
            "준공년차":32.0,
            "가까운역이름":"문화전당",
            "가까운역거리":1793.07,
            "역세권여부":"비역세권",
            "30분이내주요거점역":0,
            "30분거점역이름":"[]",
            "1시간이내주요거점역":1,
            "1시간거점역이름":"['금남로4가']",
            "3km이내백화점수":1,
            "5km이내아울렛몰수":0,
            "1km이내대형먀트수":0,
            "500m이내은행수":1,
            "500m이내병원수":0,
            "5km이내대형병원수":8,
            "500m이내공원수":1,
            "3km이내혐오시설수":0,
            "초등학교학업성취도":90.02,
            "중학교학업성취도":78.5,
            "용적률":186,
            "건폐율":14,
            "Y":35.15087,
            "X":126.93892,
            "rank":12.0,
            "area_info":"31평(103.85), 45평(149.57), 52평(174.55)",
            "last_sales":"2022-01-15,24000.0,31평(103.85)",
            "rank_history":[
                [
                    "202202",
                    12
                ],
                [
                    "202201",
                    8
                ]
            ],
            "rank_gap":-4
        },
        {
            "index":68,
            "아파트명":"무등산그린웰로제비앙",
            "투자타입":"일반",
            "전용면적(m2)":"61.26",
            "전용면적(평)":"18평",
            "법정동주소":"광주시 동구 산수동 723",
            "도로명주소":"광주시 동구 동계로 38",
            "세대수":90,
            "입주년차":100,
            "용적률점수":"--",
            "건폐율점수":"--",
            "세대당주차수":30,
            "난방방식":30,
            "공급면적":"--",
            "전용률":"--",
            "욕실수":50,
            "현관타입":100,
            "주거총점":74.0,
            "지역구공급총점":0.0,
            "역세권":0,
            "30분내 이동가능 거점":0,
            "1시간내 이동가능 거점":10,
            "교통총점":2.0,
            "백화점":100,
            "아울렛몰":0,
            "대형마트":0,
            "은행":0,
            "병원":0,
            "종합병원":100,
            "공원":100,
            "혐오시설":0,
            "인프라총점":53.0,
            "초등학군":90.02,
            "중학군":32.76,
            "학군총점":44.212,
            "인구수":10.7,
            "인구증감":8.44,
            "인구총점":10.022,
            "일자리":9.04,
            "소득수준":65.59,
            "일자리총점":26.005,
            "가치 총점":47.9636,
            "매매실거래년":20211024.0,
            "매매실거래가":89250.0,
            "전세실거래년":null,
            "전세실거래가":null,
            "전세가율":null,
            "장기전세가율평균":76.75,
            "전세가율거품지수":null,
            "검색코드":114500,
            "세대수":1074.0,
            "준공년월":"2019-03-01",
            "준공년차":4.0,
            "가까운역이름":"문화전당",
            "가까운역거리":1078.36,
            "역세권여부":"비역세권",
            "30분이내주요거점역":0,
            "30분거점역이름":"[]",
            "1시간이내주요거점역":1,
            "1시간거점역이름":"['금남로4가']",
            "3km이내백화점수":1,
            "5km이내아울렛몰수":0,
            "1km이내대형먀트수":0,
            "500m이내은행수":1,
            "500m이내병원수":0,
            "5km이내대형병원수":10,
            "500m이내공원수":17,
            "3km이내혐오시설수":0,
            "초등학교학업성취도":90.02,
            "중학교학업성취도":54.6,
            "용적률":227,
            "건폐율":14,
            "Y":35.154876,
            "X":126.926081,
            "rank":13.0,
            "area_info":"18평(61.26), 26평(87.56), 34평(113.85), 34평(113.52), 34평(113.98), 46평(152.61)",
            "last_sales":"2021-10-24,89250.0,46평(152.61)",
            "rank_history":[
                [
                    "202202",
                    13
                ],
                [
                    "202201",
                    5
                ]
            ],
            "rank_gap":-8
        },
        {
            "index":184,
            "아파트명":"삼익세라믹",
            "투자타입":"재건축",
            "전용면적(m2)":"93.09",
            "전용면적(평)":"28평",
            "법정동주소":"광주시 동구 학동 750-1",
            "도로명주소":"광주시 동구 남문로 676",
            "세대수":50,
            "입주년차":"--",
            "용적률점수":60,
            "건폐율점수":100,
            "세대당주차수":"--",
            "난방방식":"--",
            "공급면적":70,
            "전용률":80,
            "욕실수":"--",
            "현관타입":"--",
            "주거총점":66.5,
            "지역구공급총점":0.0,
            "역세권":80,
            "30분내 이동가능 거점":0,
            "1시간내 이동가능 거점":10,
            "교통총점":42.0,
            "백화점":0,
            "아울렛몰":80,
            "대형마트":0,
            "은행":20,
            "병원":0,
            "종합병원":100,
            "공원":100,
            "혐오시설":0,
            "인프라총점":33.0,
            "초등학군":89.99,
            "중학군":38.6,
            "학군총점":48.878,
            "인구수":10.7,
            "인구증감":8.44,
            "인구총점":10.022,
            "일자리":9.04,
            "소득수준":65.59,
            "일자리총점":26.005,
            "가치 총점":47.4884,
            "매매실거래년":20211105.0,
            "매매실거래가":44000.0,
            "전세실거래년":20211122.0,
            "전세실거래가":23000.0,
            "전세가율":80.7,
            "장기전세가율평균":76.75,
            "전세가율거품지수":-3.95,
            "검색코드":4882,
            "세대수":480.0,
            "준공년월":"1989-04-11",
            "준공년차":34.0,
            "가까운역이름":"학동·증심사입구",
            "가까운역거리":242.38,
            "역세권여부":"역세권",
            "30분이내주요거점역":0,
            "30분거점역이름":"[]",
            "1시간이내주요거점역":1,
            "1시간거점역이름":"['금남로4가']",
            "3km이내백화점수":0,
            "5km이내아울렛몰수":1,
            "1km이내대형먀트수":0,
            "500m이내은행수":2,
            "500m이내병원수":0,
            "5km이내대형병원수":8,
            "500m이내공원수":9,
            "3km이내혐오시설수":0,
            "초등학교학업성취도":89.99,
            "중학교학업성취도":63.6,
            "용적률":196,
            "건폐율":16,
            "Y":35.131398,
            "X":126.930516,
            "rank":14.0,
            "area_info":"28평(93.09), 30평(101.83), 44평(145.65), 53평(176.26), 61평(203.64)",
            "last_sales":"2021-11-05,44000.0,44평(145.65)",
            "rank_history":[
                [
                    "202202",
                    14
                ],
                [
                    "202201",
                    13
                ]
            ],
            "rank_gap":-1
        },
        {
            "index":21,
            "아파트명":"두산위브",
            "투자타입":"일반",
            "전용면적(m2)":"88.85",
            "전용면적(평)":"26평",
            "법정동주소":"광주시 동구 계림동 52",
            "도로명주소":"광주시 동구 무등로 374",
            "세대수":50,
            "입주년차":40,
            "용적률점수":"--",
            "건폐율점수":"--",
            "세대당주차수":60,
            "난방방식":30,
            "공급면적":"--",
            "전용률":"--",
            "욕실수":100,
            "현관타입":100,
            "주거총점":57.5,
            "지역구공급총점":0.0,
            "역세권":0,
            "30분내 이동가능 거점":0,
            "1시간내 이동가능 거점":10,
            "교통총점":2.0,
            "백화점":100,
            "아울렛몰":0,
            "대형마트":80,
            "은행":0,
            "병원":0,
            "종합병원":100,
            "공원":100,
            "혐오시설":0,
            "인프라총점":65.0,
            "초등학군":90.08,
            "중학군":32.76,
            "학군총점":44.224,
            "인구수":10.7,
            "인구증감":8.44,
            "인구총점":10.022,
            "일자리":9.04,
            "소득수준":65.59,
            "일자리총점":26.005,
            "가치 총점":47.4422,
            "매매실거래년":20211022.0,
            "매매실거래가":75000.0,
            "전세실거래년":20170620.0,
            "전세실거래가":18000.0,
            "전세가율":60.0,
            "장기전세가율평균":76.75,
            "전세가율거품지수":16.75,
            "검색코드":19712,
            "세대수":658.0,
            "준공년월":"2007-02-23",
            "준공년차":16.0,
            "가까운역이름":"금남로4가",
            "가까운역거리":1311.73,
            "역세권여부":"비역세권",
            "30분이내주요거점역":0,
            "30분거점역이름":"[]",
            "1시간이내주요거점역":1,
            "1시간거점역이름":"['금남로4가']",
            "3km이내백화점수":1,
            "5km이내아울렛몰수":0,
            "1km이내대형먀트수":1,
            "500m이내은행수":0,
            "500m이내병원수":0,
            "5km이내대형병원수":9,
            "500m이내공원수":7,
            "3km이내혐오시설수":0,
            "초등학교학업성취도":90.08,
            "중학교학업성취도":54.6,
            "용적률":373,
            "건폐율":19,
            "Y":35.159519,
            "X":126.924144,
            "rank":15.0,
            "area_info":"26평(88.85), 34평(114.65), 41평(136.22), 44평(145.91), 57평(189.37)",
            "last_sales":"2021-10-22,75000.0,57평(189.37)",
            "rank_history":[
                [
                    "202202",
                    15
                ],
                [
                    "202201",
                    9
                ]
            ],
            "rank_gap":-6
        },
        {
            "index":86,
            "아파트명":"무등산골드클래스",
            "투자타입":"일반",
            "전용면적(m2)":"84.61",
            "전용면적(평)":"25평",
            "법정동주소":"광주시 동구 소태동 1103",
            "도로명주소":"광주시 동구 학소로 109",
            "세대수":50,
            "입주년차":80,
            "용적률점수":"--",
            "건폐율점수":"--",
            "세대당주차수":30,
            "난방방식":30,
            "공급면적":"--",
            "전용률":"--",
            "욕실수":100,
            "현관타입":100,
            "주거총점":61.0,
            "지역구공급총점":0.0,
            "역세권":80,
            "30분내 이동가능 거점":0,
            "1시간내 이동가능 거점":10,
            "교통총점":42.0,
            "백화점":0,
            "아울렛몰":0,
            "대형마트":80,
            "은행":20,
            "병원":0,
            "종합병원":100,
            "공원":100,
            "혐오시설":0,
            "인프라총점":37.0,
            "초등학군":89.99,
            "중학군":38.6,
            "학군총점":48.878,
            "인구수":10.7,
            "인구증감":8.44,
            "인구총점":10.022,
            "일자리":9.04,
            "소득수준":65.59,
            "일자리총점":26.005,
            "가치 총점":47.3134,
            "매매실거래년":20211021.0,
            "매매실거래가":61700.0,
            "전세실거래년":20220125.0,
            "전세실거래가":26775.0,
            "전세가율":63.75,
            "장기전세가율평균":76.75,
            "전세가율거품지수":13.0,
            "검색코드":113007,
            "세대수":690.0,
            "준공년월":"2018-09-28",
            "준공년차":5.0,
            "가까운역이름":"학동·증심사입구",
            "가까운역거리":490.25,
            "역세권여부":"역세권",
            "30분이내주요거점역":0,
            "30분거점역이름":"[]",
            "1시간이내주요거점역":1,
            "1시간거점역이름":"['금남로4가']",
            "3km이내백화점수":0,
            "5km이내아울렛몰수":0,
            "1km이내대형먀트수":1,
            "500m이내은행수":2,
            "500m이내병원수":0,
            "5km이내대형병원수":8,
            "500m이내공원수":10,
            "3km이내혐오시설수":0,
            "초등학교학업성취도":89.99,
            "중학교학업성취도":63.6,
            "용적률":228,
            "건폐율":17,
            "Y":35.1293,
            "X":126.931794,
            "rank":16.0,
            "area_info":"25평(84.61), 29평(98.65), 29평(98.19), 33평(112.17)",
            "last_sales":"2021-10-21,61700.0,33평(112.17)",
            "rank_history":[
                [
                    "202202",
                    16
                ],
                [
                    "202201",
                    25
                ]
            ],
            "rank_gap":9
        },
        {
            "index":26,
            "아파트명":"푸른길두산위브",
            "투자타입":"일반",
            "전용면적(m2)":"61.69",
            "전용면적(평)":"18평",
            "법정동주소":"광주시 동구 계림동 1815",
            "도로명주소":"광주시 동구 계림로30번길 15",
            "세대수":50,
            "입주년차":80,
            "용적률점수":"--",
            "건폐율점수":"--",
            "세대당주차수":30,
            "난방방식":30,
            "공급면적":"--",
            "전용률":"--",
            "욕실수":50,
            "현관타입":100,
            "주거총점":56.0,
            "지역구공급총점":0.0,
            "역세권":0,
            "30분내 이동가능 거점":0,
            "1시간내 이동가능 거점":10,
            "교통총점":2.0,
            "백화점":100,
            "아울렛몰":0,
            "대형마트":80,
            "은행":0,
            "병원":0,
            "종합병원":100,
            "공원":100,
            "혐오시설":0,
            "인프라총점":65.0,
            "초등학군":90.02,
            "중학군":32.76,
            "학군총점":44.212,
            "인구수":10.7,
            "인구증감":8.44,
            "인구총점":10.022,
            "일자리":9.04,
            "소득수준":65.59,
            "일자리총점":26.005,
            "가치 총점":47.0636,
            "매매실거래년":"18000101",
            "매매실거래가":null,
            "전세실거래년":null,
            "전세실거래가":null,
            "전세가율":null,
            "장기전세가율평균":76.75,
            "전세가율거품지수":null,
            "검색코드":114739,
            "세대수":648.0,
            "준공년월":"2018-07-26",
            "준공년차":5.0,
            "가까운역이름":"금남로4가",
            "가까운역거리":1207.38,
            "역세권여부":"비역세권",
            "30분이내주요거점역":0,
            "30분거점역이름":"[]",
            "1시간이내주요거점역":1,
            "1시간거점역이름":"['금남로4가']",
            "3km이내백화점수":1,
            "5km이내아울렛몰수":0,
            "1km이내대형먀트수":1,
            "500m이내은행수":0,
            "500m이내병원수":0,
            "5km이내대형병원수":10,
            "500m이내공원수":16,
            "3km이내혐오시설수":0,
            "초등학교학업성취도":90.02,
            "중학교학업성취도":54.6,
            "용적률":225,
            "건폐율":17,
            "Y":35.157578,
            "X":126.924828,
            "rank":17.0,
            "area_info":"18평(61.69), 25평(82.85), 25평(82.72), 33평(110.09), 33평(110.82), 33평(111.25)",
            "last_sales":"1800-01-01,nan,18평(61.69)",
            "rank_history":[
                [
                    "202202",
                    17
                ],
                [
                    "202201",
                    10
                ]
            ],
            "rank_gap":-7
        },
        {
            "index":32,
            "아파트명":"금남로에이엠시티하이클래스(도시형)",
            "투자타입":"일반",
            "전용면적(m2)":"26.42",
            "전용면적(평)":"7평",
            "법정동주소":"광주시 동구 금남로5가 154-1",
            "도로명주소":"광주시 동구 금남로 185",
            "세대수":0,
            "입주년차":80,
            "용적률점수":"--",
            "건폐율점수":"--",
            "세대당주차수":0,
            "난방방식":30,
            "공급면적":"--",
            "전용률":"--",
            "욕실수":50,
            "현관타입":10,
            "주거총점":25.0,
            "지역구공급총점":0.0,
            "역세권":80,
            "30분내 이동가능 거점":20,
            "1시간내 이동가능 거점":10,
            "교통총점":48.0,
            "백화점":100,
            "아울렛몰":80,
            "대형마트":0,
            "은행":100,
            "병원":0,
            "종합병원":100,
            "공원":100,
            "혐오시설":0,
            "인프라총점":71.0,
            "초등학군":90.0,
            "중학군":24.0,
            "학군총점":37.2,
            "인구수":10.7,
            "인구증감":8.44,
            "인구총점":10.022,
            "일자리":9.04,
            "소득수준":65.59,
            "일자리총점":26.005,
            "가치 총점":45.91,
            "매매실거래년":20211126.0,
            "매매실거래가":12930.0,
            "전세실거래년":20211211.0,
            "전세실거래가":5300.0,
            "전세가율":106.0,
            "장기전세가율평균":76.75,
            "전세가율거품지수":-29.25,
            "검색코드":106577,
            "세대수":218.0,
            "준공년월":"2014-03-31",
            "준공년차":9.0,
            "가까운역이름":"금남로4가",
            "가까운역거리":136.44,
            "역세권여부":"역세권",
            "30분이내주요거점역":1,
            "30분거점역이름":"['금남로4가']",
            "1시간이내주요거점역":1,
            "1시간거점역이름":"['금남로4가']",
            "3km이내백화점수":2,
            "5km이내아울렛몰수":1,
            "1km이내대형먀트수":0,
            "500m이내은행수":13,
            "500m이내병원수":0,
            "5km이내대형병원수":11,
            "500m이내공원수":4,
            "3km이내혐오시설수":0,
            "초등학교학업성취도":90.0,
            "중학교학업성취도":40.0,
            "용적률":770,
            "건폐율":71,
            "Y":35.151755,
            "X":126.91371,
            "rank":18.0,
            "area_info":"7평(26.42), 9평(30.6), 9평(30.6), 13평(45.11)",
            "last_sales":"2021-11-26,12930.0,13평(45.11)",
            "rank_history":[
                [
                    "202202",
                    18
                ],
                [
                    "202201",
                    26
                ]
            ],
            "rank_gap":8
        },
        {
            "index":139,
            "아파트명":"월남호반베르디움2차",
            "투자타입":"일반",
            "전용면적(m2)":"81.96",
            "전용면적(평)":"24평",
            "법정동주소":"광주시 동구 월남동 638",
            "도로명주소":"광주시 동구 남문로 307",
            "세대수":80,
            "입주년차":80,
            "용적률점수":"--",
            "건폐율점수":"--",
            "세대당주차수":30,
            "난방방식":30,
            "공급면적":"--",
            "전용률":"--",
            "욕실수":100,
            "현관타입":100,
            "주거총점":71.5,
            "지역구공급총점":0.0,
            "역세권":50,
            "30분내 이동가능 거점":0,
            "1시간내 이동가능 거점":0,
            "교통총점":25.0,
            "백화점":0,
            "아울렛몰":0,
            "대형마트":0,
            "은행":0,
            "병원":0,
            "종합병원":100,
            "공원":100,
            "혐오시설":0,
            "인프라총점":23.0,
            "초등학군":89.95,
            "중학군":49.4,
            "학군총점":57.51,
            "인구수":10.7,
            "인구증감":8.44,
            "인구총점":10.022,
            "일자리":9.04,
            "소득수준":65.59,
            "일자리총점":26.005,
            "가치 총점":45.778,
            "매매실거래년":20211117.0,
            "매매실거래가":36300.0,
            "전세실거래년":20190624.0,
            "전세실거래가":16000.0,
            "전세가율":61.54,
            "장기전세가율평균":76.75,
            "전세가율거품지수":15.21,
            "검색코드":108386,
            "세대수":784.0,
            "준공년월":"2016-05-10",
            "준공년차":7.0,
            "가까운역이름":"녹동",
            "가까운역거리":936.34,
            "역세권여부":"준역세권",
            "30분이내주요거점역":0,
            "30분거점역이름":"[]",
            "1시간이내주요거점역":0,
            "1시간거점역이름":"[]",
            "3km이내백화점수":0,
            "5km이내아울렛몰수":0,
            "1km이내대형먀트수":0,
            "500m이내은행수":0,
            "500m이내병원수":0,
            "5km이내대형병원수":5,
            "500m이내공원수":2,
            "3km이내혐오시설수":0,
            "초등학교학업성취도":89.95,
            "중학교학업성취도":82.0,
            "용적률":198,
            "건폐율":17,
            "Y":35.099379,
            "X":126.938889,
            "rank":19.0,
            "area_info":"24평(81.96), 25평(83.63), 25평(85.03), 31평(103.21)",
            "last_sales":"2021-11-17,36300.0,31평(103.21)",
            "rank_history":[
                [
                    "202202",
                    19
                ],
                [
                    "202201",
                    27
                ]
            ],
            "rank_gap":8
        },
        {
            "index":181,
            "아파트명":"백화",
            "투자타입":"재건축",
            "전용면적(m2)":"57.16",
            "전용면적(평)":"17평",
            "법정동주소":"광주시 동구 학동 898-4",
            "도로명주소":"광주시 동구 천변우로 603",
            "세대수":0,
            "입주년차":"--",
            "용적률점수":0,
            "건폐율점수":40,
            "세대당주차수":"--",
            "난방방식":"--",
            "공급면적":50,
            "전용률":60,
            "욕실수":"--",
            "현관타입":"--",
            "주거총점":13.5,
            "지역구공급총점":0.0,
            "역세권":80,
            "30분내 이동가능 거점":0,
            "1시간내 이동가능 거점":10,
            "교통총점":42.0,
            "백화점":100,
            "아울렛몰":80,
            "대형마트":0,
            "은행":20,
            "병원":0,
            "종합병원":100,
            "공원":100,
            "혐오시설":0,
            "인프라총점":63.0,
            "초등학군":89.99,
            "중학군":48.04,
            "학군총점":56.43,
            "인구수":10.7,
            "인구증감":8.44,
            "인구총점":10.022,
            "일자리":9.04,
            "소득수준":65.59,
            "일자리총점":26.005,
            "가치 총점":45.504,
            "매매실거래년":20210901.0,
            "매매실거래가":14600.0,
            "전세실거래년":20191226.0,
            "전세실거래가":7000.0,
            "전세가율":85.37,
            "장기전세가율평균":76.75,
            "전세가율거품지수":-8.62,
            "검색코드":4878,
            "세대수":165.0,
            "준공년월":"1992-11-13",
            "준공년차":31.0,
            "가까운역이름":"학동·증심사입구",
            "가까운역거리":284.01,
            "역세권여부":"역세권",
            "30분이내주요거점역":0,
            "30분거점역이름":"[]",
            "1시간이내주요거점역":1,
            "1시간거점역이름":"['금남로4가']",
            "3km이내백화점수":1,
            "5km이내아울렛몰수":1,
            "1km이내대형먀트수":0,
            "500m이내은행수":2,
            "500m이내병원수":0,
            "5km이내대형병원수":10,
            "500m이내공원수":2,
            "3km이내혐오시설수":0,
            "초등학교학업성취도":89.99,
            "중학교학업성취도":78.6,
            "용적률":408,
            "건폐율":38,
            "Y":35.130633,
            "X":126.92662,
            "rank":20.0,
            "area_info":"17평(57.16), 21평(70.88), 24평(82.31)",
            "last_sales":"2021-09-01,14600.0,24평(82.31)",
            "rank_history":[
                [
                    "202202",
                    20
                ],
                [
                    "202201",
                    24
                ]
            ],
            "rank_gap":4
        },
        {
            "index":189,
            "아파트명":"아남",
            "투자타입":"일반",
            "전용면적(m2)":"78.9",
            "전용면적(평)":"23평",
            "법정동주소":"광주시 동구 학동 676-1",
            "도로명주소":"광주시 동구 의재로 23-8",
            "세대수":0,
            "입주년차":0,
            "용적률점수":"--",
            "건폐율점수":"--",
            "세대당주차수":0,
            "난방방식":30,
            "공급면적":"--",
            "전용률":"--",
            "욕실수":50,
            "현관타입":100,
            "주거총점":18.0,
            "지역구공급총점":0.0,
            "역세권":80,
            "30분내 이동가능 거점":0,
            "1시간내 이동가능 거점":10,
            "교통총점":42.0,
            "백화점":100,
            "아울렛몰":80,
            "대형마트":0,
            "은행":20,
            "병원":0,
            "종합병원":100,
            "공원":100,
            "혐오시설":0,
            "인프라총점":63.0,
            "초등학군":89.99,
            "중학군":38.6,
            "학군총점":48.878,
            "인구수":10.7,
            "인구증감":8.44,
            "인구총점":10.022,
            "일자리":9.04,
            "소득수준":65.59,
            "일자리총점":26.005,
            "가치 총점":44.3634,
            "매매실거래년":20211215.0,
            "매매실거래가":16300.0,
            "전세실거래년":20210503.0,
            "전세실거래가":12500.0,
            "전세가율":71.02,
            "장기전세가율평균":76.75,
            "전세가율거품지수":5.73,
            "검색코드":4889,
            "세대수":299.0,
            "준공년월":"1994-02-16",
            "준공년차":29.0,
            "가까운역이름":"학동·증심사입구",
            "가까운역거리":273.5,
            "역세권여부":"역세권",
            "30분이내주요거점역":0,
            "30분거점역이름":"[]",
            "1시간이내주요거점역":1,
            "1시간거점역이름":"['금남로4가']",
            "3km이내백화점수":1,
            "5km이내아울렛몰수":1,
            "1km이내대형먀트수":0,
            "500m이내은행수":2,
            "500m이내병원수":0,
            "5km이내대형병원수":8,
            "500m이내공원수":9,
            "3km이내혐오시설수":0,
            "초등학교학업성취도":89.99,
            "중학교학업성취도":63.6,
            "용적률":308,
            "건폐율":25,
            "Y":35.134079,
            "X":126.930919,
            "rank":21.0,
            "area_info":"23평(78.9), 24평(79.81), 34평(113.29), 49평(162.71), 51평(170.6), 55평(182.99), 78평(260.47), 79평(262.6)",
            "last_sales":"2021-12-15,16300.0,24평(79.81)",
            "rank_history":[
                [
                    "202202",
                    21
                ],
                [
                    "202201",
                    21
                ]
            ],
            "rank_gap":0
        },
        {
            "index":54,
            "아파트명":"두암그린파크",
            "투자타입":"일반",
            "전용면적(m2)":"110.95",
            "전용면적(평)":"33평",
            "법정동주소":"광주시 동구 산수동 689",
            "도로명주소":"광주시 동구 밤실로 150",
            "세대수":50,
            "입주년차":0,
            "용적률점수":"--",
            "건폐율점수":"--",
            "세대당주차수":0,
            "난방방식":30,
            "공급면적":"--",
            "전용률":"--",
            "욕실수":100,
            "현관타입":100,
            "주거총점":40.5,
            "지역구공급총점":0.0,
            "역세권":0,
            "30분내 이동가능 거점":0,
            "1시간내 이동가능 거점":10,
            "교통총점":2.0,
            "백화점":100,
            "아울렛몰":0,
            "대형마트":0,
            "은행":0,
            "병원":0,
            "종합병원":100,
            "공원":100,
            "혐오시설":0,
            "인프라총점":53.0,
            "초등학군":89.99,
            "중학군":48.48,
            "학군총점":56.782,
            "인구수":10.7,
            "인구증감":8.44,
            "인구총점":10.022,
            "일자리":9.04,
            "소득수준":65.59,
            "일자리총점":26.005,
            "가치 총점":43.3596,
            "매매실거래년":20211231.0,
            "매매실거래가":23800.0,
            "전세실거래년":20210924.0,
            "전세실거래가":18000.0,
            "전세가율":75.63,
            "장기전세가율평균":76.75,
            "전세가율거품지수":1.12,
            "검색코드":5075,
            "세대수":473.0,
            "준공년월":"1995-04-26",
            "준공년차":28.0,
            "가까운역이름":"문화전당",
            "가까운역거리":2239.64,
            "역세권여부":"비역세권",
            "30분이내주요거점역":0,
            "30분거점역이름":"[]",
            "1시간이내주요거점역":1,
            "1시간거점역이름":"['금남로4가']",
            "3km이내백화점수":1,
            "5km이내아울렛몰수":0,
            "1km이내대형먀트수":0,
            "500m이내은행수":1,
            "500m이내병원수":0,
            "5km이내대형병원수":8,
            "500m이내공원수":6,
            "3km이내혐오시설수":0,
            "초등학교학업성취도":89.99,
            "중학교학업성취도":80.8,
            "용적률":199,
            "건폐율":16,
            "Y":35.160977,
            "X":126.937153,
            "rank":22.0,
            "area_info":"33평(110.95), 33평(110.83)",
            "last_sales":"2021-12-31,23800.0,33평(110.95)",
            "rank_history":[
                [
                    "202202",
                    22
                ],
                [
                    "202201",
                    18
                ]
            ],
            "rank_gap":-4
        },
        {
            "index":56,
            "아파트명":"두암타운",
            "투자타입":"일반",
            "전용면적(m2)":"116.01",
            "전용면적(평)":"35평",
            "법정동주소":"광주시 동구 산수동 568-1",
            "도로명주소":"광주시 동구 밤실로 147",
            "세대수":90,
            "입주년차":0,
            "용적률점수":"--",
            "건폐율점수":"--",
            "세대당주차수":0,
            "난방방식":30,
            "공급면적":"--",
            "전용률":"--",
            "욕실수":100,
            "현관타입":100,
            "주거총점":54.5,
            "지역구공급총점":0.0,
            "역세권":0,
            "30분내 이동가능 거점":0,
            "1시간내 이동가능 거점":10,
            "교통총점":2.0,
            "백화점":100,
            "아울렛몰":0,
            "대형마트":0,
            "은행":0,
            "병원":0,
            "종합병원":100,
            "공원":100,
            "혐오시설":0,
            "인프라총점":53.0,
            "초등학군":89.99,
            "중학군":32.76,
            "학군총점":44.206,
            "인구수":10.7,
            "인구증감":8.44,
            "인구총점":10.022,
            "일자리":9.04,
            "소득수준":65.59,
            "일자리총점":26.005,
            "가치 총점":43.0868,
            "매매실거래년":20220108.0,
            "매매실거래가":35000.0,
            "전세실거래년":20211018.0,
            "전세실거래가":18000.0,
            "전세가율":51.43,
            "장기전세가율평균":76.75,
            "전세가율거품지수":25.32,
            "검색코드":4756,
            "세대수":952.0,
            "준공년월":"1993-11-23",
            "준공년차":30.0,
            "가까운역이름":"문화전당",
            "가까운역거리":1945.54,
            "역세권여부":"비역세권",
            "30분이내주요거점역":0,
            "30분거점역이름":"[]",
            "1시간이내주요거점역":1,
            "1시간거점역이름":"['금남로4가']",
            "3km이내백화점수":1,
            "5km이내아울렛몰수":0,
            "1km이내대형먀트수":0,
            "500m이내은행수":1,
            "500m이내병원수":0,
            "5km이내대형병원수":9,
            "500m이내공원수":6,
            "3km이내혐오시설수":0,
            "초등학교학업성취도":89.99,
            "중학교학업성취도":54.6,
            "용적률":207,
            "건폐율":17,
            "Y":35.159795,
            "X":126.933953,
            "rank":23.0,
            "area_info":"35평(116.01), 35평(116.03), 47평(158.23), 58평(191.91)",
            "last_sales":"2022-01-08,35000.0,35평(116.01)",
            "rank_history":[
                [
                    "202202",
                    23
                ],
                [
                    "202201",
                    11
                ]
            ],
            "rank_gap":-12
        },
        {
            "index":66,
            "아파트명":"무등산광신프로그레스",
            "투자타입":"일반",
            "전용면적(m2)":"110.64",
            "전용면적(평)":"33평",
            "법정동주소":"광주시 동구 산수동 716",
            "도로명주소":"광주시 동구 밤실로 100",
            "세대수":30,
            "입주년차":80,
            "용적률점수":"--",
            "건폐율점수":"--",
            "세대당주차수":30,
            "난방방식":30,
            "공급면적":"--",
            "전용률":"--",
            "욕실수":100,
            "현관타입":100,
            "주거총점":54.0,
            "지역구공급총점":0.0,
            "역세권":0,
            "30분내 이동가능 거점":0,
            "1시간내 이동가능 거점":10,
            "교통총점":2.0,
            "백화점":100,
            "아울렛몰":0,
            "대형마트":0,
            "은행":0,
            "병원":0,
            "종합병원":100,
            "공원":100,
            "혐오시설":0,
            "인프라총점":53.0,
            "초등학군":89.99,
            "중학군":32.76,
            "학군총점":44.206,
            "인구수":10.7,
            "인구증감":8.44,
            "인구총점":10.022,
            "일자리":9.04,
            "소득수준":65.59,
            "일자리총점":26.005,
            "가치 총점":42.9618,
            "매매실거래년":20220127.0,
            "매매실거래가":37700.0,
            "전세실거래년":20211009.0,
            "전세실거래가":32000.0,
            "전세가율":84.21,
            "장기전세가율평균":76.75,
            "전세가율거품지수":-7.46,
            "검색코드":116698,
            "세대수":335.0,
            "준공년월":"2018-01-05",
            "준공년차":5.0,
            "가까운역이름":"문화전당",
            "가까운역거리":1888.69,
            "역세권여부":"비역세권",
            "30분이내주요거점역":0,
            "30분거점역이름":"[]",
            "1시간이내주요거점역":1,
            "1시간거점역이름":"['금남로4가']",
            "3km이내백화점수":1,
            "5km이내아울렛몰수":0,
            "1km이내대형먀트수":0,
            "500m이내은행수":0,
            "500m이내병원수":0,
            "5km이내대형병원수":9,
            "500m이내공원수":5,
            "3km이내혐오시설수":0,
            "초등학교학업성취도":89.99,
            "중학교학업성취도":54.6,
            "용적률":0,
            "건폐율":0,
            "Y":35.156909,
            "X":126.936411,
            "rank":24.0,
            "area_info":"33평(110.64), 33평(111.84)",
            "last_sales":"2022-01-27,37700.0,33평(111.84)",
            "rank_history":[
                [
                    "202202",
                    24
                ],
                [
                    "202201",
                    15
                ]
            ],
            "rank_gap":-9
        },
        {
            "index":151,
            "아파트명":"지산휴먼시아",
            "투자타입":"일반",
            "전용면적(m2)":"98.71",
            "전용면적(평)":"29평",
            "법정동주소":"광주시 동구 지산동 671",
            "도로명주소":"광주시 동구 동명로69번길 20",
            "세대수":30,
            "입주년차":60,
            "용적률점수":"--",
            "건폐율점수":"--",
            "세대당주차수":30,
            "난방방식":30,
            "공급면적":"--",
            "전용률":"--",
            "욕실수":100,
            "현관타입":100,
            "주거총점":50.0,
            "지역구공급총점":0.0,
            "역세권":0,
            "30분내 이동가능 거점":0,
            "1시간내 이동가능 거점":10,
            "교통총점":2.0,
            "백화점":100,
            "아울렛몰":0,
            "대형마트":0,
            "은행":20,
            "병원":0,
            "종합병원":100,
            "공원":100,
            "혐오시설":0,
            "인프라총점":55.0,
            "초등학군":90.02,
            "중학군":32.76,
            "학군총점":44.212,
            "인구수":10.7,
            "인구증감":8.44,
            "인구총점":10.022,
            "일자리":9.04,
            "소득수준":65.59,
            "일자리총점":26.005,
            "가치 총점":42.5636,
            "매매실거래년":20211103.0,
            "매매실거래가":41000.0,
            "전세실거래년":20210113.0,
            "전세실거래가":25000.0,
            "전세가율":72.05,
            "장기전세가율평균":76.75,
            "전세가율거품지수":4.7,
            "검색코드":115024,
            "세대수":375.0,
            "준공년월":"2010-06-10",
            "준공년차":13.0,
            "가까운역이름":"문화전당",
            "가까운역거리":1040.53,
            "역세권여부":"비역세권",
            "30분이내주요거점역":0,
            "30분거점역이름":"[]",
            "1시간이내주요거점역":1,
            "1시간거점역이름":"['금남로4가']",
            "3km이내백화점수":1,
            "5km이내아울렛몰수":0,
            "1km이내대형먀트수":0,
            "500m이내은행수":2,
            "500m이내병원수":0,
            "5km이내대형병원수":10,
            "500m이내공원수":8,
            "3km이내혐오시설수":0,
            "초등학교학업성취도":90.02,
            "중학교학업성취도":54.6,
            "용적률":191,
            "건폐율":18,
            "Y":35.152862,
            "X":126.928405,
            "rank":25.0,
            "area_info":"29평(98.71), 33평(111.94), 33평(111.98)",
            "last_sales":"2021-11-03,41000.0,33평(111.98)",
            "rank_history":[
                [
                    "202202",
                    25
                ],
                [
                    "202201",
                    14
                ]
            ],
            "rank_gap":-11
        },
        {
            "index":63,
            "아파트명":"명지로드힐포레",
            "투자타입":"일반",
            "전용면적(m2)":"94.32",
            "전용면적(평)":"28평",
            "법정동주소":"광주시 동구 산수동 730",
            "도로명주소":"광주시 동구 밤실로90번길 20",
            "세대수":0,
            "입주년차":100,
            "용적률점수":"--",
            "건폐율점수":"--",
            "세대당주차수":60,
            "난방방식":30,
            "공급면적":"--",
            "전용률":"--",
            "욕실수":100,
            "현관타입":100,
            "주거총점":52.0,
            "지역구공급총점":0.0,
            "역세권":0,
            "30분내 이동가능 거점":0,
            "1시간내 이동가능 거점":10,
            "교통총점":2.0,
            "백화점":100,
            "아울렛몰":0,
            "대형마트":0,
            "은행":0,
            "병원":0,
            "종합병원":100,
            "공원":100,
            "혐오시설":0,
            "인프라총점":53.0,
            "초등학군":89.99,
            "중학군":32.76,
            "학군총점":44.206,
            "인구수":10.7,
            "인구증감":8.44,
            "인구총점":10.022,
            "일자리":9.04,
            "소득수준":65.59,
            "일자리총점":26.005,
            "가치 총점":42.4618,
            "매매실거래년":20220114.0,
            "매매실거래가":32100.0,
            "전세실거래년":20220102.0,
            "전세실거래가":27000.0,
            "전세가율":84.11,
            "장기전세가율평균":76.75,
            "전세가율거품지수":-7.36,
            "검색코드":134343,
            "세대수":270.0,
            "준공년월":"2021-06-01",
            "준공년차":2.0,
            "가까운역이름":"문화전당",
            "가까운역거리":1933.23,
            "역세권여부":"비역세권",
            "30분이내주요거점역":0,
            "30분거점역이름":"[]",
            "1시간이내주요거점역":1,
            "1시간거점역이름":"['금남로4가']",
            "3km이내백화점수":1,
            "5km이내아울렛몰수":0,
            "1km이내대형먀트수":0,
            "500m이내은행수":0,
            "500m이내병원수":0,
            "5km이내대형병원수":8,
            "500m이내공원수":3,
            "3km이내혐오시설수":0,
            "초등학교학업성취도":89.99,
            "중학교학업성취도":54.6,
            "용적률":183,
            "건폐율":18,
            "Y":35.155389,
            "X":126.938248,
            "rank":26.0,
            "area_info":"28평(94.32), 29평(97.63), 29평(98.75)",
            "last_sales":"2022-01-14,32100.0,28평(94.32)",
            "rank_history":[
                [
                    "202202",
                    26
                ],
                [
                    "202201",
                    17
                ]
            ],
            "rank_gap":-9
        },
        {
            "index":82,
            "아파트명":"모아미래도",
            "투자타입":"일반",
            "전용면적(m2)":"97.75",
            "전용면적(평)":"29평",
            "법정동주소":"광주시 동구 소태동 501",
            "도로명주소":"광주시 동구 학소로76번길 14",
            "세대수":50,
            "입주년차":20,
            "용적률점수":"--",
            "건폐율점수":"--",
            "세대당주차수":30,
            "난방방식":100,
            "공급면적":"--",
            "전용률":"--",
            "욕실수":100,
            "현관타입":100,
            "주거총점":56.0,
            "지역구공급총점":0.0,
            "역세권":50,
            "30분내 이동가능 거점":0,
            "1시간내 이동가능 거점":10,
            "교통총점":27.0,
            "백화점":0,
            "아울렛몰":0,
            "대형마트":80,
            "은행":0,
            "병원":0,
            "종합병원":100,
            "공원":0,
            "혐오시설":0,
            "인프라총점":32.0,
            "초등학군":89.99,
            "중학군":38.6,
            "학군총점":48.878,
            "인구수":10.7,
            "인구증감":8.44,
            "인구총점":10.022,
            "일자리":9.04,
            "소득수준":65.59,
            "일자리총점":26.005,
            "가치 총점":42.3134,
            "매매실거래년":20211209.0,
            "매매실거래가":29000.0,
            "전세실거래년":20211009.0,
            "전세실거래가":18000.0,
            "전세가율":82.19,
            "장기전세가율평균":76.75,
            "전세가율거품지수":-5.44,
            "검색코드":17462,
            "세대수":580.0,
            "준공년월":"2003-12-05",
            "준공년차":20.0,
            "가까운역이름":"소태",
            "가까운역거리":578.25,
            "역세권여부":"준역세권",
            "30분이내주요거점역":0,
            "30분거점역이름":"[]",
            "1시간이내주요거점역":1,
            "1시간거점역이름":"['금남로4가']",
            "3km이내백화점수":0,
            "5km이내아울렛몰수":0,
            "1km이내대형먀트수":1,
            "500m이내은행수":0,
            "500m이내병원수":0,
            "5km이내대형병원수":8,
            "500m이내공원수":0,
            "3km이내혐오시설수":0,
            "초등학교학업성취도":89.99,
            "중학교학업성취도":63.6,
            "용적률":235,
            "건폐율":17,
            "Y":35.127046,
            "X":126.93687,
            "rank":27.0,
            "area_info":"29평(97.75), 29평(98.75), 34평(114.5), 34평(114.5)",
            "last_sales":"2021-12-09,29000.0,34평(114.5)",
            "rank_history":[
                [
                    "202202",
                    27
                ],
                [
                    "202201",
                    32
                ]
            ],
            "rank_gap":5
        },
        {
            "index":60,
            "아파트명":"라도스하임",
            "투자타입":"일반",
            "전용면적(m2)":"109.94",
            "전용면적(평)":"33평",
            "법정동주소":"광주시 동구 산수동 715",
            "도로명주소":"광주시 동구 필문대로192번길 21",
            "세대수":0,
            "입주년차":80,
            "용적률점수":"--",
            "건폐율점수":"--",
            "세대당주차수":60,
            "난방방식":30,
            "공급면적":"--",
            "전용률":"--",
            "욕실수":100,
            "현관타입":100,
            "주거총점":48.0,
            "지역구공급총점":0.0,
            "역세권":0,
            "30분내 이동가능 거점":0,
            "1시간내 이동가능 거점":10,
            "교통총점":2.0,
            "백화점":100,
            "아울렛몰":0,
            "대형마트":0,
            "은행":20,
            "병원":0,
            "종합병원":100,
            "공원":100,
            "혐오시설":0,
            "인프라총점":55.0,
            "초등학군":90.02,
            "중학군":32.76,
            "학군총점":44.212,
            "인구수":10.7,
            "인구증감":8.44,
            "인구총점":10.022,
            "일자리":9.04,
            "소득수준":65.59,
            "일자리총점":26.005,
            "가치 총점":42.0636,
            "매매실거래년":20211214.0,
            "매매실거래가":29000.0,
            "전세실거래년":20220119.0,
            "전세실거래가":24000.0,
            "전세가율":86.64,
            "장기전세가율평균":76.75,
            "전세가율거품지수":-9.89,
            "검색코드":111150,
            "세대수":111.0,
            "준공년월":"2017-10-26",
            "준공년차":6.0,
            "가까운역이름":"문화전당",
            "가까운역거리":1129.4,
            "역세권여부":"비역세권",
            "30분이내주요거점역":0,
            "30분거점역이름":"[]",
            "1시간이내주요거점역":1,
            "1시간거점역이름":"['금남로4가']",
            "3km이내백화점수":1,
            "5km이내아울렛몰수":0,
            "1km이내대형먀트수":0,
            "500m이내은행수":2,
            "500m이내병원수":0,
            "5km이내대형병원수":10,
            "500m이내공원수":7,
            "3km이내혐오시설수":0,
            "초등학교학업성취도":90.02,
            "중학교학업성취도":54.6,
            "용적률":411,
            "건폐율":61,
            "Y":35.153216,
            "X":126.929326,
            "rank":28.0,
            "area_info":"33평(109.94), 33평(110.87), 33평(111.5)",
            "last_sales":"2021-12-14,29000.0,33평(111.5)",
            "rank_history":[
                [
                    "202202",
                    28
                ],
                [
                    "202201",
                    16
                ]
            ],
            "rank_gap":-12
        },
        {
            "index":0,
            "아파트명":"계림금호",
            "투자타입":"일반",
            "전용면적(m2)":"77.9",
            "전용면적(평)":"23평",
            "법정동주소":"광주시 동구 계림동 100-11",
            "도로명주소":"광주시 동구 중앙로 358",
            "세대수":0,
            "입주년차":0,
            "용적률점수":"--",
            "건폐율점수":"--",
            "세대당주차수":0,
            "난방방식":30,
            "공급면적":"--",
            "전용률":"--",
            "욕실수":50,
            "현관타입":50,
            "주거총점":13.0,
            "지역구공급총점":0.0,
            "역세권":0,
            "30분내 이동가능 거점":0,
            "1시간내 이동가능 거점":10,
            "교통총점":2.0,
            "백화점":100,
            "아울렛몰":0,
            "대형마트":80,
            "은행":70,
            "병원":0,
            "종합병원":100,
            "공원":100,
            "혐오시설":0,
            "인프라총점":72.0,
            "초등학군":90.08,
            "중학군":44.42,
            "학군총점":53.552,
            "인구수":10.7,
            "인구증감":8.44,
            "인구총점":10.022,
            "일자리":9.04,
            "소득수준":65.59,
            "일자리총점":26.005,
            "가치 총점":41.2156,
            "매매실거래년":20211224.0,
            "매매실거래가":18000.0,
            "전세실거래년":20201027.0,
            "전세실거래가":18000.0,
            "전세가율":100.0,
            "장기전세가율평균":76.75,
            "전세가율거품지수":-23.25,
            "검색코드":4726,
            "세대수":229.0,
            "준공년월":"1998-06-12",
            "준공년차":25.0,
            "가까운역이름":"금남로5가",
            "가까운역거리":1434.43,
            "역세권여부":"비역세권",
            "30분이내주요거점역":0,
            "30분거점역이름":"[]",
            "1시간이내주요거점역":1,
            "1시간거점역이름":"['금남로4가']",
            "3km이내백화점수":1,
            "5km이내아울렛몰수":0,
            "1km이내대형먀트수":1,
            "500m이내은행수":3,
            "500m이내병원수":0,
            "5km이내대형병원수":11,
            "500m이내공원수":2,
            "3km이내혐오시설수":0,
            "초등학교학업성취도":90.08,
            "중학교학업성취도":73.1,
            "용적률":0,
            "건폐율":0,
            "Y":35.16354,
            "X":126.920194,
            "rank":29.0,
            "area_info":"23평(77.9), 33평(110.63)",
            "last_sales":"2021-12-24,18000.0,23평(77.9)",
            "rank_history":[
                [
                    "202202",
                    29
                ],
                [
                    "202201",
                    29
                ]
            ],
            "rank_gap":0
        },
        {
            "index":90,
            "아파트명":"소태온세계아이조움",
            "투자타입":"일반",
            "전용면적(m2)":"119.74",
            "전용면적(평)":"36평",
            "법정동주소":"광주시 동구 소태동 691",
            "도로명주소":"광주시 동구 남문로 550",
            "세대수":0,
            "입주년차":40,
            "용적률점수":"--",
            "건폐율점수":"--",
            "세대당주차수":30,
            "난방방식":30,
            "공급면적":"--",
            "전용률":"--",
            "욕실수":100,
            "현관타입":100,
            "주거총점":35.5,
            "지역구공급총점":0.0,
            "역세권":80,
            "30분내 이동가능 거점":0,
            "1시간내 이동가능 거점":10,
            "교통총점":42.0,
            "백화점":0,
            "아울렛몰":0,
            "대형마트":80,
            "은행":0,
            "병원":0,
            "종합병원":100,
            "공원":100,
            "혐오시설":-50,
            "인프라총점":34.0,
            "초등학군":89.97,
            "중학군":38.6,
            "학군총점":48.874,
            "인구수":10.7,
            "인구증감":8.44,
            "인구총점":10.022,
            "일자리":9.04,
            "소득수준":65.59,
            "일자리총점":26.005,
            "가치 총점":40.0372,
            "매매실거래년":20220118.0,
            "매매실거래가":27900.0,
            "전세실거래년":20200905.0,
            "전세실거래가":23000.0,
            "전세가율":82.44,
            "장기전세가율평균":76.75,
            "전세가율거품지수":-5.69,
            "검색코드":26065,
            "세대수":148.0,
            "준공년월":"2006-11-01",
            "준공년차":17.0,
            "가까운역이름":"소태",
            "가까운역거리":394.25,
            "역세권여부":"역세권",
            "30분이내주요거점역":0,
            "30분거점역이름":"[]",
            "1시간이내주요거점역":1,
            "1시간거점역이름":"['금남로4가']",
            "3km이내백화점수":0,
            "5km이내아울렛몰수":0,
            "1km이내대형먀트수":1,
            "500m이내은행수":0,
            "500m이내병원수":0,
            "5km이내대형병원수":8,
            "500m이내공원수":8,
            "3km이내혐오시설수":1,
            "초등학교학업성취도":89.97,
            "중학교학업성취도":63.6,
            "용적률":242,
            "건폐율":16,
            "Y":35.12021,
            "X":126.93445,
            "rank":30.0,
            "area_info":"36평(119.74)",
            "last_sales":"2022-01-18,27900.0,36평(119.74)",
            "rank_history":[
                [
                    "202202",
                    30
                ],
                [
                    "202201",
                    38
                ]
            ],
            "rank_gap":8
        },
        {
            "index":36,
            "아파트명":"내남지구진아리채2차",
            "투자타입":"일반",
            "전용면적(m2)":"82.34",
            "전용면적(평)":"24평",
            "법정동주소":"광주시 동구 내남동 904",
            "도로명주소":"광주시 동구 육판서길 17",
            "세대수":50,
            "입주년차":100,
            "용적률점수":"--",
            "건폐율점수":"--",
            "세대당주차수":30,
            "난방방식":30,
            "공급면적":"--",
            "전용률":"--",
            "욕실수":100,
            "현관타입":100,
            "주거총점":65.0,
            "지역구공급총점":0.0,
            "역세권":0,
            "30분내 이동가능 거점":0,
            "1시간내 이동가능 거점":10,
            "교통총점":2.0,
            "백화점":0,
            "아울렛몰":0,
            "대형마트":0,
            "은행":0,
            "병원":0,
            "종합병원":100,
            "공원":0,
            "혐오시설":0,
            "인프라총점":20.0,
            "초등학군":89.95,
            "중학군":49.4,
            "학군총점":57.51,
            "인구수":10.7,
            "인구증감":8.44,
            "인구총점":10.022,
            "일자리":9.04,
            "소득수준":65.59,
            "일자리총점":26.005,
            "가치 총점":39.803,
            "매매실거래년":"18000101",
            "매매실거래가":null,
            "전세실거래년":null,
            "전세실거래가":null,
            "전세가율":null,
            "장기전세가율평균":76.75,
            "전세가율거품지수":null,
            "검색코드":140978,
            "세대수":544.0,
            "준공년월":"2020-04-23",
            "준공년차":3.0,
            "가까운역이름":"녹동",
            "가까운역거리":2040.31,
            "역세권여부":"비역세권",
            "30분이내주요거점역":0,
            "30분거점역이름":"[]",
            "1시간이내주요거점역":1,
            "1시간거점역이름":"['금남로4가']",
            "3km이내백화점수":0,
            "5km이내아울렛몰수":0,
            "1km이내대형먀트수":0,
            "500m이내은행수":0,
            "500m이내병원수":0,
            "5km이내대형병원수":2,
            "500m이내공원수":0,
            "3km이내혐오시설수":0,
            "초등학교학업성취도":89.95,
            "중학교학업성취도":82.0,
            "용적률":199,
            "건폐율":18,
            "Y":35.089689,
            "X":126.942134,
            "rank":31.0,
            "area_info":"24평(82.34), 25평(83.09), 33평(109.12)",
            "last_sales":"1800-01-01,nan,24평(82.34)",
            "rank_history":[
                [
                    "202202",
                    31
                ],
                [
                    "202201",
                    31
                ]
            ],
            "rank_gap":0
        },
        {
            "index":211,
            "아파트명":"학동남해오네뜨",
            "투자타입":"일반",
            "전용면적(m2)":"90.45",
            "전용면적(평)":"27평",
            "법정동주소":"광주시 동구 학동 1020",
            "도로명주소":"광주시 동구 증심천로 117",
            "세대수":0,
            "입주년차":80,
            "용적률점수":"--",
            "건폐율점수":"--",
            "세대당주차수":30,
            "난방방식":30,
            "공급면적":"--",
            "전용률":"--",
            "욕실수":100,
            "현관타입":100,
            "주거총점":43.5,
            "지역구공급총점":0.0,
            "역세권":50,
            "30분내 이동가능 거점":0,
            "1시간내 이동가능 거점":10,
            "교통총점":27.0,
            "백화점":0,
            "아울렛몰":0,
            "대형마트":0,
            "은행":0,
            "병원":0,
            "종합병원":100,
            "공원":80,
            "혐오시설":0,
            "인프라총점":22.4,
            "초등학군":89.98,
            "중학군":45.46,
            "학군총점":54.364,
            "인구수":10.7,
            "인구증감":8.44,
            "인구총점":10.022,
            "일자리":9.04,
            "소득수준":65.59,
            "일자리총점":26.005,
            "가치 총점":37.9542,
            "매매실거래년":20211219.0,
            "매매실거래가":32800.0,
            "전세실거래년":20191230.0,
            "전세실거래가":18000.0,
            "전세가율":62.72,
            "장기전세가율평균":76.75,
            "전세가율거품지수":14.03,
            "검색코드":125865,
            "세대수":117.0,
            "준공년월":"2014-11-17",
            "준공년차":9.0,
            "가까운역이름":"학동·증심사입구",
            "가까운역거리":944.77,
            "역세권여부":"준역세권",
            "30분이내주요거점역":0,
            "30분거점역이름":"[]",
            "1시간이내주요거점역":1,
            "1시간거점역이름":"['금남로4가']",
            "3km이내백화점수":0,
            "5km이내아울렛몰수":0,
            "1km이내대형먀트수":0,
            "500m이내은행수":0,
            "500m이내병원수":0,
            "5km이내대형병원수":8,
            "500m이내공원수":1,
            "3km이내혐오시설수":0,
            "초등학교학업성취도":89.98,
            "중학교학업성취도":75.1,
            "용적률":160,
            "건폐율":19,
            "Y":35.134686,
            "X":126.938515,
            "rank":32.0,
            "area_info":"27평(90.45), 27평(91.11), 33평(109.64), 33평(109.92), 33평(110.12), 33평(112.06), 34평(113.23)",
            "last_sales":"2021-12-19,32800.0,33평(109.64)",
            "rank_history":[
                [
                    "202202",
                    32
                ],
                [
                    "202201",
                    39
                ]
            ],
            "rank_gap":7
        },
        {
            "index":91,
            "아파트명":"소태진아하이빌",
            "투자타입":"일반",
            "전용면적(m2)":"104.28",
            "전용면적(평)":"31평",
            "법정동주소":"광주시 동구 소태동 443",
            "도로명주소":"광주시 동구 학소로42번길 12",
            "세대수":0,
            "입주년차":20,
            "용적률점수":"--",
            "건폐율점수":"--",
            "세대당주차수":0,
            "난방방식":30,
            "공급면적":"--",
            "전용률":"--",
            "욕실수":100,
            "현관타입":100,
            "주거총점":27.0,
            "지역구공급총점":0.0,
            "역세권":80,
            "30분내 이동가능 거점":0,
            "1시간내 이동가능 거점":10,
            "교통총점":42.0,
            "백화점":0,
            "아울렛몰":0,
            "대형마트":80,
            "은행":0,
            "병원":0,
            "종합병원":100,
            "공원":100,
            "혐오시설":-50,
            "인프라총점":34.0,
            "초등학군":89.99,
            "중학군":38.6,
            "학군총점":48.878,
            "인구수":10.7,
            "인구증감":8.44,
            "인구총점":10.022,
            "일자리":9.04,
            "소득수준":65.59,
            "일자리총점":26.005,
            "가치 총점":37.9134,
            "매매실거래년":20211115.0,
            "매매실거래가":21000.0,
            "전세실거래년":null,
            "전세실거래가":null,
            "전세가율":null,
            "장기전세가율평균":76.75,
            "전세가율거품지수":null,
            "검색코드":104835,
            "세대수":157.0,
            "준공년월":"2003-10-30",
            "준공년차":20.0,
            "가까운역이름":"소태",
            "가까운역거리":279.18,
            "역세권여부":"역세권",
            "30분이내주요거점역":0,
            "30분거점역이름":"[]",
            "1시간이내주요거점역":1,
            "1시간거점역이름":"['금남로4가']",
            "3km이내백화점수":0,
            "5km이내아울렛몰수":0,
            "1km이내대형먀트수":1,
            "500m이내은행수":0,
            "500m이내병원수":0,
            "5km이내대형병원수":9,
            "500m이내공원수":7,
            "3km이내혐오시설수":1,
            "초등학교학업성취도":89.99,
            "중학교학업성취도":63.6,
            "용적률":242,
            "건폐율":28,
            "Y":35.123392,
            "X":126.93548,
            "rank":33.0,
            "area_info":"31평(104.28), 42평(139.35)",
            "last_sales":"2021-11-15,21000.0,42평(139.35)",
            "rank_history":[
                [
                    "202202",
                    33
                ],
                [
                    "202201",
                    42
                ]
            ],
            "rank_gap":9
        },
        {
            "index":197,
            "아파트명":"평화맨션",
            "투자타입":"재건축",
            "전용면적(m2)":"102.53",
            "전용면적(평)":"31평",
            "법정동주소":"광주시 동구 학동 768",
            "도로명주소":"광주시 동구 학소로 125",
            "세대수":30,
            "입주년차":"--",
            "용적률점수":0,
            "건폐율점수":100,
            "세대당주차수":"--",
            "난방방식":"--",
            "공급면적":90,
            "전용률":80,
            "욕실수":"--",
            "현관타입":"--",
            "주거총점":37.5,
            "지역구공급총점":0.0,
            "역세권":80,
            "30분내 이동가능 거점":0,
            "1시간내 이동가능 거점":10,
            "교통총점":42.0,
            "백화점":0,
            "아울렛몰":0,
            "대형마트":0,
            "은행":20,
            "병원":0,
            "종합병원":100,
            "공원":100,
            "혐오시설":0,
            "인프라총점":25.0,
            "초등학군":89.99,
            "중학군":38.6,
            "학군총점":48.878,
            "인구수":10.7,
            "인구증감":8.44,
            "인구총점":10.022,
            "일자리":9.04,
            "소득수준":65.59,
            "일자리총점":26.005,
            "가치 총점":37.8384,
            "매매실거래년":20210729.0,
            "매매실거래가":30500.0,
            "전세실거래년":20220123.0,
            "전세실거래가":10000.0,
            "전세가율":43.48,
            "장기전세가율평균":76.75,
            "전세가율거품지수":33.27,
            "검색코드":4893,
            "세대수":360.0,
            "준공년월":"1984-06-28",
            "준공년차":39.0,
            "가까운역이름":"학동·증심사입구",
            "가까운역거리":308.22,
            "역세권여부":"역세권",
            "30분이내주요거점역":0,
            "30분거점역이름":"[]",
            "1시간이내주요거점역":1,
            "1시간거점역이름":"['금남로4가']",
            "3km이내백화점수":0,
            "5km이내아울렛몰수":0,
            "1km이내대형먀트수":0,
            "500m이내은행수":2,
            "500m이내병원수":0,
            "5km이내대형병원수":8,
            "500m이내공원수":9,
            "3km이내혐오시설수":0,
            "초등학교학업성취도":89.99,
            "중학교학업성취도":63.6,
            "용적률":265,
            "건폐율":16,
            "Y":35.131542,
            "X":126.931468,
            "rank":34.0,
            "area_info":"31평(102.53), 47평(156.78)",
            "last_sales":"2021-07-29,30500.0,47평(156.78)",
            "rank_history":[
                [
                    "202202",
                    34
                ],
                [
                    "202201",
                    30
                ]
            ],
            "rank_gap":-4
        },
        {
            "index":49,
            "아파트명":"동산로얄",
            "투자타입":"재건축",
            "전용면적(m2)":"103.42",
            "전용면적(평)":"31평",
            "법정동주소":"광주시 동구 산수동 12",
            "도로명주소":"광주시 동구 밤실로82번길 23",
            "세대수":0,
            "입주년차":"--",
            "용적률점수":20,
            "건폐율점수":80,
            "세대당주차수":"--",
            "난방방식":"--",
            "공급면적":90,
            "전용률":80,
            "욕실수":"--",
            "현관타입":"--",
            "주거총점":32.5,
            "지역구공급총점":0.0,
            "역세권":0,
            "30분내 이동가능 거점":0,
            "1시간내 이동가능 거점":10,
            "교통총점":2.0,
            "백화점":100,
            "아울렛몰":0,
            "대형마트":0,
            "은행":0,
            "병원":0,
            "종합병원":100,
            "공원":80,
            "혐오시설":0,
            "인프라총점":52.4,
            "초등학군":89.99,
            "중학군":32.76,
            "학군총점":44.206,
            "인구수":10.7,
            "인구증감":8.44,
            "인구총점":10.022,
            "일자리":9.04,
            "소득수준":65.59,
            "일자리총점":26.005,
            "가치 총점":37.4068,
            "매매실거래년":20210415.0,
            "매매실거래가":19000.0,
            "전세실거래년":20211023.0,
            "전세실거래가":8500.0,
            "전세가율":60.71,
            "장기전세가율평균":76.75,
            "전세가율거품지수":16.04,
            "검색코드":4746,
            "세대수":143.0,
            "준공년월":"1989-11-07",
            "준공년차":34.0,
            "가까운역이름":"문화전당",
            "가까운역거리":1864.26,
            "역세권여부":"비역세권",
            "30분이내주요거점역":0,
            "30분거점역이름":"[]",
            "1시간이내주요거점역":1,
            "1시간거점역이름":"['금남로4가']",
            "3km이내백화점수":1,
            "5km이내아울렛몰수":0,
            "1km이내대형먀트수":0,
            "500m이내은행수":0,
            "500m이내병원수":0,
            "5km이내대형병원수":7,
            "500m이내공원수":1,
            "3km이내혐오시설수":0,
            "초등학교학업성취도":89.99,
            "중학교학업성취도":54.6,
            "용적률":204,
            "건폐율":22,
            "Y":35.154297,
            "X":126.938118,
            "rank":35.0,
            "area_info":"31평(103.42), 42평(138.88)",
            "last_sales":"2021-04-15,19000.0,42평(138.88)",
            "rank_history":[
                [
                    "202202",
                    35
                ],
                [
                    "202201",
                    28
                ]
            ],
            "rank_gap":-7
        },
        {
            "index":80,
            "아파트명":"대아1단지",
            "투자타입":"일반",
            "전용면적(m2)":"107.07",
            "전용면적(평)":"32평",
            "법정동주소":"광주시 동구 소태동 480-2",
            "도로명주소":"광주시 동구 지원로 35",
            "세대수":0,
            "입주년차":0,
            "용적률점수":"--",
            "건폐율점수":"--",
            "세대당주차수":0,
            "난방방식":30,
            "공급면적":"--",
            "전용률":"--",
            "욕실수":100,
            "현관타입":100,
            "주거총점":23.0,
            "지역구공급총점":0.0,
            "역세권":80,
            "30분내 이동가능 거점":0,
            "1시간내 이동가능 거점":10,
            "교통총점":42.0,
            "백화점":0,
            "아울렛몰":0,
            "대형마트":80,
            "은행":0,
            "병원":0,
            "종합병원":100,
            "공원":100,
            "혐오시설":0,
            "인프라총점":35.0,
            "초등학군":89.99,
            "중학군":38.6,
            "학군총점":48.878,
            "인구수":10.7,
            "인구증감":8.44,
            "인구총점":10.022,
            "일자리":9.04,
            "소득수준":65.59,
            "일자리총점":26.005,
            "가치 총점":37.2134,
            "매매실거래년":20210621.0,
            "매매실거래가":14500.0,
            "전세실거래년":20210118.0,
            "전세실거래가":5000.0,
            "전세가율":34.48,
            "장기전세가율평균":76.75,
            "전세가율거품지수":42.27,
            "검색코드":4906,
            "세대수":165.0,
            "준공년월":"1993-08-11",
            "준공년차":30.0,
            "가까운역이름":"소태",
            "가까운역거리":379.2,
            "역세권여부":"역세권",
            "30분이내주요거점역":0,
            "30분거점역이름":"[]",
            "1시간이내주요거점역":1,
            "1시간거점역이름":"['금남로4가']",
            "3km이내백화점수":0,
            "5km이내아울렛몰수":0,
            "1km이내대형먀트수":1,
            "500m이내은행수":0,
            "500m이내병원수":0,
            "5km이내대형병원수":9,
            "500m이내공원수":9,
            "3km이내혐오시설수":0,
            "초등학교학업성취도":89.99,
            "중학교학업성취도":63.6,
            "용적률":266,
            "건폐율":19,
            "Y":35.125279,
            "X":126.93584,
            "rank":36.0,
            "area_info":"32평(107.07), 49평(162.5)",
            "last_sales":"2021-06-21,14500.0,32평(107.07)",
            "rank_history":[
                [
                    "202202",
                    36
                ],
                [
                    "202201",
                    43
                ]
            ],
            "rank_gap":7
        },
        {
            "index":157,
            "아파트명":"금호베스트빌",
            "투자타입":"일반",
            "전용면적(m2)":"155.68",
            "전용면적(평)":"47평",
            "법정동주소":"광주시 동구 학동 262-1",
            "도로명주소":"광주시 동구 증심천로 88",
            "세대수":0,
            "입주년차":20,
            "용적률점수":"--",
            "건폐율점수":"--",
            "세대당주차수":80,
            "난방방식":30,
            "공급면적":"--",
            "전용률":"--",
            "욕실수":100,
            "현관타입":100,
            "주거총점":39.0,
            "지역구공급총점":0.0,
            "역세권":50,
            "30분내 이동가능 거점":0,
            "1시간내 이동가능 거점":10,
            "교통총점":27.0,
            "백화점":0,
            "아울렛몰":0,
            "대형마트":0,
            "은행":0,
            "병원":0,
            "종합병원":100,
            "공원":100,
            "혐오시설":0,
            "인프라총점":23.0,
            "초등학군":89.98,
            "중학군":45.46,
            "학군총점":54.364,
            "인구수":10.7,
            "인구증감":8.44,
            "인구총점":10.022,
            "일자리":9.04,
            "소득수준":65.59,
            "일자리총점":26.005,
            "가치 총점":37.0092,
            "매매실거래년":20220114.0,
            "매매실거래가":44000.0,
            "전세실거래년":20210214.0,
            "전세실거래가":30000.0,
            "전세가율":68.18,
            "장기전세가율평균":76.75,
            "전세가율거품지수":8.57,
            "검색코드":15692,
            "세대수":262.0,
            "준공년월":"2002-03-27",
            "준공년차":21.0,
            "가까운역이름":"학동·증심사입구",
            "가까운역거리":939.73,
            "역세권여부":"준역세권",
            "30분이내주요거점역":0,
            "30분거점역이름":"[]",
            "1시간이내주요거점역":1,
            "1시간거점역이름":"['금남로4가']",
            "3km이내백화점수":0,
            "5km이내아울렛몰수":0,
            "1km이내대형먀트수":0,
            "500m이내은행수":0,
            "500m이내병원수":0,
            "5km이내대형병원수":8,
            "500m이내공원수":3,
            "3km이내혐오시설수":0,
            "초등학교학업성취도":89.98,
            "중학교학업성취도":75.1,
            "용적률":291,
            "건폐율":18,
            "Y":35.133696,
            "X":126.938671,
            "rank":37.0,
            "area_info":"47평(155.68), 53평(178.4), 61평(202.21)",
            "last_sales":"2022-01-14,44000.0,47평(155.68)",
            "rank_history":[
                [
                    "202202",
                    37
                ],
                [
                    "202201",
                    41
                ]
            ],
            "rank_gap":4
        },
        {
            "index":110,
            "아파트명":"용산한국",
            "투자타입":"일반",
            "전용면적(m2)":"78.36",
            "전용면적(평)":"23평",
            "법정동주소":"광주시 동구 용산동 636-31",
            "도로명주소":"광주시 동구 화산로 352",
            "세대수":0,
            "입주년차":0,
            "용적률점수":"--",
            "건폐율점수":"--",
            "세대당주차수":0,
            "난방방식":30,
            "공급면적":"--",
            "전용률":"--",
            "욕실수":100,
            "현관타입":100,
            "주거총점":23.0,
            "지역구공급총점":0.0,
            "역세권":80,
            "30분내 이동가능 거점":0,
            "1시간내 이동가능 거점":10,
            "교통총점":42.0,
            "백화점":0,
            "아울렛몰":0,
            "대형마트":80,
            "은행":0,
            "병원":0,
            "종합병원":100,
            "공원":100,
            "혐오시설":-50,
            "인프라총점":34.0,
            "초등학군":89.97,
            "중학군":38.6,
            "학군총점":48.874,
            "인구수":10.7,
            "인구증감":8.44,
            "인구총점":10.022,
            "일자리":9.04,
            "소득수준":65.59,
            "일자리총점":26.005,
            "가치 총점":36.9122,
            "매매실거래년":20210903.0,
            "매매실거래가":15000.0,
            "전세실거래년":20180711.0,
            "전세실거래가":9000.0,
            "전세가율":60.0,
            "장기전세가율평균":76.75,
            "전세가율거품지수":16.75,
            "검색코드":4775,
            "세대수":156.0,
            "준공년월":"1997-04-23",
            "준공년차":26.0,
            "가까운역이름":"소태",
            "가까운역거리":442.27,
            "역세권여부":"역세권",
            "30분이내주요거점역":0,
            "30분거점역이름":"[]",
            "1시간이내주요거점역":1,
            "1시간거점역이름":"['금남로4가']",
            "3km이내백화점수":0,
            "5km이내아울렛몰수":0,
            "1km이내대형먀트수":1,
            "500m이내은행수":0,
            "500m이내병원수":0,
            "5km이내대형병원수":9,
            "500m이내공원수":8,
            "3km이내혐오시설수":1,
            "초등학교학업성취도":89.97,
            "중학교학업성취도":63.6,
            "용적률":296,
            "건폐율":21,
            "Y":35.11937,
            "X":126.93273,
            "rank":38.0,
            "area_info":"23평(78.36), 24평(80.73)",
            "last_sales":"2021-09-03,15000.0,23평(78.36)",
            "rank_history":[
                [
                    "202202",
                    38
                ],
                [
                    "202201",
                    45
                ]
            ],
            "rank_gap":7
        },
        {
            "index":148,
            "아파트명":"제일맨션",
            "투자타입":"일반",
            "전용면적(m2)":"76.25",
            "전용면적(평)":"23평",
            "법정동주소":"광주시 동구 지산동 산1-9",
            "도로명주소":"광주시 동구 밤실로 52",
            "세대수":0,
            "입주년차":20,
            "용적률점수":"--",
            "건폐율점수":"--",
            "세대당주차수":0,
            "난방방식":30,
            "공급면적":"--",
            "전용률":"--",
            "욕실수":50,
            "현관타입":10,
            "주거총점":13.0,
            "지역구공급총점":0.0,
            "역세권":0,
            "30분내 이동가능 거점":0,
            "1시간내 이동가능 거점":10,
            "교통총점":2.0,
            "백화점":100,
            "아울렛몰":0,
            "대형마트":0,
            "은행":20,
            "병원":0,
            "종합병원":100,
            "공원":80,
            "혐오시설":0,
            "인프라총점":54.4,
            "초등학군":90.02,
            "중학군":47.46,
            "학군총점":55.972,
            "인구수":10.7,
            "인구증감":8.44,
            "인구총점":10.022,
            "일자리":9.04,
            "소득수준":65.59,
            "일자리총점":26.005,
            "가치 총점":36.6616,
            "매매실거래년":20220114.0,
            "매매실거래가":10200.0,
            "전세실거래년":20200801.0,
            "전세실거래가":8000.0,
            "전세가율":78.43,
            "장기전세가율평균":76.75,
            "전세가율거품지수":-1.68,
            "검색코드":4782,
            "세대수":110.0,
            "준공년월":"2003-04-01",
            "준공년차":20.0,
            "가까운역이름":"문화전당",
            "가까운역거리":1663.06,
            "역세권여부":"비역세권",
            "30분이내주요거점역":0,
            "30분거점역이름":"[]",
            "1시간이내주요거점역":1,
            "1시간거점역이름":"['금남로4가']",
            "3km이내백화점수":1,
            "5km이내아울렛몰수":0,
            "1km이내대형먀트수":0,
            "500m이내은행수":2,
            "500m이내병원수":0,
            "5km이내대형병원수":8,
            "500m이내공원수":1,
            "3km이내혐오시설수":0,
            "초등학교학업성취도":90.02,
            "중학교학업성취도":78.5,
            "용적률":232,
            "건폐율":30,
            "Y":35.152042,
            "X":126.93694,
            "rank":39.0,
            "area_info":"23평(76.25), 23평(78.96), 23평(79.24)",
            "last_sales":"2022-01-14,10200.0,23평(76.25)",
            "rank_history":[
                [
                    "202202",
                    39
                ],
                [
                    "202201",
                    34
                ]
            ],
            "rank_gap":-5
        },
        {
            "index":146,
            "아파트명":"이화맨션",
            "투자타입":"재건축",
            "전용면적(m2)":"60.75",
            "전용면적(평)":"18평",
            "법정동주소":"광주시 동구 지산동 315-24",
            "도로명주소":"광주시 동구 밤실로 38",
            "세대수":0,
            "입주년차":"--",
            "용적률점수":0,
            "건폐율점수":0,
            "세대당주차수":"--",
            "난방방식":"--",
            "공급면적":50,
            "전용률":100,
            "욕실수":"--",
            "현관타입":"--",
            "주거총점":7.5,
            "지역구공급총점":0.0,
            "역세권":0,
            "30분내 이동가능 거점":0,
            "1시간내 이동가능 거점":10,
            "교통총점":2.0,
            "백화점":100,
            "아울렛몰":0,
            "대형마트":0,
            "은행":20,
            "병원":0,
            "종합병원":100,
            "공원":80,
            "혐오시설":0,
            "인프라총점":54.4,
            "초등학군":90.02,
            "중학군":47.46,
            "학군총점":55.972,
            "인구수":10.7,
            "인구증감":8.44,
            "인구총점":10.022,
            "일자리":9.04,
            "소득수준":65.59,
            "일자리총점":26.005,
            "가치 총점":35.2866,
            "매매실거래년":20211221.0,
            "매매실거래가":12000.0,
            "전세실거래년":20190625.0,
            "전세실거래가":6000.0,
            "전세가율":50.0,
            "장기전세가율평균":76.75,
            "전세가율거품지수":26.75,
            "검색코드":4806,
            "세대수":100.0,
            "준공년월":"1983-06-11",
            "준공년차":40.0,
            "가까운역이름":"문화전당",
            "가까운역거리":1669.03,
            "역세권여부":"비역세권",
            "30분이내주요거점역":0,
            "30분거점역이름":"[]",
            "1시간이내주요거점역":1,
            "1시간거점역이름":"['금남로4가']",
            "3km이내백화점수":1,
            "5km이내아울렛몰수":0,
            "1km이내대형먀트수":0,
            "500m이내은행수":2,
            "500m이내병원수":0,
            "5km이내대형병원수":8,
            "500m이내공원수":1,
            "3km이내혐오시설수":0,
            "초등학교학업성취도":90.02,
            "중학교학업성취도":78.5,
            "용적률":0,
            "건폐율":0,
            "Y":35.150534,
            "X":126.937618,
            "rank":40.0,
            "area_info":"18평(60.75), 22평(74.7)",
            "last_sales":"2021-12-21,12000.0,18평(60.75)",
            "rank_history":[
                [
                    "202202",
                    40
                ],
                [
                    "202201",
                    33
                ]
            ],
            "rank_gap":-7
        },
        {
            "index":218,
            "아파트명":"현대",
            "투자타입":"일반",
            "전용면적(m2)":"70.57",
            "전용면적(평)":"21평",
            "법정동주소":"광주시 동구 학동 270",
            "도로명주소":"광주시 동구 증심천로89번길 16",
            "세대수":0,
            "입주년차":0,
            "용적률점수":"--",
            "건폐율점수":"--",
            "세대당주차수":60,
            "난방방식":30,
            "공급면적":"--",
            "전용률":"--",
            "욕실수":50,
            "현관타입":100,
            "주거총점":27.0,
            "지역구공급총점":0.0,
            "역세권":50,
            "30분내 이동가능 거점":0,
            "1시간내 이동가능 거점":10,
            "교통총점":27.0,
            "백화점":0,
            "아울렛몰":0,
            "대형마트":0,
            "은행":0,
            "병원":0,
            "종합병원":100,
            "공원":100,
            "혐오시설":0,
            "인프라총점":23.0,
            "초등학군":89.99,
            "중학군":45.46,
            "학군총점":54.366,
            "인구수":10.7,
            "인구증감":8.44,
            "인구총점":10.022,
            "일자리":9.04,
            "소득수준":65.59,
            "일자리총점":26.005,
            "가치 총점":34.0098,
            "매매실거래년":20220118.0,
            "매매실거래가":16200.0,
            "전세실거래년":20210926.0,
            "전세실거래가":13000.0,
            "전세가율":80.25,
            "장기전세가율평균":76.75,
            "전세가율거품지수":-3.5,
            "검색코드":4902,
            "세대수":250.0,
            "준공년월":"1998-12-19",
            "준공년차":25.0,
            "가까운역이름":"학동·증심사입구",
            "가까운역거리":708.54,
            "역세권여부":"준역세권",
            "30분이내주요거점역":0,
            "30분거점역이름":"[]",
            "1시간이내주요거점역":1,
            "1시간거점역이름":"['금남로4가']",
            "3km이내백화점수":0,
            "5km이내아울렛몰수":0,
            "1km이내대형먀트수":0,
            "500m이내은행수":0,
            "500m이내병원수":0,
            "5km이내대형병원수":8,
            "500m이내공원수":5,
            "3km이내혐오시설수":0,
            "초등학교학업성취도":89.99,
            "중학교학업성취도":75.1,
            "용적률":244,
            "건폐율":22,
            "Y":35.13486,
            "X":126.935748,
            "rank":41.0,
            "area_info":"21평(70.57), 29평(95.9), 30평(100.9), 59평(195.78), 76평(252.3), 84평(279.12)",
            "last_sales":"2022-01-18,16200.0,21평(70.57)",
            "rank_history":[
                [
                    "202202",
                    41
                ],
                [
                    "202201",
                    40
                ]
            ],
            "rank_gap":-1
        },
        {
            "index":112,
            "아파트명":"호반",
            "투자타입":"재건축",
            "전용면적(m2)":"76.61",
            "전용면적(평)":"23평",
            "법정동주소":"광주시 동구 용산동 147-1",
            "도로명주소":"광주시 동구 화산로 328-6",
            "세대수":0,
            "입주년차":"--",
            "용적률점수":0,
            "건폐율점수":60,
            "세대당주차수":"--",
            "난방방식":"--",
            "공급면적":50,
            "전용률":60,
            "욕실수":"--",
            "현관타입":"--",
            "주거총점":17.5,
            "지역구공급총점":0.0,
            "역세권":50,
            "30분내 이동가능 거점":0,
            "1시간내 이동가능 거점":10,
            "교통총점":27.0,
            "백화점":0,
            "아울렛몰":0,
            "대형마트":80,
            "은행":0,
            "병원":0,
            "종합병원":100,
            "공원":100,
            "혐오시설":-50,
            "인프라총점":34.0,
            "초등학군":89.97,
            "중학군":38.6,
            "학군총점":48.874,
            "인구수":10.7,
            "인구증감":8.44,
            "인구총점":10.022,
            "일자리":9.04,
            "소득수준":65.59,
            "일자리총점":26.005,
            "가치 총점":33.2872,
            "매매실거래년":20211124.0,
            "매매실거래가":10200.0,
            "전세실거래년":20200311.0,
            "전세실거래가":7000.0,
            "전세가율":66.67,
            "장기전세가율평균":76.75,
            "전세가율거품지수":10.08,
            "검색코드":15689,
            "세대수":190.0,
            "준공년월":"1991-10-26",
            "준공년차":32.0,
            "가까운역이름":"소태",
            "가까운역거리":617.32,
            "역세권여부":"준역세권",
            "30분이내주요거점역":0,
            "30분거점역이름":"[]",
            "1시간이내주요거점역":1,
            "1시간거점역이름":"['금남로4가']",
            "3km이내백화점수":0,
            "5km이내아울렛몰수":0,
            "1km이내대형먀트수":1,
            "500m이내은행수":0,
            "500m이내병원수":0,
            "5km이내대형병원수":8,
            "500m이내공원수":4,
            "3km이내혐오시설수":1,
            "초등학교학업성취도":89.97,
            "중학교학업성취도":63.6,
            "용적률":331,
            "건폐율":30,
            "Y":35.1179,
            "X":126.93105,
            "rank":42.0,
            "area_info":"23평(76.61), 23평(77.8)",
            "last_sales":"2021-11-24,10200.0,23평(77.8)",
            "rank_history":[
                [
                    "202202",
                    42
                ],
                [
                    "202201",
                    48
                ]
            ],
            "rank_gap":6
        },
        {
            "index":78,
            "아파트명":"대명",
            "투자타입":"재건축",
            "전용면적(m2)":"71.6",
            "전용면적(평)":"21평",
            "법정동주소":"광주시 동구 소태동 산 223",
            "도로명주소":"광주시 동구 소태길 22-16",
            "세대수":0,
            "입주년차":"--",
            "용적률점수":0,
            "건폐율점수":0,
            "세대당주차수":"--",
            "난방방식":"--",
            "공급면적":50,
            "전용률":80,
            "욕실수":"--",
            "현관타입":"--",
            "주거총점":6.5,
            "지역구공급총점":0.0,
            "역세권":80,
            "30분내 이동가능 거점":0,
            "1시간내 이동가능 거점":10,
            "교통총점":42.0,
            "백화점":0,
            "아울렛몰":0,
            "대형마트":80,
            "은행":0,
            "병원":0,
            "종합병원":100,
            "공원":100,
            "혐오시설":-50,
            "인프라총점":34.0,
            "초등학군":89.97,
            "중학군":38.6,
            "학군총점":48.874,
            "인구수":10.7,
            "인구증감":8.44,
            "인구총점":10.022,
            "일자리":9.04,
            "소득수준":65.59,
            "일자리총점":26.005,
            "가치 총점":32.7872,
            "매매실거래년":"18000101",
            "매매실거래가":null,
            "전세실거래년":null,
            "전세실거래가":null,
            "전세가율":null,
            "장기전세가율평균":76.75,
            "전세가율거품지수":null,
            "검색코드":15684,
            "세대수":111.0,
            "준공년월":"1989-11-11",
            "준공년차":34.0,
            "가까운역이름":"소태",
            "가까운역거리":486.83,
            "역세권여부":"역세권",
            "30분이내주요거점역":0,
            "30분거점역이름":"[]",
            "1시간이내주요거점역":1,
            "1시간거점역이름":"['금남로4가']",
            "3km이내백화점수":0,
            "5km이내아울렛몰수":0,
            "1km이내대형먀트수":1,
            "500m이내은행수":0,
            "500m이내병원수":0,
            "5km이내대형병원수":7,
            "500m이내공원수":8,
            "3km이내혐오시설수":1,
            "초등학교학업성취도":89.97,
            "중학교학업성취도":63.6,
            "용적률":0,
            "건폐율":0,
            "Y":35.119879,
            "X":126.935691,
            "rank":43.0,
            "area_info":"21평(71.6), 23평(77.02)",
            "last_sales":"1800-01-01,nan,21평(71.6)",
            "rank_history":[
                [
                    "202202",
                    43
                ],
                [
                    "202201",
                    53
                ]
            ],
            "rank_gap":10
        },
        {
            "index":118,
            "아파트명":"라인2차",
            "투자타입":"재건축",
            "전용면적(m2)":"104.45",
            "전용면적(평)":"31평",
            "법정동주소":"광주시 동구 운림동 654",
            "도로명주소":"광주시 동구 의재로 149-7",
            "세대수":30,
            "입주년차":"--",
            "용적률점수":0,
            "건폐율점수":80,
            "세대당주차수":"--",
            "난방방식":"--",
            "공급면적":90,
            "전용률":80,
            "욕실수":"--",
            "현관타입":"--",
            "주거총점":33.5,
            "지역구공급총점":0.0,
            "역세권":0,
            "30분내 이동가능 거점":0,
            "1시간내 이동가능 거점":10,
            "교통총점":2.0,
            "백화점":0,
            "아울렛몰":0,
            "대형마트":0,
            "은행":0,
            "병원":0,
            "종합병원":100,
            "공원":100,
            "혐오시설":0,
            "인프라총점":23.0,
            "초등학군":89.98,
            "중학군":45.46,
            "학군총점":54.364,
            "인구수":10.7,
            "인구증감":8.44,
            "인구총점":10.022,
            "일자리":9.04,
            "소득수준":65.59,
            "일자리총점":26.005,
            "가치 총점":31.8842,
            "매매실거래년":20211203.0,
            "매매실거래가":18000.0,
            "전세실거래년":20200713.0,
            "전세실거래가":15000.0,
            "전세가율":83.33,
            "장기전세가율평균":76.75,
            "전세가율거품지수":-6.58,
            "검색코드":4826,
            "세대수":354.0,
            "준공년월":"1992-08-31",
            "준공년차":31.0,
            "가까운역이름":"학동·증심사입구",
            "가까운역거리":1397.28,
            "역세권여부":"비역세권",
            "30분이내주요거점역":0,
            "30분거점역이름":"[]",
            "1시간이내주요거점역":1,
            "1시간거점역이름":"['금남로4가']",
            "3km이내백화점수":0,
            "5km이내아울렛몰수":0,
            "1km이내대형먀트수":0,
            "500m이내은행수":0,
            "500m이내병원수":0,
            "5km이내대형병원수":7,
            "500m이내공원수":4,
            "3km이내혐오시설수":0,
            "초등학교학업성취도":89.98,
            "중학교학업성취도":75.1,
            "용적률":295,
            "건폐율":24,
            "Y":35.133254,
            "X":126.943757,
            "rank":44.0,
            "area_info":"31평(104.45), 31평(104.6), 47평(156.27), 55평(184.45)",
            "last_sales":"2021-12-03,18000.0,31평(104.45)",
            "rank_history":[
                [
                    "202202",
                    44
                ],
                [
                    "202201",
                    44
                ]
            ],
            "rank_gap":0
        },
        {
            "index":44,
            "아파트명":"광명",
            "투자타입":"일반",
            "전용면적(m2)":"88.54",
            "전용면적(평)":"26평",
            "법정동주소":"광주시 동구 산수동 84",
            "도로명주소":"광주시 동구 무등로 532",
            "세대수":0,
            "입주년차":0,
            "용적률점수":"--",
            "건폐율점수":"--",
            "세대당주차수":0,
            "난방방식":30,
            "공급면적":"--",
            "전용률":"--",
            "욕실수":50,
            "현관타입":10,
            "주거총점":9.0,
            "지역구공급총점":0.0,
            "역세권":0,
            "30분내 이동가능 거점":0,
            "1시간내 이동가능 거점":10,
            "교통총점":2.0,
            "백화점":100,
            "아울렛몰":0,
            "대형마트":0,
            "은행":0,
            "병원":0,
            "종합병원":100,
            "공원":100,
            "혐오시설":0,
            "인프라총점":53.0,
            "초등학군":89.99,
            "중학군":32.76,
            "학군총점":44.206,
            "인구수":10.7,
            "인구증감":8.44,
            "인구총점":10.022,
            "일자리":9.04,
            "소득수준":65.59,
            "일자리총점":26.005,
            "가치 총점":31.7118,
            "매매실거래년":20211019.0,
            "매매실거래가":14000.0,
            "전세실거래년":20140925.0,
            "전세실거래가":8000.0,
            "전세가율":57.14,
            "장기전세가율평균":76.75,
            "전세가율거품지수":19.61,
            "검색코드":4732,
            "세대수":192.0,
            "준공년월":"1995-08-31",
            "준공년차":28.0,
            "가까운역이름":"문화전당",
            "가까운역거리":2010.63,
            "역세권여부":"비역세권",
            "30분이내주요거점역":0,
            "30분거점역이름":"[]",
            "1시간이내주요거점역":1,
            "1시간거점역이름":"['금남로4가']",
            "3km이내백화점수":1,
            "5km이내아울렛몰수":0,
            "1km이내대형먀트수":0,
            "500m이내은행수":0,
            "500m이내병원수":0,
            "5km이내대형병원수":8,
            "500m이내공원수":5,
            "3km이내혐오시설수":0,
            "초등학교학업성취도":89.99,
            "중학교학업성취도":54.6,
            "용적률":297,
            "건폐율":27,
            "Y":35.156499,
            "X":126.938408,
            "rank":45.0,
            "area_info":"26평(88.54), 31평(102.56), 45평(151.88), 48평(161.08), 50평(167.63)",
            "last_sales":"2021-10-19,14000.0,26평(88.54)",
            "rank_history":[
                [
                    "202202",
                    45
                ],
                [
                    "202201",
                    36
                ]
            ],
            "rank_gap":-9
        },
        {
            "index":51,
            "아파트명":"동진맨션",
            "투자타입":"재건축",
            "전용면적(m2)":"87.58",
            "전용면적(평)":"26평",
            "법정동주소":"광주시 동구 산수동 463-6",
            "도로명주소":"광주시 동구 무등로 417-9",
            "세대수":0,
            "입주년차":"--",
            "용적률점수":0,
            "건폐율점수":0,
            "세대당주차수":"--",
            "난방방식":"--",
            "공급면적":70,
            "전용률":80,
            "욕실수":"--",
            "현관타입":"--",
            "주거총점":7.5,
            "지역구공급총점":0.0,
            "역세권":0,
            "30분내 이동가능 거점":0,
            "1시간내 이동가능 거점":10,
            "교통총점":2.0,
            "백화점":100,
            "아울렛몰":0,
            "대형마트":0,
            "은행":0,
            "병원":0,
            "종합병원":100,
            "공원":100,
            "혐오시설":0,
            "인프라총점":53.0,
            "초등학군":90.02,
            "중학군":32.76,
            "학군총점":44.212,
            "인구수":10.7,
            "인구증감":8.44,
            "인구총점":10.022,
            "일자리":9.04,
            "소득수준":65.59,
            "일자리총점":26.005,
            "가치 총점":31.3386,
            "매매실거래년":20210315.0,
            "매매실거래가":18000.0,
            "전세실거래년":20211223.0,
            "전세실거래가":8000.0,
            "전세가율":50.31,
            "장기전세가율평균":76.75,
            "전세가율거품지수":26.44,
            "검색코드":15682,
            "세대수":121.0,
            "준공년월":"1984-06-30",
            "준공년차":39.0,
            "가까운역이름":"문화전당",
            "가까운역거리":1566.3,
            "역세권여부":"비역세권",
            "30분이내주요거점역":0,
            "30분거점역이름":"[]",
            "1시간이내주요거점역":1,
            "1시간거점역이름":"['금남로4가']",
            "3km이내백화점수":1,
            "5km이내아울렛몰수":0,
            "1km이내대형먀트수":0,
            "500m이내은행수":0,
            "500m이내병원수":0,
            "5km이내대형병원수":9,
            "500m이내공원수":8,
            "3km이내혐오시설수":0,
            "초등학교학업성취도":90.02,
            "중학교학업성취도":54.6,
            "용적률":0,
            "건폐율":0,
            "Y":35.15865,
            "X":126.92882,
            "rank":46.0,
            "area_info":"26평(87.58), 28평(93.85), 28평(94.7)",
            "last_sales":"2021-03-15,18000.0,28평(94.7)",
            "rank_history":[
                [
                    "202202",
                    46
                ],
                [
                    "202201",
                    35
                ]
            ],
            "rank_gap":-11
        },
        {
            "index":74,
            "아파트명":"무등파크맨션",
            "투자타입":"재건축",
            "전용면적(m2)":"87.91",
            "전용면적(평)":"26평",
            "법정동주소":"광주시 동구 산수동 79-3",
            "도로명주소":"광주시 동구 무등로 548",
            "세대수":0,
            "입주년차":"--",
            "용적률점수":0,
            "건폐율점수":0,
            "세대당주차수":"--",
            "난방방식":"--",
            "공급면적":70,
            "전용률":80,
            "욕실수":"--",
            "현관타입":"--",
            "주거총점":7.5,
            "지역구공급총점":0.0,
            "역세권":0,
            "30분내 이동가능 거점":0,
            "1시간내 이동가능 거점":10,
            "교통총점":2.0,
            "백화점":100,
            "아울렛몰":0,
            "대형마트":0,
            "은행":0,
            "병원":0,
            "종합병원":100,
            "공원":100,
            "혐오시설":0,
            "인프라총점":53.0,
            "초등학군":89.99,
            "중학군":32.76,
            "학군총점":44.206,
            "인구수":10.7,
            "인구증감":8.44,
            "인구총점":10.022,
            "일자리":9.04,
            "소득수준":65.59,
            "일자리총점":26.005,
            "가치 총점":31.3368,
            "매매실거래년":20211220.0,
            "매매실거래가":13800.0,
            "전세실거래년":null,
            "전세실거래가":null,
            "전세가율":null,
            "장기전세가율평균":76.75,
            "전세가율거품지수":null,
            "검색코드":4760,
            "세대수":120.0,
            "준공년월":"1987-06-01",
            "준공년차":36.0,
            "가까운역이름":"문화전당",
            "가까운역거리":2117.87,
            "역세권여부":"비역세권",
            "30분이내주요거점역":0,
            "30분거점역이름":"[]",
            "1시간이내주요거점역":1,
            "1시간거점역이름":"['금남로4가']",
            "3km이내백화점수":1,
            "5km이내아울렛몰수":0,
            "1km이내대형먀트수":0,
            "500m이내은행수":0,
            "500m이내병원수":0,
            "5km이내대형병원수":8,
            "500m이내공원수":5,
            "3km이내혐오시설수":0,
            "초등학교학업성취도":89.99,
            "중학교학업성취도":54.6,
            "용적률":0,
            "건폐율":0,
            "Y":35.156708,
            "X":126.939645,
            "rank":47.0,
            "area_info":"26평(87.91), 26평(89.03), 29평(96.61), 30평(102.01)",
            "last_sales":"2021-12-20,13800.0,30평(102.01)",
            "rank_history":[
                [
                    "202202",
                    47
                ],
                [
                    "202201",
                    37
                ]
            ],
            "rank_gap":-10
        },
        {
            "index":107,
            "아파트명":"동산타워",
            "투자타입":"재건축",
            "전용면적(m2)":"109.35",
            "전용면적(평)":"33평",
            "법정동주소":"광주시 동구 용산동 177",
            "도로명주소":"광주시 동구 화산로350번길 18",
            "세대수":0,
            "입주년차":"--",
            "용적률점수":0,
            "건폐율점수":0,
            "세대당주차수":"--",
            "난방방식":"--",
            "공급면적":90,
            "전용률":60,
            "욕실수":"--",
            "현관타입":"--",
            "주거총점":7.5,
            "지역구공급총점":0.0,
            "역세권":50,
            "30분내 이동가능 거점":0,
            "1시간내 이동가능 거점":10,
            "교통총점":27.0,
            "백화점":0,
            "아울렛몰":0,
            "대형마트":80,
            "은행":0,
            "병원":0,
            "종합병원":100,
            "공원":100,
            "혐오시설":-50,
            "인프라총점":34.0,
            "초등학군":89.97,
            "중학군":38.6,
            "학군총점":48.874,
            "인구수":10.7,
            "인구증감":8.44,
            "인구총점":10.022,
            "일자리":9.04,
            "소득수준":65.59,
            "일자리총점":26.005,
            "가치 총점":30.7872,
            "매매실거래년":20220114.0,
            "매매실거래가":16600.0,
            "전세실거래년":20200510.0,
            "전세실거래가":10000.0,
            "전세가율":60.24,
            "장기전세가율평균":76.75,
            "전세가율거품지수":16.51,
            "검색코드":4773,
            "세대수":176.0,
            "준공년월":"1991-04-16",
            "준공년차":32.0,
            "가까운역이름":"소태",
            "가까운역거리":589.28,
            "역세권여부":"준역세권",
            "30분이내주요거점역":0,
            "30분거점역이름":"[]",
            "1시간이내주요거점역":1,
            "1시간거점역이름":"['금남로4가']",
            "3km이내백화점수":0,
            "5km이내아울렛몰수":0,
            "1km이내대형먀트수":1,
            "500m이내은행수":0,
            "500m이내병원수":0,
            "5km이내대형병원수":8,
            "500m이내공원수":5,
            "3km이내혐오시설수":1,
            "초등학교학업성취도":89.97,
            "중학교학업성취도":63.6,
            "용적률":0,
            "건폐율":0,
            "Y":35.11804,
            "X":126.93251,
            "rank":48.0,
            "area_info":"33평(109.35)",
            "last_sales":"2022-01-14,16600.0,33평(109.35)",
            "rank_history":[
                [
                    "202202",
                    48
                ],
                [
                    "202201",
                    52
                ]
            ],
            "rank_gap":4
        },
        {
            "index":122,
            "아파트명":"라인광명3차",
            "투자타입":"일반",
            "전용면적(m2)":"75.97",
            "전용면적(평)":"22평",
            "법정동주소":"광주시 동구 운림동 567-1",
            "도로명주소":"광주시 동구 운림길 58",
            "세대수":30,
            "입주년차":0,
            "용적률점수":"--",
            "건폐율점수":"--",
            "세대당주차수":0,
            "난방방식":30,
            "공급면적":"--",
            "전용률":"--",
            "욕실수":50,
            "현관타입":100,
            "주거총점":28.5,
            "지역구공급총점":0.0,
            "역세권":0,
            "30분내 이동가능 거점":0,
            "1시간내 이동가능 거점":10,
            "교통총점":2.0,
            "백화점":0,
            "아울렛몰":0,
            "대형마트":0,
            "은행":0,
            "병원":0,
            "종합병원":100,
            "공원":100,
            "혐오시설":0,
            "인프라총점":23.0,
            "초등학군":89.98,
            "중학군":45.46,
            "학군총점":54.364,
            "인구수":10.7,
            "인구증감":8.44,
            "인구총점":10.022,
            "일자리":9.04,
            "소득수준":65.59,
            "일자리총점":26.005,
            "가치 총점":30.6342,
            "매매실거래년":20220104.0,
            "매매실거래가":16300.0,
            "전세실거래년":20210620.0,
            "전세실거래가":15000.0,
            "전세가율":92.02,
            "장기전세가율평균":76.75,
            "전세가율거품지수":-15.27,
            "검색코드":4853,
            "세대수":321.0,
            "준공년월":"1997-02-12",
            "준공년차":26.0,
            "가까운역이름":"학동·증심사입구",
            "가까운역거리":1274.39,
            "역세권여부":"비역세권",
            "30분이내주요거점역":0,
            "30분거점역이름":"[]",
            "1시간이내주요거점역":1,
            "1시간거점역이름":"['금남로4가']",
            "3km이내백화점수":0,
            "5km이내아울렛몰수":0,
            "1km이내대형먀트수":0,
            "500m이내은행수":0,
            "500m이내병원수":0,
            "5km이내대형병원수":7,
            "500m이내공원수":2,
            "3km이내혐오시설수":0,
            "초등학교학업성취도":89.98,
            "중학교학업성취도":75.1,
            "용적률":261,
            "건폐율":21,
            "Y":35.135213,
            "X":126.942086,
            "rank":49.0,
            "area_info":"22평(75.97), 28평(95.34), 31평(105.7), 32평(107.68), 32평(107.68), 32평(107.23), 46평(153.97), 68평(226.09)",
            "last_sales":"2022-01-04,16300.0,22평(75.97)",
            "rank_history":[
                [
                    "202202",
                    49
                ],
                [
                    "202201",
                    47
                ]
            ],
            "rank_gap":-2
        },
        {
            "index":172,
            "아파트명":"무등파크",
            "투자타입":"재건축",
            "전용면적(m2)":"84.37",
            "전용면적(평)":"25평",
            "법정동주소":"광주시 동구 학동 719-1",
            "도로명주소":"광주시 동구 의재로43번길 3",
            "세대수":0,
            "입주년차":"--",
            "용적률점수":0,
            "건폐율점수":0,
            "세대당주차수":"--",
            "난방방식":"--",
            "공급면적":70,
            "전용률":60,
            "욕실수":"--",
            "현관타입":"--",
            "주거총점":6.5,
            "지역구공급총점":0.0,
            "역세권":80,
            "30분내 이동가능 거점":0,
            "1시간내 이동가능 거점":10,
            "교통총점":42.0,
            "백화점":0,
            "아울렛몰":0,
            "대형마트":0,
            "은행":20,
            "병원":0,
            "종합병원":100,
            "공원":100,
            "혐오시설":0,
            "인프라총점":25.0,
            "초등학군":89.99,
            "중학군":38.6,
            "학군총점":48.878,
            "인구수":10.7,
            "인구증감":8.44,
            "인구총점":10.022,
            "일자리":9.04,
            "소득수준":65.59,
            "일자리총점":26.005,
            "가치 총점":30.0884,
            "매매실거래년":20211022.0,
            "매매실거래가":22300.0,
            "전세실거래년":20140424.0,
            "전세실거래가":9000.0,
            "전세가율":94.74,
            "장기전세가율평균":76.75,
            "전세가율거품지수":-17.99,
            "검색코드":4875,
            "세대수":148.0,
            "준공년월":"1983-12-22",
            "준공년차":40.0,
            "가까운역이름":"학동·증심사입구",
            "가까운역거리":354.39,
            "역세권여부":"역세권",
            "30분이내주요거점역":0,
            "30분거점역이름":"[]",
            "1시간이내주요거점역":1,
            "1시간거점역이름":"['금남로4가']",
            "3km이내백화점수":0,
            "5km이내아울렛몰수":0,
            "1km이내대형먀트수":0,
            "500m이내은행수":2,
            "500m이내병원수":0,
            "5km이내대형병원수":8,
            "500m이내공원수":7,
            "3km이내혐오시설수":0,
            "초등학교학업성취도":89.99,
            "중학교학업성취도":63.6,
            "용적률":0,
            "건폐율":0,
            "Y":35.133045,
            "X":126.932283,
            "rank":50.0,
            "area_info":"25평(84.37), 30평(99.99), 31평(103.9), 31평(104.15), 32평(108.78), 43평(145.44), 45평(150.46), 45평(151.47), 47평(156.99)",
            "last_sales":"2021-10-22,22300.0,47평(156.99)",
            "rank_history":[
                [
                    "202202",
                    50
                ],
                [
                    "202201",
                    46
                ]
            ],
            "rank_gap":-4
        },
        {
            "index":132,
            "아파트명":"무등파크맨션1차",
            "투자타입":"재건축",
            "전용면적(m2)":"103.23",
            "전용면적(평)":"31평",
            "법정동주소":"광주시 동구 운림동 603",
            "도로명주소":"광주시 동구 운림길 23",
            "세대수":0,
            "입주년차":"--",
            "용적률점수":0,
            "건폐율점수":80,
            "세대당주차수":"--",
            "난방방식":"--",
            "공급면적":90,
            "전용률":80,
            "욕실수":"--",
            "현관타입":"--",
            "주거총점":24.5,
            "지역구공급총점":0.0,
            "역세권":0,
            "30분내 이동가능 거점":0,
            "1시간내 이동가능 거점":10,
            "교통총점":2.0,
            "백화점":0,
            "아울렛몰":0,
            "대형마트":0,
            "은행":0,
            "병원":0,
            "종합병원":100,
            "공원":100,
            "혐오시설":0,
            "인프라총점":23.0,
            "초등학군":89.98,
            "중학군":45.46,
            "학군총점":54.364,
            "인구수":10.7,
            "인구증감":8.44,
            "인구총점":10.022,
            "일자리":9.04,
            "소득수준":65.59,
            "일자리총점":26.005,
            "가치 총점":29.6342,
            "매매실거래년":20220127.0,
            "매매실거래가":17500.0,
            "전세실거래년":20201109.0,
            "전세실거래가":16000.0,
            "전세가율":91.43,
            "장기전세가율평균":76.75,
            "전세가율거품지수":-14.68,
            "검색코드":4859,
            "세대수":296.0,
            "준공년월":"1990-07-11",
            "준공년차":33.0,
            "가까운역이름":"학동·증심사입구",
            "가까운역거리":1137.01,
            "역세권여부":"비역세권",
            "30분이내주요거점역":0,
            "30분거점역이름":"[]",
            "1시간이내주요거점역":1,
            "1시간거점역이름":"['금남로4가']",
            "3km이내백화점수":0,
            "5km이내아울렛몰수":0,
            "1km이내대형먀트수":0,
            "500m이내은행수":0,
            "500m이내병원수":0,
            "5km이내대형병원수":7,
            "500m이내공원수":2,
            "3km이내혐오시설수":0,
            "초등학교학업성취도":89.98,
            "중학교학업성취도":75.1,
            "용적률":299,
            "건폐율":21,
            "Y":35.134426,
            "X":126.940735,
            "rank":51.0,
            "area_info":"31평(103.23), 32평(108.03), 42평(140.29), 53평(178.07)",
            "last_sales":"2022-01-27,17500.0,31평(103.23)",
            "rank_history":[
                [
                    "202202",
                    51
                ],
                [
                    "202201",
                    49
                ]
            ],
            "rank_gap":-2
        },
        {
            "index":114,
            "아파트명":"라인1차",
            "투자타입":"재건축",
            "전용면적(m2)":"109.26",
            "전용면적(평)":"33평",
            "법정동주소":"광주시 동구 운림동 583",
            "도로명주소":"광주시 동구 운림길 71",
            "세대수":0,
            "입주년차":"--",
            "용적률점수":0,
            "건폐율점수":80,
            "세대당주차수":"--",
            "난방방식":"--",
            "공급면적":90,
            "전용률":60,
            "욕실수":"--",
            "현관타입":"--",
            "주거총점":23.5,
            "지역구공급총점":0.0,
            "역세권":0,
            "30분내 이동가능 거점":0,
            "1시간내 이동가능 거점":10,
            "교통총점":2.0,
            "백화점":0,
            "아울렛몰":0,
            "대형마트":0,
            "은행":0,
            "병원":0,
            "종합병원":100,
            "공원":100,
            "혐오시설":0,
            "인프라총점":23.0,
            "초등학군":89.98,
            "중학군":45.46,
            "학군총점":54.364,
            "인구수":10.7,
            "인구증감":8.44,
            "인구총점":10.022,
            "일자리":9.04,
            "소득수준":65.59,
            "일자리총점":26.005,
            "가치 총점":29.3842,
            "매매실거래년":20220128.0,
            "매매실거래가":20900.0,
            "전세실거래년":20201219.0,
            "전세실거래가":15000.0,
            "전세가율":71.77,
            "장기전세가율평균":76.75,
            "전세가율거품지수":4.98,
            "검색코드":4813,
            "세대수":217.0,
            "준공년월":"1991-03-29",
            "준공년차":32.0,
            "가까운역이름":"학동·증심사입구",
            "가까운역거리":1400.06,
            "역세권여부":"비역세권",
            "30분이내주요거점역":0,
            "30분거점역이름":"[]",
            "1시간이내주요거점역":1,
            "1시간거점역이름":"['금남로4가']",
            "3km이내백화점수":0,
            "5km이내아울렛몰수":0,
            "1km이내대형먀트수":0,
            "500m이내은행수":0,
            "500m이내병원수":0,
            "5km이내대형병원수":7,
            "500m이내공원수":4,
            "3km이내혐오시설수":0,
            "초등학교학업성취도":89.98,
            "중학교학업성취도":75.1,
            "용적률":229,
            "건폐율":25,
            "Y":35.134245,
            "X":126.943689,
            "rank":52.0,
            "area_info":"33평(109.26), 33평(111.84), 50평(165.44), 59평(197.3)",
            "last_sales":"2022-01-28,20900.0,33평(109.26)",
            "rank_history":[
                [
                    "202202",
                    52
                ],
                [
                    "202201",
                    50
                ]
            ],
            "rank_gap":-2
        },
        {
            "index":130,
            "아파트명":"무등스위트맨션",
            "투자타입":"일반",
            "전용면적(m2)":"95.1",
            "전용면적(평)":"28평",
            "법정동주소":"광주시 동구 운림동 588",
            "도로명주소":"광주시 동구 운림길 68",
            "세대수":0,
            "입주년차":0,
            "용적률점수":"--",
            "건폐율점수":"--",
            "세대당주차수":0,
            "난방방식":30,
            "공급면적":"--",
            "전용률":"--",
            "욕실수":50,
            "현관타입":100,
            "주거총점":18.0,
            "지역구공급총점":0.0,
            "역세권":0,
            "30분내 이동가능 거점":0,
            "1시간내 이동가능 거점":10,
            "교통총점":2.0,
            "백화점":0,
            "아울렛몰":0,
            "대형마트":0,
            "은행":0,
            "병원":0,
            "종합병원":100,
            "공원":100,
            "혐오시설":0,
            "인프라총점":23.0,
            "초등학군":89.98,
            "중학군":45.46,
            "학군총점":54.364,
            "인구수":10.7,
            "인구증감":8.44,
            "인구총점":10.022,
            "일자리":9.04,
            "소득수준":65.59,
            "일자리총점":26.005,
            "가치 총점":28.0092,
            "매매실거래년":20211218.0,
            "매매실거래가":22000.0,
            "전세실거래년":20200205.0,
            "전세실거래가":4000.0,
            "전세가율":26.49,
            "장기전세가율평균":76.75,
            "전세가율거품지수":50.26,
            "검색코드":4856,
            "세대수":138.0,
            "준공년월":"1995-02-18",
            "준공년차":28.0,
            "가까운역이름":"학동·증심사입구",
            "가까운역거리":1264.33,
            "역세권여부":"비역세권",
            "30분이내주요거점역":0,
            "30분거점역이름":"[]",
            "1시간이내주요거점역":1,
            "1시간거점역이름":"['금남로4가']",
            "3km이내백화점수":0,
            "5km이내아울렛몰수":0,
            "1km이내대형먀트수":0,
            "500m이내은행수":0,
            "500m이내병원수":0,
            "5km이내대형병원수":7,
            "500m이내공원수":4,
            "3km이내혐오시설수":0,
            "초등학교학업성취도":89.98,
            "중학교학업성취도":75.1,
            "용적률":297,
            "건폐율":21,
            "Y":35.13421,
            "X":126.94219,
            "rank":53.0,
            "area_info":"28평(95.1), 37평(124.01)",
            "last_sales":"2021-12-18,22000.0,37평(124.01)",
            "rank_history":[
                [
                    "202202",
                    53
                ],
                [
                    "202201",
                    51
                ]
            ],
            "rank_gap":-2
        },
        {
            "index":136,
            "아파트명":"무등파크맨션2차",
            "투자타입":"재건축",
            "전용면적(m2)":"100.11",
            "전용면적(평)":"30평",
            "법정동주소":"광주시 동구 운림동 597",
            "도로명주소":"광주시 동구 운림길 29-10",
            "세대수":0,
            "입주년차":"--",
            "용적률점수":0,
            "건폐율점수":0,
            "세대당주차수":"--",
            "난방방식":"--",
            "공급면적":90,
            "전용률":80,
            "욕실수":"--",
            "현관타입":"--",
            "주거총점":8.5,
            "지역구공급총점":0.0,
            "역세권":0,
            "30분내 이동가능 거점":0,
            "1시간내 이동가능 거점":10,
            "교통총점":2.0,
            "백화점":0,
            "아울렛몰":0,
            "대형마트":0,
            "은행":0,
            "병원":0,
            "종합병원":100,
            "공원":100,
            "혐오시설":0,
            "인프라총점":23.0,
            "초등학군":89.98,
            "중학군":45.46,
            "학군총점":54.364,
            "인구수":10.7,
            "인구증감":8.44,
            "인구총점":10.022,
            "일자리":9.04,
            "소득수준":65.59,
            "일자리총점":26.005,
            "가치 총점":25.6342,
            "매매실거래년":20211209.0,
            "매매실거래가":26800.0,
            "전세실거래년":null,
            "전세실거래가":null,
            "전세가율":null,
            "장기전세가율평균":76.75,
            "전세가율거품지수":null,
            "검색코드":4863,
            "세대수":154.0,
            "준공년월":"1992-05-23",
            "준공년차":31.0,
            "가까운역이름":"학동·증심사입구",
            "가까운역거리":1136.19,
            "역세권여부":"비역세권",
            "30분이내주요거점역":0,
            "30분거점역이름":"[]",
            "1시간이내주요거점역":1,
            "1시간거점역이름":"['금남로4가']",
            "3km이내백화점수":0,
            "5km이내아울렛몰수":0,
            "1km이내대형먀트수":0,
            "500m이내은행수":0,
            "500m이내병원수":0,
            "5km이내대형병원수":7,
            "500m이내공원수":2,
            "3km이내혐오시설수":0,
            "초등학교학업성취도":89.98,
            "중학교학업성취도":75.1,
            "용적률":0,
            "건폐율":0,
            "Y":35.134435,
            "X":126.940724,
            "rank":54.0,
            "area_info":"30평(100.11), 31평(104.7), 49평(162.01)",
            "last_sales":"2021-12-09,26800.0,49평(162.01)",
            "rank_history":[
                [
                    "202202",
                    54
                ],
                [
                    "202201",
                    54
                ]
            ],
            "rank_gap":0
        }
    ]
}