{
    "schema":{
        "fields":[
            {
                "name":"index",
                "type":"integer"
            },
            {
                "name":"아파트명",
                "type":"string"
            },
            {
                "name":"투자타입",
                "type":"string"
            },
            {
                "name":"전용면적(m2)",
                "type":"string"
            },
            {
                "name":"전용면적(평)",
                "type":"string"
            },
            {
                "name":"법정동주소",
                "type":"string"
            },
            {
                "name":"도로명주소",
                "type":"string"
            },
            {
                "name":"세대수",
                "type":"integer"
            },
            {
                "name":"입주년차",
                "type":"string"
            },
            {
                "name":"용적률점수",
                "type":"string"
            },
            {
                "name":"건폐율점수",
                "type":"string"
            },
            {
                "name":"세대당주차수",
                "type":"string"
            },
            {
                "name":"난방방식",
                "type":"string"
            },
            {
                "name":"공급면적",
                "type":"string"
            },
            {
                "name":"전용률",
                "type":"string"
            },
            {
                "name":"욕실수",
                "type":"string"
            },
            {
                "name":"현관타입",
                "type":"string"
            },
            {
                "name":"주거총점",
                "type":"number"
            },
            {
                "name":"지역구공급총점",
                "type":"number"
            },
            {
                "name":"역세권",
                "type":"string"
            },
            {
                "name":"30분내 이동가능 거점",
                "type":"string"
            },
            {
                "name":"1시간내 이동가능 거점",
                "type":"string"
            },
            {
                "name":"교통총점",
                "type":"string"
            },
            {
                "name":"백화점",
                "type":"integer"
            },
            {
                "name":"아울렛몰",
                "type":"integer"
            },
            {
                "name":"대형마트",
                "type":"integer"
            },
            {
                "name":"은행",
                "type":"integer"
            },
            {
                "name":"병원",
                "type":"integer"
            },
            {
                "name":"종합병원",
                "type":"integer"
            },
            {
                "name":"공원",
                "type":"integer"
            },
            {
                "name":"혐오시설",
                "type":"integer"
            },
            {
                "name":"인프라총점",
                "type":"number"
            },
            {
                "name":"초등학군",
                "type":"number"
            },
            {
                "name":"중학군",
                "type":"number"
            },
            {
                "name":"학군총점",
                "type":"number"
            },
            {
                "name":"인구수",
                "type":"number"
            },
            {
                "name":"인구증감",
                "type":"number"
            },
            {
                "name":"인구총점",
                "type":"number"
            },
            {
                "name":"일자리",
                "type":"number"
            },
            {
                "name":"소득수준",
                "type":"number"
            },
            {
                "name":"일자리총점",
                "type":"number"
            },
            {
                "name":"가치 총점",
                "type":"number"
            },
            {
                "name":"매매실거래년",
                "type":"string"
            },
            {
                "name":"매매실거래가",
                "type":"number"
            },
            {
                "name":"전세실거래년",
                "type":"number"
            },
            {
                "name":"전세실거래가",
                "type":"number"
            },
            {
                "name":"전세가율",
                "type":"number"
            },
            {
                "name":"장기전세가율평균",
                "type":"number"
            },
            {
                "name":"전세가율거품지수",
                "type":"number"
            },
            {
                "name":"검색코드",
                "type":"integer"
            },
            {
                "name":"세대수",
                "type":"number"
            },
            {
                "name":"준공년월",
                "type":"string"
            },
            {
                "name":"준공년차",
                "type":"number"
            },
            {
                "name":"가까운역이름",
                "type":"string"
            },
            {
                "name":"가까운역거리",
                "type":"string"
            },
            {
                "name":"역세권여부",
                "type":"string"
            },
            {
                "name":"30분이내주요거점역",
                "type":"string"
            },
            {
                "name":"30분거점역이름",
                "type":"string"
            },
            {
                "name":"1시간이내주요거점역",
                "type":"string"
            },
            {
                "name":"1시간거점역이름",
                "type":"string"
            },
            {
                "name":"3km이내백화점수",
                "type":"integer"
            },
            {
                "name":"5km이내아울렛몰수",
                "type":"integer"
            },
            {
                "name":"1km이내대형먀트수",
                "type":"integer"
            },
            {
                "name":"500m이내은행수",
                "type":"integer"
            },
            {
                "name":"500m이내병원수",
                "type":"integer"
            },
            {
                "name":"5km이내대형병원수",
                "type":"integer"
            },
            {
                "name":"500m이내공원수",
                "type":"integer"
            },
            {
                "name":"3km이내혐오시설수",
                "type":"integer"
            },
            {
                "name":"초등학교학업성취도",
                "type":"number"
            },
            {
                "name":"중학교학업성취도",
                "type":"number"
            },
            {
                "name":"용적률",
                "type":"integer"
            },
            {
                "name":"건폐율",
                "type":"integer"
            },
            {
                "name":"Y",
                "type":"number"
            },
            {
                "name":"X",
                "type":"number"
            },
            {
                "name":"rank",
                "type":"number"
            },
            {
                "name":"area_info",
                "type":"string"
            },
            {
                "name":"last_sales",
                "type":"string"
            },
            {
                "name":"rank_history",
                "type":"string"
            },
            {
                "name":"rank_gap",
                "type":"integer"
            }
        ],
        "primaryKey":[
            "index"
        ],
        "pandas_version":"1.4.0"
    },
    "data":[
        {
            "index":130,
            "아파트명":"e편한세상전하1단지",
            "투자타입":"일반",
            "전용면적(m2)":"83.84",
            "전용면적(평)":"25평",
            "법정동주소":"울산시 동구 전하동 630-1",
            "도로명주소":"울산시 동구 봉수로 290",
            "세대수":90,
            "입주년차":60,
            "용적률점수":"--",
            "건폐율점수":"--",
            "세대당주차수":80,
            "난방방식":30,
            "공급면적":"--",
            "전용률":"--",
            "욕실수":100,
            "현관타입":100,
            "주거총점":78.5,
            "지역구공급총점":0.0,
            "역세권":"NA",
            "30분내 이동가능 거점":"NA",
            "1시간내 이동가능 거점":"NA",
            "교통총점":"NA",
            "백화점":100,
            "아울렛몰":0,
            "대형마트":0,
            "은행":70,
            "병원":0,
            "종합병원":80,
            "공원":100,
            "혐오시설":0,
            "인프라총점":56.0,
            "초등학군":89.99,
            "중학군":50.54,
            "학군총점":58.43,
            "인구수":16.9,
            "인구증감":-10.92,
            "인구총점":8.554,
            "일자리":9.51,
            "소득수준":80.44,
            "일자리총점":30.789,
            "가치 총점":64.4825,
            "매매실거래년":20210626.0,
            "매매실거래가":56000.0,
            "전세실거래년":null,
            "전세실거래가":null,
            "전세가율":null,
            "장기전세가율평균":72.12,
            "전세가율거품지수":null,
            "검색코드":106543,
            "세대수":1023.0,
            "준공년월":"2013-02-25",
            "준공년차":10.0,
            "가까운역이름":"NA",
            "가까운역거리":"NA",
            "역세권여부":"NA",
            "30분이내주요거점역":"NA",
            "30분거점역이름":"NA",
            "1시간이내주요거점역":"NA",
            "1시간거점역이름":"NA",
            "3km이내백화점수":1,
            "5km이내아울렛몰수":0,
            "1km이내대형먀트수":0,
            "500m이내은행수":3,
            "500m이내병원수":0,
            "5km이내대형병원수":1,
            "500m이내공원수":24,
            "3km이내혐오시설수":0,
            "초등학교학업성취도":89.99,
            "중학교학업성취도":83.9,
            "용적률":299,
            "건폐율":14,
            "Y":35.511776,
            "X":129.42487,
            "rank":1.0,
            "area_info":"25평(83.84), 25평(84.32), 32평(107.01), 32평(107.48), 33평(110.5), 34평(113.94), 34평(115.65), 36평(119.94), 39평(132.13), 43평(143.99), 43평(143.46), 43평(144.92), 49평(164.02)",
            "last_sales":"2021-06-26,56000.0,49평(164.02)",
            "rank_history":[
                [
                    "202202",
                    1
                ],
                [
                    "202201",
                    1
                ]
            ],
            "rank_gap":0
        },
        {
            "index":184,
            "아파트명":"전하아이파크",
            "투자타입":"일반",
            "전용면적(m2)":"97.63",
            "전용면적(평)":"29평",
            "법정동주소":"울산시 동구 전하동 640-1",
            "도로명주소":"울산시 동구 봉수로 270",
            "세대수":90,
            "입주년차":60,
            "용적률점수":"--",
            "건폐율점수":"--",
            "세대당주차수":60,
            "난방방식":30,
            "공급면적":"--",
            "전용률":"--",
            "욕실수":100,
            "현관타입":100,
            "주거총점":75.5,
            "지역구공급총점":0.0,
            "역세권":"NA",
            "30분내 이동가능 거점":"NA",
            "1시간내 이동가능 거점":"NA",
            "교통총점":"NA",
            "백화점":100,
            "아울렛몰":0,
            "대형마트":0,
            "은행":0,
            "병원":0,
            "종합병원":80,
            "공원":100,
            "혐오시설":0,
            "인프라총점":49.0,
            "초등학군":90.0,
            "중학군":50.54,
            "학군총점":58.432,
            "인구수":16.9,
            "인구증감":-10.92,
            "인구총점":8.554,
            "일자리":9.51,
            "소득수준":80.44,
            "일자리총점":30.789,
            "가치 총점":60.633,
            "매매실거래년":20220101.0,
            "매매실거래가":58200.0,
            "전세실거래년":20211029.0,
            "전세실거래가":37000.0,
            "전세가율":88.1,
            "장기전세가율평균":72.12,
            "전세가율거품지수":-15.98,
            "검색코드":103782,
            "세대수":991.0,
            "준공년월":"2012-07-27",
            "준공년차":11.0,
            "가까운역이름":"NA",
            "가까운역거리":"NA",
            "역세권여부":"NA",
            "30분이내주요거점역":"NA",
            "30분거점역이름":"NA",
            "1시간이내주요거점역":"NA",
            "1시간거점역이름":"NA",
            "3km이내백화점수":1,
            "5km이내아울렛몰수":0,
            "1km이내대형먀트수":0,
            "500m이내은행수":1,
            "500m이내병원수":0,
            "5km이내대형병원수":1,
            "500m이내공원수":16,
            "3km이내혐오시설수":0,
            "초등학교학업성취도":90.0,
            "중학교학업성취도":83.9,
            "용적률":291,
            "건폐율":20,
            "Y":35.510098,
            "X":129.423191,
            "rank":2.0,
            "area_info":"29평(97.63), 29평(97.41), 29평(98.54), 29평(98.55), 33평(110.86), 33평(111.05), 37평(125.56), 37평(125.4), 43평(145.37)",
            "last_sales":"2022-01-01,58200.0,37평(125.4)",
            "rank_history":[
                [
                    "202202",
                    2
                ],
                [
                    "202201",
                    2
                ]
            ],
            "rank_gap":0
        },
        {
            "index":159,
            "아파트명":"울산전하푸르지오",
            "투자타입":"일반",
            "전용면적(m2)":"83.7",
            "전용면적(평)":"25평",
            "법정동주소":"울산시 동구 전하동 660-1",
            "도로명주소":"울산시 동구 봉수로 250",
            "세대수":90,
            "입주년차":60,
            "용적률점수":"--",
            "건폐율점수":"--",
            "세대당주차수":60,
            "난방방식":30,
            "공급면적":"--",
            "전용률":"--",
            "욕실수":100,
            "현관타입":100,
            "주거총점":75.5,
            "지역구공급총점":0.0,
            "역세권":"NA",
            "30분내 이동가능 거점":"NA",
            "1시간내 이동가능 거점":"NA",
            "교통총점":"NA",
            "백화점":100,
            "아울렛몰":0,
            "대형마트":0,
            "은행":0,
            "병원":0,
            "종합병원":80,
            "공원":100,
            "혐오시설":0,
            "인프라총점":49.0,
            "초등학군":90.0,
            "중학군":50.54,
            "학군총점":58.432,
            "인구수":16.9,
            "인구증감":-10.92,
            "인구총점":8.554,
            "일자리":9.51,
            "소득수준":80.44,
            "일자리총점":30.789,
            "가치 총점":60.633,
            "매매실거래년":20211229.0,
            "매매실거래가":63500.0,
            "전세실거래년":20220118.0,
            "전세실거래가":25000.0,
            "전세가율":66.67,
            "장기전세가율평균":72.12,
            "전세가율거품지수":5.45,
            "검색코드":101924,
            "세대수":1345.0,
            "준공년월":"2011-06-27",
            "준공년차":12.0,
            "가까운역이름":"NA",
            "가까운역거리":"NA",
            "역세권여부":"NA",
            "30분이내주요거점역":"NA",
            "30분거점역이름":"NA",
            "1시간이내주요거점역":"NA",
            "1시간거점역이름":"NA",
            "3km이내백화점수":1,
            "5km이내아울렛몰수":0,
            "1km이내대형먀트수":0,
            "500m이내은행수":1,
            "500m이내병원수":0,
            "5km이내대형병원수":1,
            "500m이내공원수":14,
            "3km이내혐오시설수":0,
            "초등학교학업성취도":90.0,
            "중학교학업성취도":83.9,
            "용적률":0,
            "건폐율":0,
            "Y":35.509156,
            "X":129.423115,
            "rank":2.0,
            "area_info":"25평(83.7), 30평(102.41), 32평(106.74), 32평(108.93), 33평(109.81), 33평(109.23), 34평(114.29), 41평(136.73), 44평(145.74), 46평(153.75), 49평(162.7), 56평(187.96)",
            "last_sales":"2021-12-29,63500.0,49평(162.7)",
            "rank_history":[
                [
                    "202202",
                    2
                ],
                [
                    "202201",
                    2
                ]
            ],
            "rank_gap":0
        },
        {
            "index":143,
            "아파트명":"e편한세상전하2단지",
            "투자타입":"일반",
            "전용면적(m2)":"107.48",
            "전용면적(평)":"32평",
            "법정동주소":"울산시 동구 전하동 631-1",
            "도로명주소":"울산시 동구 봉수로 290",
            "세대수":50,
            "입주년차":60,
            "용적률점수":"--",
            "건폐율점수":"--",
            "세대당주차수":60,
            "난방방식":30,
            "공급면적":"--",
            "전용률":"--",
            "욕실수":100,
            "현관타입":100,
            "주거총점":61.5,
            "지역구공급총점":0.0,
            "역세권":"NA",
            "30분내 이동가능 거점":"NA",
            "1시간내 이동가능 거점":"NA",
            "교통총점":"NA",
            "백화점":100,
            "아울렛몰":0,
            "대형마트":0,
            "은행":70,
            "병원":0,
            "종합병원":80,
            "공원":100,
            "혐오시설":0,
            "인프라총점":56.0,
            "초등학군":89.99,
            "중학군":50.54,
            "학군총점":58.43,
            "인구수":16.9,
            "인구증감":-10.92,
            "인구총점":8.554,
            "일자리":9.51,
            "소득수준":80.44,
            "일자리총점":30.789,
            "가치 총점":58.5325,
            "매매실거래년":"18000101",
            "매매실거래가":null,
            "전세실거래년":null,
            "전세실거래가":null,
            "전세가율":null,
            "장기전세가율평균":72.12,
            "전세가율거품지수":null,
            "검색코드":131610,
            "세대수":452.0,
            "준공년월":"2013-02-25",
            "준공년차":10.0,
            "가까운역이름":"NA",
            "가까운역거리":"NA",
            "역세권여부":"NA",
            "30분이내주요거점역":"NA",
            "30분거점역이름":"NA",
            "1시간이내주요거점역":"NA",
            "1시간거점역이름":"NA",
            "3km이내백화점수":1,
            "5km이내아울렛몰수":0,
            "1km이내대형먀트수":0,
            "500m이내은행수":3,
            "500m이내병원수":0,
            "5km이내대형병원수":1,
            "500m이내공원수":18,
            "3km이내혐오시설수":0,
            "초등학교학업성취도":89.99,
            "중학교학업성취도":83.9,
            "용적률":274,
            "건폐율":23,
            "Y":35.511708,
            "X":129.425546,
            "rank":3.0,
            "area_info":"32평(107.48), 34평(113.94), 39평(132.13), 43평(143.99), 43평(144.92), 49평(164.02)",
            "last_sales":"1800-01-01,nan,32평(107.48)",
            "rank_history":[
                [
                    "202202",
                    3
                ],
                [
                    "202201",
                    3
                ]
            ],
            "rank_gap":0
        },
        {
            "index":99,
            "아파트명":"서부성원상떼빌",
            "투자타입":"일반",
            "전용면적(m2)":"78.83",
            "전용면적(평)":"23평",
            "법정동주소":"울산시 동구 서부동 248-24",
            "도로명주소":"울산시 동구 봉수로 450",
            "세대수":100,
            "입주년차":40,
            "용적률점수":"--",
            "건폐율점수":"--",
            "세대당주차수":30,
            "난방방식":30,
            "공급면적":"--",
            "전용률":"--",
            "욕실수":50,
            "현관타입":100,
            "주거총점":65.5,
            "지역구공급총점":0.0,
            "역세권":"NA",
            "30분내 이동가능 거점":"NA",
            "1시간내 이동가능 거점":"NA",
            "교통총점":"NA",
            "백화점":100,
            "아울렛몰":0,
            "대형마트":0,
            "은행":0,
            "병원":0,
            "종합병원":80,
            "공원":100,
            "혐오시설":0,
            "인프라총점":49.0,
            "초등학군":89.99,
            "중학군":50.08,
            "학군총점":58.062,
            "인구수":16.9,
            "인구증감":-10.92,
            "인구총점":8.554,
            "일자리":9.51,
            "소득수준":80.44,
            "일자리총점":30.789,
            "가치 총점":57.0405,
            "매매실거래년":20220101.0,
            "매매실거래가":46800.0,
            "전세실거래년":20211220.0,
            "전세실거래가":25000.0,
            "전세가율":104.6,
            "장기전세가율평균":72.12,
            "전세가율거품지수":-32.48,
            "검색코드":17350,
            "세대수":1810.0,
            "준공년월":"2005-10-28",
            "준공년차":18.0,
            "가까운역이름":"NA",
            "가까운역거리":"NA",
            "역세권여부":"NA",
            "30분이내주요거점역":"NA",
            "30분거점역이름":"NA",
            "1시간이내주요거점역":"NA",
            "1시간거점역이름":"NA",
            "3km이내백화점수":1,
            "5km이내아울렛몰수":0,
            "1km이내대형먀트수":0,
            "500m이내은행수":0,
            "500m이내병원수":0,
            "5km이내대형병원수":1,
            "500m이내공원수":2,
            "3km이내혐오시설수":0,
            "초등학교학업성취도":89.99,
            "중학교학업성취도":83.2,
            "용적률":308,
            "건폐율":16,
            "Y":35.525487,
            "X":129.426204,
            "rank":4.0,
            "area_info":"23평(78.83), 27평(90.7), 30평(99.81), 31평(104.99), 31평(105.13), 43평(142.21)",
            "last_sales":"2022-01-01,46800.0,43평(142.21)",
            "rank_history":[
                [
                    "202202",
                    4
                ],
                [
                    "202201",
                    4
                ]
            ],
            "rank_gap":0
        },
        {
            "index":249,
            "아파트명":"힐스테이트이스턴베이",
            "투자타입":"일반",
            "전용면적(m2)":"94.81",
            "전용면적(평)":"28평",
            "법정동주소":"울산시 동구 화정동 949",
            "도로명주소":"울산시 동구 화진길 100",
            "세대수":100,
            "입주년차":80,
            "용적률점수":"--",
            "건폐율점수":"--",
            "세대당주차수":30,
            "난방방식":30,
            "공급면적":"--",
            "전용률":"--",
            "욕실수":100,
            "현관타입":100,
            "주거총점":78.5,
            "지역구공급총점":0.0,
            "역세권":"NA",
            "30분내 이동가능 거점":"NA",
            "1시간내 이동가능 거점":"NA",
            "교통총점":"NA",
            "백화점":0,
            "아울렛몰":0,
            "대형마트":100,
            "은행":0,
            "병원":0,
            "종합병원":80,
            "공원":100,
            "혐오시설":0,
            "인프라총점":34.0,
            "초등학군":90.0,
            "중학군":46.98,
            "학군총점":55.584,
            "인구수":16.9,
            "인구증감":-10.92,
            "인구총점":8.554,
            "일자리":9.51,
            "소득수준":80.44,
            "일자리총점":30.789,
            "가치 총점":54.971,
            "매매실거래년":20220114.0,
            "매매실거래가":50000.0,
            "전세실거래년":20220121.0,
            "전세실거래가":30000.0,
            "전세가율":71.43,
            "장기전세가율평균":72.12,
            "전세가율거품지수":0.69,
            "검색코드":106557,
            "세대수":1897.0,
            "준공년월":"2015-12-24",
            "준공년차":8.0,
            "가까운역이름":"NA",
            "가까운역거리":"NA",
            "역세권여부":"NA",
            "30분이내주요거점역":"NA",
            "30분거점역이름":"NA",
            "1시간이내주요거점역":"NA",
            "1시간거점역이름":"NA",
            "3km이내백화점수":0,
            "5km이내아울렛몰수":0,
            "1km이내대형먀트수":2,
            "500m이내은행수":0,
            "500m이내병원수":0,
            "5km이내대형병원수":1,
            "500m이내공원수":12,
            "3km이내혐오시설수":0,
            "초등학교학업성취도":90.0,
            "중학교학업성취도":78.3,
            "용적률":277,
            "건폐율":16,
            "Y":35.492501,
            "X":129.423064,
            "rank":5.0,
            "area_info":"28평(94.81), 28평(95.53), 28평(95.64), 34평(113.8), 34평(113.2), 34평(114.29), 34평(114.43), 40평(132.54), 40평(133.07)",
            "last_sales":"2022-01-14,50000.0,34평(113.8)",
            "rank_history":[
                [
                    "202202",
                    5
                ],
                [
                    "202201",
                    6
                ]
            ],
            "rank_gap":1
        },
        {
            "index":177,
            "아파트명":"전하대경넥스빌",
            "투자타입":"일반",
            "전용면적(m2)":"76.41",
            "전용면적(평)":"23평",
            "법정동주소":"울산시 동구 전하동 301-28",
            "도로명주소":"울산시 동구 바드래길 110",
            "세대수":80,
            "입주년차":40,
            "용적률점수":"--",
            "건폐율점수":"--",
            "세대당주차수":30,
            "난방방식":30,
            "공급면적":"--",
            "전용률":"--",
            "욕실수":50,
            "현관타입":100,
            "주거총점":58.5,
            "지역구공급총점":0.0,
            "역세권":"NA",
            "30분내 이동가능 거점":"NA",
            "1시간내 이동가능 거점":"NA",
            "교통총점":"NA",
            "백화점":100,
            "아울렛몰":0,
            "대형마트":0,
            "은행":0,
            "병원":0,
            "종합병원":80,
            "공원":100,
            "혐오시설":0,
            "인프라총점":49.0,
            "초등학군":89.99,
            "중학군":50.08,
            "학군총점":58.062,
            "인구수":16.9,
            "인구증감":-10.92,
            "인구총점":8.554,
            "일자리":9.51,
            "소득수준":80.44,
            "일자리총점":30.789,
            "가치 총점":54.5905,
            "매매실거래년":20220118.0,
            "매매실거래가":39000.0,
            "전세실거래년":20210503.0,
            "전세실거래가":18000.0,
            "전세가율":94.74,
            "장기전세가율평균":72.12,
            "전세가율거품지수":-22.62,
            "검색코드":101092,
            "세대수":794.0,
            "준공년월":"2004-05-20",
            "준공년차":19.0,
            "가까운역이름":"NA",
            "가까운역거리":"NA",
            "역세권여부":"NA",
            "30분이내주요거점역":"NA",
            "30분거점역이름":"NA",
            "1시간이내주요거점역":"NA",
            "1시간거점역이름":"NA",
            "3km이내백화점수":1,
            "5km이내아울렛몰수":0,
            "1km이내대형먀트수":0,
            "500m이내은행수":0,
            "500m이내병원수":0,
            "5km이내대형병원수":1,
            "500m이내공원수":16,
            "3km이내혐오시설수":0,
            "초등학교학업성취도":89.99,
            "중학교학업성취도":83.2,
            "용적률":349,
            "건폐율":20,
            "Y":35.517153,
            "X":129.425196,
            "rank":6.0,
            "area_info":"23평(76.41), 24평(80.86), 24평(82.16), 27평(91.68), 29평(96.29), 31평(105.07), 40평(135.53)",
            "last_sales":"2022-01-18,39000.0,40평(135.53)",
            "rank_history":[
                [
                    "202202",
                    6
                ],
                [
                    "202201",
                    7
                ]
            ],
            "rank_gap":1
        },
        {
            "index":154,
            "아파트명":"삼전아이필하모니",
            "투자타입":"일반",
            "전용면적(m2)":"112.5",
            "전용면적(평)":"34평",
            "법정동주소":"울산시 동구 전하동 682-1",
            "도로명주소":"울산시 동구 방어진순환도로 733",
            "세대수":0,
            "입주년차":40,
            "용적률점수":"--",
            "건폐율점수":"--",
            "세대당주차수":60,
            "난방방식":30,
            "공급면적":"--",
            "전용률":"--",
            "욕실수":100,
            "현관타입":100,
            "주거총점":40.0,
            "지역구공급총점":0.0,
            "역세권":"NA",
            "30분내 이동가능 거점":"NA",
            "1시간내 이동가능 거점":"NA",
            "교통총점":"NA",
            "백화점":100,
            "아울렛몰":0,
            "대형마트":80,
            "은행":20,
            "병원":0,
            "종합병원":80,
            "공원":100,
            "혐오시설":0,
            "인프라총점":63.0,
            "초등학군":89.99,
            "중학군":50.54,
            "학군총점":58.43,
            "인구수":16.9,
            "인구증감":-10.92,
            "인구총점":8.554,
            "일자리":9.51,
            "소득수준":80.44,
            "일자리총점":30.789,
            "가치 총점":53.8075,
            "매매실거래년":20220112.0,
            "매매실거래가":21000.0,
            "전세실거래년":20210907.0,
            "전세실거래가":17000.0,
            "전세가율":79.07,
            "장기전세가율평균":72.12,
            "전세가율거품지수":-6.95,
            "검색코드":100844,
            "세대수":157.0,
            "준공년월":"2006-01-17",
            "준공년차":17.0,
            "가까운역이름":"NA",
            "가까운역거리":"NA",
            "역세권여부":"NA",
            "30분이내주요거점역":"NA",
            "30분거점역이름":"NA",
            "1시간이내주요거점역":"NA",
            "1시간거점역이름":"NA",
            "3km이내백화점수":1,
            "5km이내아울렛몰수":0,
            "1km이내대형먀트수":1,
            "500m이내은행수":2,
            "500m이내병원수":0,
            "5km이내대형병원수":1,
            "500m이내공원수":8,
            "3km이내혐오시설수":0,
            "초등학교학업성취도":89.99,
            "중학교학업성취도":83.9,
            "용적률":532,
            "건폐율":75,
            "Y":35.507287,
            "X":129.429497,
            "rank":7.0,
            "area_info":"34평(112.5), 34평(113.67), 34평(113.01)",
            "last_sales":"2022-01-12,21000.0,34평(113.67)",
            "rank_history":[
                [
                    "202202",
                    7
                ],
                [
                    "202201",
                    5
                ]
            ],
            "rank_gap":-2
        },
        {
            "index":9,
            "아파트명":"동부현대패밀리",
            "투자타입":"일반",
            "전용면적(m2)":"68.51",
            "전용면적(평)":"20평",
            "법정동주소":"울산시 동구 동부동 150",
            "도로명주소":"울산시 동구 안산로 50",
            "세대수":100,
            "입주년차":0,
            "용적률점수":"--",
            "건폐율점수":"--",
            "세대당주차수":0,
            "난방방식":30,
            "공급면적":"--",
            "전용률":"--",
            "욕실수":50,
            "현관타입":100,
            "주거총점":53.0,
            "지역구공급총점":0.0,
            "역세권":"NA",
            "30분내 이동가능 거점":"NA",
            "1시간내 이동가능 거점":"NA",
            "교통총점":"NA",
            "백화점":100,
            "아울렛몰":0,
            "대형마트":0,
            "은행":0,
            "병원":0,
            "종합병원":80,
            "공원":100,
            "혐오시설":0,
            "인프라총점":49.0,
            "초등학군":90.0,
            "중학군":54.72,
            "학군총점":61.776,
            "인구수":16.9,
            "인구증감":-10.92,
            "인구총점":8.554,
            "일자리":9.51,
            "소득수준":80.44,
            "일자리총점":30.789,
            "가치 총점":53.594,
            "매매실거래년":20220124.0,
            "매매실거래가":11450.0,
            "전세실거래년":20220128.0,
            "전세실거래가":10500.0,
            "전세가율":91.7,
            "장기전세가율평균":72.12,
            "전세가율거품지수":-19.58,
            "검색코드":6202,
            "세대수":2110.0,
            "준공년월":"1993-12-10",
            "준공년차":30.0,
            "가까운역이름":"NA",
            "가까운역거리":"NA",
            "역세권여부":"NA",
            "30분이내주요거점역":"NA",
            "30분거점역이름":"NA",
            "1시간이내주요거점역":"NA",
            "1시간거점역이름":"NA",
            "3km이내백화점수":1,
            "5km이내아울렛몰수":0,
            "1km이내대형먀트수":0,
            "500m이내은행수":0,
            "500m이내병원수":0,
            "5km이내대형병원수":1,
            "500m이내공원수":6,
            "3km이내혐오시설수":0,
            "초등학교학업성취도":90.0,
            "중학교학업성취도":90.4,
            "용적률":224,
            "건폐율":18,
            "Y":35.542716,
            "X":129.431868,
            "rank":8.0,
            "area_info":"20평(68.51), 24평(81.1), 28평(92.94)",
            "last_sales":"2022-01-24,11450.0,20평(68.51)",
            "rank_history":[
                [
                    "202202",
                    8
                ],
                [
                    "202201",
                    8
                ]
            ],
            "rank_gap":0
        },
        {
            "index":105,
            "아파트명":"서부현대패밀리",
            "투자타입":"재건축",
            "전용면적(m2)":"68.07",
            "전용면적(평)":"20평",
            "법정동주소":"울산시 동구 서부동 257-4",
            "도로명주소":"울산시 동구 방어진순환도로 995",
            "세대수":100,
            "입주년차":"--",
            "용적률점수":0,
            "건폐율점수":100,
            "세대당주차수":"--",
            "난방방식":"--",
            "공급면적":50,
            "전용률":60,
            "욕실수":"--",
            "현관타입":"--",
            "주거총점":55.5,
            "지역구공급총점":0.0,
            "역세권":"NA",
            "30분내 이동가능 거점":"NA",
            "1시간내 이동가능 거점":"NA",
            "교통총점":"NA",
            "백화점":100,
            "아울렛몰":0,
            "대형마트":0,
            "은행":0,
            "병원":0,
            "종합병원":80,
            "공원":0,
            "혐오시설":0,
            "인프라총점":46.0,
            "초등학군":89.99,
            "중학군":54.72,
            "학군총점":61.774,
            "인구수":16.9,
            "인구증감":-10.92,
            "인구총점":8.554,
            "일자리":9.51,
            "소득수준":80.44,
            "일자리총점":30.789,
            "가치 총점":53.2685,
            "매매실거래년":20220117.0,
            "매매실거래가":10500.0,
            "전세실거래년":20220126.0,
            "전세실거래가":11000.0,
            "전세가율":104.76,
            "장기전세가율평균":72.12,
            "전세가율거품지수":-32.64,
            "검색코드":6249,
            "세대수":3027.0,
            "준공년월":"1992-06-19",
            "준공년차":31.0,
            "가까운역이름":"NA",
            "가까운역거리":"NA",
            "역세권여부":"NA",
            "30분이내주요거점역":"NA",
            "30분거점역이름":"NA",
            "1시간이내주요거점역":"NA",
            "1시간거점역이름":"NA",
            "3km이내백화점수":1,
            "5km이내아울렛몰수":0,
            "1km이내대형먀트수":0,
            "500m이내은행수":0,
            "500m이내병원수":0,
            "5km이내대형병원수":1,
            "500m이내공원수":0,
            "3km이내혐오시설수":0,
            "초등학교학업성취도":89.99,
            "중학교학업성취도":90.4,
            "용적률":256,
            "건폐율":19,
            "Y":35.528398,
            "X":129.430765,
            "rank":9.0,
            "area_info":"20평(68.07), 20평(68.07), 24평(81.68), 27평(92.54), 31평(102.77)",
            "last_sales":"2022-01-17,10500.0,20평(68.07)",
            "rank_history":[
                [
                    "202202",
                    9
                ],
                [
                    "202201",
                    9
                ]
            ],
            "rank_gap":0
        },
        {
            "index":59,
            "아파트명":"대왕암엘크루",
            "투자타입":"일반",
            "전용면적(m2)":"81.75",
            "전용면적(평)":"24평",
            "법정동주소":"울산시 동구 방어동 59-1",
            "도로명주소":"울산시 동구 등대4길 26",
            "세대수":80,
            "입주년차":80,
            "용적률점수":"--",
            "건폐율점수":"--",
            "세대당주차수":30,
            "난방방식":30,
            "공급면적":"--",
            "전용률":"--",
            "욕실수":100,
            "현관타입":100,
            "주거총점":71.5,
            "지역구공급총점":0.0,
            "역세권":"NA",
            "30분내 이동가능 거점":"NA",
            "1시간내 이동가능 거점":"NA",
            "교통총점":"NA",
            "백화점":0,
            "아울렛몰":0,
            "대형마트":80,
            "은행":0,
            "병원":0,
            "종합병원":80,
            "공원":100,
            "혐오시설":0,
            "인프라총점":31.0,
            "초등학군":90.01,
            "중학군":46.98,
            "학군총점":55.586,
            "인구수":16.9,
            "인구증감":-10.92,
            "인구총점":8.554,
            "일자리":9.51,
            "소득수준":80.44,
            "일자리총점":30.789,
            "가치 총점":51.3215,
            "매매실거래년":20211124.0,
            "매매실거래가":45000.0,
            "전세실거래년":20220123.0,
            "전세실거래가":17700.0,
            "전세가율":61.61,
            "장기전세가율평균":72.12,
            "전세가율거품지수":10.51,
            "검색코드":104050,
            "세대수":723.0,
            "준공년월":"2014-03-07",
            "준공년차":9.0,
            "가까운역이름":"NA",
            "가까운역거리":"NA",
            "역세권여부":"NA",
            "30분이내주요거점역":"NA",
            "30분거점역이름":"NA",
            "1시간이내주요거점역":"NA",
            "1시간거점역이름":"NA",
            "3km이내백화점수":0,
            "5km이내아울렛몰수":0,
            "1km이내대형먀트수":1,
            "500m이내은행수":0,
            "500m이내병원수":0,
            "5km이내대형병원수":1,
            "500m이내공원수":15,
            "3km이내혐오시설수":0,
            "초등학교학업성취도":90.01,
            "중학교학업성취도":78.3,
            "용적률":178,
            "건폐율":12,
            "Y":35.488612,
            "X":129.431018,
            "rank":10.0,
            "area_info":"24평(81.75), 24평(82.01), 24평(82.01), 30평(102.46), 30평(102.24), 30평(102.24), 35평(115.82), 35평(115.94), 35평(115.79), 35평(116.41), 35평(116.01), 35평(116.07)",
            "last_sales":"2021-11-24,45000.0,35평(116.01)",
            "rank_history":[
                [
                    "202202",
                    10
                ],
                [
                    "202201",
                    23
                ]
            ],
            "rank_gap":13
        },
        {
            "index":110,
            "아파트명":"서부현대패밀리2차",
            "투자타입":"일반",
            "전용면적(m2)":"66.21",
            "전용면적(평)":"20평",
            "법정동주소":"울산시 동구 서부동 257-30",
            "도로명주소":"울산시 동구 방어진순환도로 999",
            "세대수":90,
            "입주년차":0,
            "용적률점수":"--",
            "건폐율점수":"--",
            "세대당주차수":0,
            "난방방식":30,
            "공급면적":"--",
            "전용률":"--",
            "욕실수":50,
            "현관타입":100,
            "주거총점":49.5,
            "지역구공급총점":0.0,
            "역세권":"NA",
            "30분내 이동가능 거점":"NA",
            "1시간내 이동가능 거점":"NA",
            "교통총점":"NA",
            "백화점":100,
            "아울렛몰":0,
            "대형마트":0,
            "은행":0,
            "병원":0,
            "종합병원":80,
            "공원":0,
            "혐오시설":0,
            "인프라총점":46.0,
            "초등학군":89.99,
            "중학군":54.72,
            "학군총점":61.774,
            "인구수":16.9,
            "인구증감":-10.92,
            "인구총점":8.554,
            "일자리":9.51,
            "소득수준":80.44,
            "일자리총점":30.789,
            "가치 총점":51.1685,
            "매매실거래년":20220106.0,
            "매매실거래가":15000.0,
            "전세실거래년":20211210.0,
            "전세실거래가":7500.0,
            "전세가율":57.83,
            "장기전세가율평균":72.12,
            "전세가율거품지수":14.29,
            "검색코드":101082,
            "세대수":984.0,
            "준공년월":"1995-10-27",
            "준공년차":28.0,
            "가까운역이름":"NA",
            "가까운역거리":"NA",
            "역세권여부":"NA",
            "30분이내주요거점역":"NA",
            "30분거점역이름":"NA",
            "1시간이내주요거점역":"NA",
            "1시간거점역이름":"NA",
            "3km이내백화점수":1,
            "5km이내아울렛몰수":0,
            "1km이내대형먀트수":0,
            "500m이내은행수":0,
            "500m이내병원수":0,
            "5km이내대형병원수":1,
            "500m이내공원수":0,
            "3km이내혐오시설수":0,
            "초등학교학업성취도":89.99,
            "중학교학업성취도":90.4,
            "용적률":0,
            "건폐율":0,
            "Y":35.531149,
            "X":129.432082,
            "rank":11.0,
            "area_info":"20평(66.21), 20평(67.09), 24평(80.87), 32평(107.31), 32평(107.34)",
            "last_sales":"2022-01-06,15000.0,24평(80.87)",
            "rank_history":[
                [
                    "202202",
                    11
                ],
                [
                    "202201",
                    10
                ]
            ],
            "rank_gap":-1
        },
        {
            "index":175,
            "아파트명":"전하KCC스위첸",
            "투자타입":"일반",
            "전용면적(m2)":"100.29",
            "전용면적(평)":"30평",
            "법정동주소":"울산시 동구 전하동 778",
            "도로명주소":"울산시 동구 바드래1길 46",
            "세대수":0,
            "입주년차":100,
            "용적률점수":"--",
            "건폐율점수":"--",
            "세대당주차수":30,
            "난방방식":30,
            "공급면적":"--",
            "전용률":"--",
            "욕실수":100,
            "현관타입":100,
            "주거총점":47.5,
            "지역구공급총점":0.0,
            "역세권":"NA",
            "30분내 이동가능 거점":"NA",
            "1시간내 이동가능 거점":"NA",
            "교통총점":"NA",
            "백화점":100,
            "아울렛몰":0,
            "대형마트":0,
            "은행":0,
            "병원":0,
            "종합병원":80,
            "공원":100,
            "혐오시설":0,
            "인프라총점":49.0,
            "초등학군":89.99,
            "중학군":50.08,
            "학군총점":58.062,
            "인구수":16.9,
            "인구증감":-10.92,
            "인구총점":8.554,
            "일자리":9.51,
            "소득수준":80.44,
            "일자리총점":30.789,
            "가치 총점":50.7405,
            "매매실거래년":20220112.0,
            "매매실거래가":50000.0,
            "전세실거래년":20211215.0,
            "전세실거래가":38000.0,
            "전세가율":76.0,
            "장기전세가율평균":72.12,
            "전세가율거품지수":-3.88,
            "검색코드":119630,
            "세대수":210.0,
            "준공년월":"2020-02-01",
            "준공년차":3.0,
            "가까운역이름":"NA",
            "가까운역거리":"NA",
            "역세권여부":"NA",
            "30분이내주요거점역":"NA",
            "30분거점역이름":"NA",
            "1시간이내주요거점역":"NA",
            "1시간거점역이름":"NA",
            "3km이내백화점수":1,
            "5km이내아울렛몰수":0,
            "1km이내대형먀트수":0,
            "500m이내은행수":0,
            "500m이내병원수":0,
            "5km이내대형병원수":1,
            "500m이내공원수":8,
            "3km이내혐오시설수":0,
            "초등학교학업성취도":89.99,
            "중학교학업성취도":83.2,
            "용적률":199,
            "건폐율":14,
            "Y":35.517727,
            "X":129.428174,
            "rank":12.0,
            "area_info":"30평(100.29), 30평(100.34)",
            "last_sales":"2022-01-12,50000.0,30평(100.29)",
            "rank_history":[
                [
                    "202202",
                    12
                ],
                [
                    "202201",
                    13
                ]
            ],
            "rank_gap":1
        },
        {
            "index":193,
            "아파트명":"전하정림명가의아침",
            "투자타입":"일반",
            "전용면적(m2)":"116.97",
            "전용면적(평)":"35평",
            "법정동주소":"울산시 동구 전하동 449-6",
            "도로명주소":"울산시 동구 방어진순환도로 815",
            "세대수":0,
            "입주년차":60,
            "용적률점수":"--",
            "건폐율점수":"--",
            "세대당주차수":30,
            "난방방식":30,
            "공급면적":"--",
            "전용률":"--",
            "욕실수":100,
            "현관타입":100,
            "주거총점":39.5,
            "지역구공급총점":0.0,
            "역세권":"NA",
            "30분내 이동가능 거점":"NA",
            "1시간내 이동가능 거점":"NA",
            "교통총점":"NA",
            "백화점":100,
            "아울렛몰":0,
            "대형마트":0,
            "은행":20,
            "병원":0,
            "종합병원":80,
            "공원":100,
            "혐오시설":0,
            "인프라총점":51.0,
            "초등학군":89.99,
            "중학군":50.54,
            "학군총점":58.43,
            "인구수":16.9,
            "인구증감":-10.92,
            "인구총점":8.554,
            "일자리":9.51,
            "소득수준":80.44,
            "일자리총점":30.789,
            "가치 총점":48.8325,
            "매매실거래년":20210902.0,
            "매매실거래가":21500.0,
            "전세실거래년":20201110.0,
            "전세실거래가":18000.0,
            "전세가율":83.72,
            "장기전세가율평균":72.12,
            "전세가율거품지수":-11.6,
            "검색코드":111906,
            "세대수":105.0,
            "준공년월":"2012-08-07",
            "준공년차":11.0,
            "가까운역이름":"NA",
            "가까운역거리":"NA",
            "역세권여부":"NA",
            "30분이내주요거점역":"NA",
            "30분거점역이름":"NA",
            "1시간이내주요거점역":"NA",
            "1시간거점역이름":"NA",
            "3km이내백화점수":1,
            "5km이내아울렛몰수":0,
            "1km이내대형먀트수":0,
            "500m이내은행수":2,
            "500m이내병원수":0,
            "5km이내대형병원수":1,
            "500m이내공원수":4,
            "3km이내혐오시설수":0,
            "초등학교학업성취도":89.99,
            "중학교학업성취도":83.9,
            "용적률":658,
            "건폐율":67,
            "Y":35.514441,
            "X":129.431917,
            "rank":13.0,
            "area_info":"35평(116.97), 35평(117.54), 35평(117.37), 35평(118.46), 47평(156.15)",
            "last_sales":"2021-09-02,21500.0,35평(116.97)",
            "rank_history":[
                [
                    "202202",
                    13
                ],
                [
                    "202201",
                    11
                ]
            ],
            "rank_gap":-2
        },
        {
            "index":220,
            "아파트명":"대송현대1차",
            "투자타입":"재건축",
            "전용면적(m2)":"72.1",
            "전용면적(평)":"21평",
            "법정동주소":"울산시 동구 화정동 175",
            "도로명주소":"울산시 동구 대송1길 10",
            "세대수":80,
            "입주년차":"--",
            "용적률점수":0,
            "건폐율점수":0,
            "세대당주차수":"--",
            "난방방식":"--",
            "공급면적":50,
            "전용률":60,
            "욕실수":"--",
            "현관타입":"--",
            "주거총점":29.5,
            "지역구공급총점":0.0,
            "역세권":"NA",
            "30분내 이동가능 거점":"NA",
            "1시간내 이동가능 거점":"NA",
            "교통총점":"NA",
            "백화점":100,
            "아울렛몰":0,
            "대형마트":80,
            "은행":0,
            "병원":0,
            "종합병원":80,
            "공원":100,
            "혐오시설":0,
            "인프라총점":61.0,
            "초등학군":90.01,
            "중학군":46.98,
            "학군총점":55.586,
            "인구수":16.9,
            "인구증감":-10.92,
            "인구총점":8.554,
            "일자리":9.51,
            "소득수준":80.44,
            "일자리총점":30.789,
            "가치 총점":48.6215,
            "매매실거래년":20220120.0,
            "매매실거래가":13900.0,
            "전세실거래년":20211224.0,
            "전세실거래가":12000.0,
            "전세가율":86.33,
            "장기전세가율평균":72.12,
            "전세가율거품지수":-14.21,
            "검색코드":6272,
            "세대수":750.0,
            "준공년월":"1990-07-07",
            "준공년차":33.0,
            "가까운역이름":"NA",
            "가까운역거리":"NA",
            "역세권여부":"NA",
            "30분이내주요거점역":"NA",
            "30분거점역이름":"NA",
            "1시간이내주요거점역":"NA",
            "1시간거점역이름":"NA",
            "3km이내백화점수":1,
            "5km이내아울렛몰수":0,
            "1km이내대형먀트수":1,
            "500m이내은행수":1,
            "500m이내병원수":0,
            "5km이내대형병원수":1,
            "500m이내공원수":8,
            "3km이내혐오시설수":0,
            "초등학교학업성취도":90.01,
            "중학교학업성취도":78.3,
            "용적률":0,
            "건폐율":0,
            "Y":35.499456,
            "X":129.418657,
            "rank":14.0,
            "area_info":"21평(72.1), 24평(80.73)",
            "last_sales":"2022-01-20,13900.0,21평(72.1)",
            "rank_history":[
                [
                    "202202",
                    14
                ],
                [
                    "202201",
                    12
                ]
            ],
            "rank_gap":-2
        },
        {
            "index":228,
            "아파트명":"벽산우진타운",
            "투자타입":"일반",
            "전용면적(m2)":"79.43",
            "전용면적(평)":"24평",
            "법정동주소":"울산시 동구 화정동 240",
            "도로명주소":"울산시 동구 진성15길 55",
            "세대수":50,
            "입주년차":0,
            "용적률점수":"--",
            "건폐율점수":"--",
            "세대당주차수":30,
            "난방방식":30,
            "공급면적":"--",
            "전용률":"--",
            "욕실수":50,
            "현관타입":100,
            "주거총점":40.0,
            "지역구공급총점":0.0,
            "역세권":"NA",
            "30분내 이동가능 거점":"NA",
            "1시간내 이동가능 거점":"NA",
            "교통총점":"NA",
            "백화점":100,
            "아울렛몰":0,
            "대형마트":0,
            "은행":0,
            "병원":0,
            "종합병원":80,
            "공원":100,
            "혐오시설":0,
            "인프라총점":49.0,
            "초등학군":90.0,
            "중학군":52.42,
            "학군총점":59.936,
            "인구수":16.9,
            "인구증감":-10.92,
            "인구총점":8.554,
            "일자리":9.51,
            "소득수준":80.44,
            "일자리총점":30.789,
            "가치 총점":48.584,
            "매매실거래년":20211118.0,
            "매매실거래가":26000.0,
            "전세실거래년":20210629.0,
            "전세실거래가":13500.0,
            "전세가율":79.41,
            "장기전세가율평균":72.12,
            "전세가율거품지수":-7.29,
            "검색코드":6278,
            "세대수":413.0,
            "준공년월":"1998-07-11",
            "준공년차":25.0,
            "가까운역이름":"NA",
            "가까운역거리":"NA",
            "역세권여부":"NA",
            "30분이내주요거점역":"NA",
            "30분거점역이름":"NA",
            "1시간이내주요거점역":"NA",
            "1시간거점역이름":"NA",
            "3km이내백화점수":1,
            "5km이내아울렛몰수":0,
            "1km이내대형먀트수":0,
            "500m이내은행수":1,
            "500m이내병원수":0,
            "5km이내대형병원수":1,
            "500m이내공원수":10,
            "3km이내혐오시설수":0,
            "초등학교학업성취도":90.0,
            "중학교학업성취도":86.5,
            "용적률":303,
            "건폐율":29,
            "Y":35.506267,
            "X":129.420474,
            "rank":15.0,
            "area_info":"24평(79.43), 29평(98.52), 30평(99.87), 32평(106.81), 44평(147.53)",
            "last_sales":"2021-11-18,26000.0,32평(106.81)",
            "rank_history":[
                [
                    "202202",
                    15
                ],
                [
                    "202201",
                    15
                ]
            ],
            "rank_gap":0
        },
        {
            "index":200,
            "아파트명":"전하현대홈타운",
            "투자타입":"일반",
            "전용면적(m2)":"81.88",
            "전용면적(평)":"24평",
            "법정동주소":"울산시 동구 전하동 301-24",
            "도로명주소":"울산시 동구 봉수로 370",
            "세대수":50,
            "입주년차":20,
            "용적률점수":"--",
            "건폐율점수":"--",
            "세대당주차수":0,
            "난방방식":30,
            "공급면적":"--",
            "전용률":"--",
            "욕실수":50,
            "현관타입":100,
            "주거총점":39.5,
            "지역구공급총점":0.0,
            "역세권":"NA",
            "30분내 이동가능 거점":"NA",
            "1시간내 이동가능 거점":"NA",
            "교통총점":"NA",
            "백화점":100,
            "아울렛몰":0,
            "대형마트":0,
            "은행":0,
            "병원":0,
            "종합병원":80,
            "공원":100,
            "혐오시설":0,
            "인프라총점":49.0,
            "초등학군":89.99,
            "중학군":50.08,
            "학군총점":58.062,
            "인구수":16.9,
            "인구증감":-10.92,
            "인구총점":8.554,
            "일자리":9.51,
            "소득수준":80.44,
            "일자리총점":30.789,
            "가치 총점":47.9405,
            "매매실거래년":20220108.0,
            "매매실거래가":24000.0,
            "전세실거래년":20211201.0,
            "전세실거래가":19000.0,
            "전세가율":79.17,
            "장기전세가율평균":72.12,
            "전세가율거품지수":-7.05,
            "검색코드":14666,
            "세대수":601.0,
            "준공년월":"2002-04-20",
            "준공년차":21.0,
            "가까운역이름":"NA",
            "가까운역거리":"NA",
            "역세권여부":"NA",
            "30분이내주요거점역":"NA",
            "30분거점역이름":"NA",
            "1시간이내주요거점역":"NA",
            "1시간거점역이름":"NA",
            "3km이내백화점수":1,
            "5km이내아울렛몰수":0,
            "1km이내대형먀트수":0,
            "500m이내은행수":0,
            "500m이내병원수":0,
            "5km이내대형병원수":1,
            "500m이내공원수":8,
            "3km이내혐오시설수":0,
            "초등학교학업성취도":89.99,
            "중학교학업성취도":83.2,
            "용적률":386,
            "건폐율":26,
            "Y":35.518445,
            "X":129.42566,
            "rank":16.0,
            "area_info":"24평(81.88), 27평(92.32), 29평(98.26), 32평(106.88), 32평(107.69), 33평(111.51), 34평(112.67), 42평(139.71)",
            "last_sales":"2022-01-08,24000.0,24평(81.88)",
            "rank_history":[
                [
                    "202202",
                    16
                ],
                [
                    "202201",
                    19
                ]
            ],
            "rank_gap":3
        },
        {
            "index":198,
            "아파트명":"전하현대패밀리",
            "투자타입":"일반",
            "전용면적(m2)":"77.18",
            "전용면적(평)":"23평",
            "법정동주소":"울산시 동구 전하동 549-14",
            "도로명주소":"울산시 동구 녹수11길 50",
            "세대수":50,
            "입주년차":0,
            "용적률점수":"--",
            "건폐율점수":"--",
            "세대당주차수":0,
            "난방방식":30,
            "공급면적":"--",
            "전용률":"--",
            "욕실수":50,
            "현관타입":100,
            "주거총점":35.5,
            "지역구공급총점":0.0,
            "역세권":"NA",
            "30분내 이동가능 거점":"NA",
            "1시간내 이동가능 거점":"NA",
            "교통총점":"NA",
            "백화점":100,
            "아울렛몰":0,
            "대형마트":0,
            "은행":0,
            "병원":0,
            "종합병원":80,
            "공원":100,
            "혐오시설":0,
            "인프라총점":49.0,
            "초등학군":89.99,
            "중학군":50.08,
            "학군총점":58.062,
            "인구수":16.9,
            "인구증감":-10.92,
            "인구총점":8.554,
            "일자리":9.51,
            "소득수준":80.44,
            "일자리총점":30.789,
            "가치 총점":46.5405,
            "매매실거래년":20211214.0,
            "매매실거래가":22300.0,
            "전세실거래년":20220127.0,
            "전세실거래가":17000.0,
            "전세가율":76.23,
            "장기전세가율평균":72.12,
            "전세가율거품지수":-4.11,
            "검색코드":14659,
            "세대수":498.0,
            "준공년월":"1997-05-24",
            "준공년차":26.0,
            "가까운역이름":"NA",
            "가까운역거리":"NA",
            "역세권여부":"NA",
            "30분이내주요거점역":"NA",
            "30분거점역이름":"NA",
            "1시간이내주요거점역":"NA",
            "1시간거점역이름":"NA",
            "3km이내백화점수":1,
            "5km이내아울렛몰수":0,
            "1km이내대형먀트수":0,
            "500m이내은행수":1,
            "500m이내병원수":0,
            "5km이내대형병원수":1,
            "500m이내공원수":16,
            "3km이내혐오시설수":0,
            "초등학교학업성취도":89.99,
            "중학교학업성취도":83.2,
            "용적률":178,
            "건폐율":18,
            "Y":35.515602,
            "X":129.426812,
            "rank":17.0,
            "area_info":"23평(77.18), 23평(77.21)",
            "last_sales":"2021-12-14,22300.0,23평(77.18)",
            "rank_history":[
                [
                    "202202",
                    17
                ],
                [
                    "202201",
                    14
                ]
            ],
            "rank_gap":-3
        },
        {
            "index":126,
            "아파트명":"현대패밀리명덕2차",
            "투자타입":"일반",
            "전용면적(m2)":"67.3",
            "전용면적(평)":"20평",
            "법정동주소":"울산시 동구 서부동 238-27",
            "도로명주소":"울산시 동구 명덕로 70",
            "세대수":50,
            "입주년차":0,
            "용적률점수":"--",
            "건폐율점수":"--",
            "세대당주차수":0,
            "난방방식":30,
            "공급면적":"--",
            "전용률":"--",
            "욕실수":50,
            "현관타입":100,
            "주거총점":35.5,
            "지역구공급총점":0.0,
            "역세권":"NA",
            "30분내 이동가능 거점":"NA",
            "1시간내 이동가능 거점":"NA",
            "교통총점":"NA",
            "백화점":100,
            "아울렛몰":0,
            "대형마트":0,
            "은행":0,
            "병원":0,
            "종합병원":80,
            "공원":100,
            "혐오시설":0,
            "인프라총점":49.0,
            "초등학군":89.99,
            "중학군":50.08,
            "학군총점":58.062,
            "인구수":16.9,
            "인구증감":-10.92,
            "인구총점":8.554,
            "일자리":9.51,
            "소득수준":80.44,
            "일자리총점":30.789,
            "가치 총점":46.5405,
            "매매실거래년":20211206.0,
            "매매실거래가":17000.0,
            "전세실거래년":20211119.0,
            "전세실거래가":10000.0,
            "전세가율":65.57,
            "장기전세가율평균":72.12,
            "전세가율거품지수":6.55,
            "검색코드":14655,
            "세대수":484.0,
            "준공년월":"1995-02-17",
            "준공년차":28.0,
            "가까운역이름":"NA",
            "가까운역거리":"NA",
            "역세권여부":"NA",
            "30분이내주요거점역":"NA",
            "30분거점역이름":"NA",
            "1시간이내주요거점역":"NA",
            "1시간거점역이름":"NA",
            "3km이내백화점수":1,
            "5km이내아울렛몰수":0,
            "1km이내대형먀트수":0,
            "500m이내은행수":1,
            "500m이내병원수":0,
            "5km이내대형병원수":1,
            "500m이내공원수":2,
            "3km이내혐오시설수":0,
            "초등학교학업성취도":89.99,
            "중학교학업성취도":83.2,
            "용적률":236,
            "건폐율":20,
            "Y":35.524067,
            "X":129.42662,
            "rank":17.0,
            "area_info":"20평(67.3), 20평(67.34), 20평(68.52), 24평(82.19)",
            "last_sales":"2021-12-06,17000.0,24평(82.19)",
            "rank_history":[
                [
                    "202202",
                    17
                ],
                [
                    "202201",
                    22
                ]
            ],
            "rank_gap":5
        },
        {
            "index":71,
            "아파트명":"동구미소지움",
            "투자타입":"일반",
            "전용면적(m2)":"81.77",
            "전용면적(평)":"24평",
            "법정동주소":"울산시 동구 방어동 929-7",
            "도로명주소":"울산시 동구 방어진순환도로 470",
            "세대수":0,
            "입주년차":100,
            "용적률점수":"--",
            "건폐율점수":"--",
            "세대당주차수":60,
            "난방방식":30,
            "공급면적":"--",
            "전용률":"--",
            "욕실수":100,
            "현관타입":100,
            "주거총점":52.0,
            "지역구공급총점":0.0,
            "역세권":"NA",
            "30분내 이동가능 거점":"NA",
            "1시간내 이동가능 거점":"NA",
            "교통총점":"NA",
            "백화점":0,
            "아울렛몰":0,
            "대형마트":80,
            "은행":0,
            "병원":0,
            "종합병원":80,
            "공원":100,
            "혐오시설":0,
            "인프라총점":31.0,
            "초등학군":89.98,
            "중학군":54.78,
            "학군총점":61.82,
            "인구수":16.9,
            "인구증감":-10.92,
            "인구총점":8.554,
            "일자리":9.51,
            "소득수준":80.44,
            "일자리총점":30.789,
            "가치 총점":46.055,
            "매매실거래년":20211228.0,
            "매매실거래가":27000.0,
            "전세실거래년":20211113.0,
            "전세실거래가":23000.0,
            "전세가율":85.19,
            "장기전세가율평균":72.12,
            "전세가율거품지수":-13.07,
            "검색코드":117040,
            "세대수":162.0,
            "준공년월":"2020-02-01",
            "준공년차":3.0,
            "가까운역이름":"NA",
            "가까운역거리":"NA",
            "역세권여부":"NA",
            "30분이내주요거점역":"NA",
            "30분거점역이름":"NA",
            "1시간이내주요거점역":"NA",
            "1시간거점역이름":"NA",
            "3km이내백화점수":0,
            "5km이내아울렛몰수":0,
            "1km이내대형먀트수":1,
            "500m이내은행수":0,
            "500m이내병원수":0,
            "5km이내대형병원수":1,
            "500m이내공원수":8,
            "3km이내혐오시설수":0,
            "초등학교학업성취도":89.98,
            "중학교학업성취도":90.3,
            "용적률":0,
            "건폐율":0,
            "Y":35.486916,
            "X":129.418943,
            "rank":18.0,
            "area_info":"24평(81.77), 24평(82.32), 25평(83.22)",
            "last_sales":"2021-12-28,27000.0,24평(81.77)",
            "rank_history":[
                [
                    "202202",
                    18
                ],
                [
                    "202201",
                    33
                ]
            ],
            "rank_gap":15
        },
        {
            "index":222,
            "아파트명":"대송현대2차",
            "투자타입":"재건축",
            "전용면적(m2)":"71.86",
            "전용면적(평)":"21평",
            "법정동주소":"울산시 동구 화정동 161-1",
            "도로명주소":"울산시 동구 대송3길 10",
            "세대수":50,
            "입주년차":"--",
            "용적률점수":0,
            "건폐율점수":0,
            "세대당주차수":"--",
            "난방방식":"--",
            "공급면적":50,
            "전용률":60,
            "욕실수":"--",
            "현관타입":"--",
            "주거총점":20.5,
            "지역구공급총점":0.0,
            "역세권":"NA",
            "30분내 이동가능 거점":"NA",
            "1시간내 이동가능 거점":"NA",
            "교통총점":"NA",
            "백화점":100,
            "아울렛몰":0,
            "대형마트":80,
            "은행":20,
            "병원":0,
            "종합병원":80,
            "공원":100,
            "혐오시설":0,
            "인프라총점":63.0,
            "초등학군":90.0,
            "중학군":45.12,
            "학군총점":54.096,
            "인구수":16.9,
            "인구증감":-10.92,
            "인구총점":8.554,
            "일자리":9.51,
            "소득수준":80.44,
            "일자리총점":30.789,
            "가치 총점":45.899,
            "매매실거래년":20220118.0,
            "매매실거래가":12750.0,
            "전세실거래년":20211031.0,
            "전세실거래가":12000.0,
            "전세가율":94.12,
            "장기전세가율평균":72.12,
            "전세가율거품지수":-22.0,
            "검색코드":14674,
            "세대수":627.0,
            "준공년월":"1991-09-20",
            "준공년차":32.0,
            "가까운역이름":"NA",
            "가까운역거리":"NA",
            "역세권여부":"NA",
            "30분이내주요거점역":"NA",
            "30분거점역이름":"NA",
            "1시간이내주요거점역":"NA",
            "1시간거점역이름":"NA",
            "3km이내백화점수":1,
            "5km이내아울렛몰수":0,
            "1km이내대형먀트수":1,
            "500m이내은행수":2,
            "500m이내병원수":0,
            "5km이내대형병원수":1,
            "500m이내공원수":8,
            "3km이내혐오시설수":0,
            "초등학교학업성취도":90.0,
            "중학교학업성취도":74.8,
            "용적률":0,
            "건폐율":0,
            "Y":35.501062,
            "X":129.417748,
            "rank":19.0,
            "area_info":"21평(71.86), 24평(81.24)",
            "last_sales":"2022-01-18,12750.0,21평(71.86)",
            "rank_history":[
                [
                    "202202",
                    19
                ],
                [
                    "202201",
                    16
                ]
            ],
            "rank_gap":-3
        },
        {
            "index":124,
            "아파트명":"현대패밀리명덕1차",
            "투자타입":"재건축",
            "전용면적(m2)":"84.56",
            "전용면적(평)":"25평",
            "법정동주소":"울산시 동구 서부동 238-29",
            "도로명주소":"울산시 동구 명덕로 30",
            "세대수":90,
            "입주년차":"--",
            "용적률점수":0,
            "건폐율점수":0,
            "세대당주차수":"--",
            "난방방식":"--",
            "공급면적":70,
            "전용률":60,
            "욕실수":"--",
            "현관타입":"--",
            "주거총점":33.5,
            "지역구공급총점":0.0,
            "역세권":"NA",
            "30분내 이동가능 거점":"NA",
            "1시간내 이동가능 거점":"NA",
            "교통총점":"NA",
            "백화점":100,
            "아울렛몰":0,
            "대형마트":0,
            "은행":0,
            "병원":0,
            "종합병원":80,
            "공원":100,
            "혐오시설":0,
            "인프라총점":49.0,
            "초등학군":89.99,
            "중학군":50.08,
            "학군총점":58.062,
            "인구수":16.9,
            "인구증감":-10.92,
            "인구총점":8.554,
            "일자리":9.51,
            "소득수준":80.44,
            "일자리총점":30.789,
            "가치 총점":45.8405,
            "매매실거래년":20220108.0,
            "매매실거래가":16600.0,
            "전세실거래년":20220110.0,
            "전세실거래가":12000.0,
            "전세가율":72.29,
            "장기전세가율평균":72.12,
            "전세가율거품지수":-0.17,
            "검색코드":14653,
            "세대수":1206.0,
            "준공년월":"1992-01-20",
            "준공년차":31.0,
            "가까운역이름":"NA",
            "가까운역거리":"NA",
            "역세권여부":"NA",
            "30분이내주요거점역":"NA",
            "30분거점역이름":"NA",
            "1시간이내주요거점역":"NA",
            "1시간거점역이름":"NA",
            "3km이내백화점수":1,
            "5km이내아울렛몰수":0,
            "1km이내대형먀트수":0,
            "500m이내은행수":1,
            "500m이내병원수":0,
            "5km이내대형병원수":1,
            "500m이내공원수":2,
            "3km이내혐오시설수":0,
            "초등학교학업성취도":89.99,
            "중학교학업성취도":83.2,
            "용적률":0,
            "건폐율":0,
            "Y":35.523358,
            "X":129.427853,
            "rank":20.0,
            "area_info":"25평(84.56), 27평(91.64)",
            "last_sales":"2022-01-08,16600.0,25평(84.56)",
            "rank_history":[
                [
                    "202202",
                    20
                ],
                [
                    "202201",
                    17
                ]
            ],
            "rank_gap":-3
        },
        {
            "index":240,
            "아파트명":"현대1차(파라다이스)",
            "투자타입":"재건축",
            "전용면적(m2)":"60.28",
            "전용면적(평)":"18평",
            "법정동주소":"울산시 동구 화정동 851",
            "도로명주소":"울산시 동구 봉수로 110",
            "세대수":50,
            "입주년차":"--",
            "용적률점수":0,
            "건폐율점수":0,
            "세대당주차수":"--",
            "난방방식":"--",
            "공급면적":50,
            "전용률":60,
            "욕실수":"--",
            "현관타입":"--",
            "주거총점":20.5,
            "지역구공급총점":0.0,
            "역세권":"NA",
            "30분내 이동가능 거점":"NA",
            "1시간내 이동가능 거점":"NA",
            "교통총점":"NA",
            "백화점":100,
            "아울렛몰":0,
            "대형마트":80,
            "은행":0,
            "병원":0,
            "종합병원":80,
            "공원":100,
            "혐오시설":0,
            "인프라총점":61.0,
            "초등학군":90.01,
            "중학군":46.98,
            "학군총점":55.586,
            "인구수":16.9,
            "인구증감":-10.92,
            "인구총점":8.554,
            "일자리":9.51,
            "소득수준":80.44,
            "일자리총점":30.789,
            "가치 총점":45.4715,
            "매매실거래년":20211014.0,
            "매매실거래가":17400.0,
            "전세실거래년":20211029.0,
            "전세실거래가":8000.0,
            "전세가율":105.26,
            "장기전세가율평균":72.12,
            "전세가율거품지수":-33.14,
            "검색코드":6284,
            "세대수":518.0,
            "준공년월":"1992-06-17",
            "준공년차":31.0,
            "가까운역이름":"NA",
            "가까운역거리":"NA",
            "역세권여부":"NA",
            "30분이내주요거점역":"NA",
            "30분거점역이름":"NA",
            "1시간이내주요거점역":"NA",
            "1시간거점역이름":"NA",
            "3km이내백화점수":1,
            "5km이내아울렛몰수":0,
            "1km이내대형먀트수":1,
            "500m이내은행수":1,
            "500m이내병원수":0,
            "5km이내대형병원수":1,
            "500m이내공원수":4,
            "3km이내혐오시설수":0,
            "초등학교학업성취도":90.01,
            "중학교학업성취도":78.3,
            "용적률":0,
            "건폐율":0,
            "Y":35.497593,
            "X":129.418436,
            "rank":21.0,
            "area_info":"18평(60.28), 22평(73.17), 23평(76.92), 25평(85.43), 30평(102.24)",
            "last_sales":"2021-10-14,17400.0,30평(102.24)",
            "rank_history":[
                [
                    "202202",
                    21
                ],
                [
                    "202201",
                    20
                ]
            ],
            "rank_gap":-1
        },
        {
            "index":246,
            "아파트명":"현대3차",
            "투자타입":"일반",
            "전용면적(m2)":"80.03",
            "전용면적(평)":"24평",
            "법정동주소":"울산시 동구 화정동 851-3",
            "도로명주소":"울산시 동구 봉수로 100",
            "세대수":30,
            "입주년차":0,
            "용적률점수":"--",
            "건폐율점수":"--",
            "세대당주차수":0,
            "난방방식":30,
            "공급면적":"--",
            "전용률":"--",
            "욕실수":50,
            "현관타입":10,
            "주거총점":19.5,
            "지역구공급총점":0.0,
            "역세권":"NA",
            "30분내 이동가능 거점":"NA",
            "1시간내 이동가능 거점":"NA",
            "교통총점":"NA",
            "백화점":100,
            "아울렛몰":0,
            "대형마트":80,
            "은행":0,
            "병원":0,
            "종합병원":80,
            "공원":100,
            "혐오시설":0,
            "인프라총점":61.0,
            "초등학군":90.01,
            "중학군":46.98,
            "학군총점":55.586,
            "인구수":16.9,
            "인구증감":-10.92,
            "인구총점":8.554,
            "일자리":9.51,
            "소득수준":80.44,
            "일자리총점":30.789,
            "가치 총점":45.1215,
            "매매실거래년":20220114.0,
            "매매실거래가":14000.0,
            "전세실거래년":20220114.0,
            "전세실거래가":13000.0,
            "전세가율":92.86,
            "장기전세가율평균":72.12,
            "전세가율거품지수":-20.74,
            "검색코드":14680,
            "세대수":330.0,
            "준공년월":"1993-02-05",
            "준공년차":30.0,
            "가까운역이름":"NA",
            "가까운역거리":"NA",
            "역세권여부":"NA",
            "30분이내주요거점역":"NA",
            "30분거점역이름":"NA",
            "1시간이내주요거점역":"NA",
            "1시간거점역이름":"NA",
            "3km이내백화점수":1,
            "5km이내아울렛몰수":0,
            "1km이내대형먀트수":1,
            "500m이내은행수":1,
            "500m이내병원수":0,
            "5km이내대형병원수":1,
            "500m이내공원수":7,
            "3km이내혐오시설수":0,
            "초등학교학업성취도":90.01,
            "중학교학업성취도":78.3,
            "용적률":288,
            "건폐율":23,
            "Y":35.496794,
            "X":129.41969,
            "rank":22.0,
            "area_info":"24평(80.03), 26평(88.97), 31평(102.49)",
            "last_sales":"2022-01-14,14000.0,26평(88.97)",
            "rank_history":[
                [
                    "202202",
                    22
                ],
                [
                    "202201",
                    21
                ]
            ],
            "rank_gap":-1
        },
        {
            "index":208,
            "아파트명":"한라한빛타운",
            "투자타입":"일반",
            "전용면적(m2)":"79.79",
            "전용면적(평)":"24평",
            "법정동주소":"울산시 동구 전하동 618",
            "도로명주소":"울산시 동구 전하로 35",
            "세대수":0,
            "입주년차":0,
            "용적률점수":"--",
            "건폐율점수":"--",
            "세대당주차수":30,
            "난방방식":30,
            "공급면적":"--",
            "전용률":"--",
            "욕실수":50,
            "현관타입":100,
            "주거총점":22.5,
            "지역구공급총점":0.0,
            "역세권":"NA",
            "30분내 이동가능 거점":"NA",
            "1시간내 이동가능 거점":"NA",
            "교통총점":"NA",
            "백화점":100,
            "아울렛몰":0,
            "대형마트":0,
            "은행":70,
            "병원":0,
            "종합병원":80,
            "공원":100,
            "혐오시설":0,
            "인프라총점":56.0,
            "초등학군":89.99,
            "중학군":50.54,
            "학군총점":58.43,
            "인구수":16.9,
            "인구증감":-10.92,
            "인구총점":8.554,
            "일자리":9.51,
            "소득수준":80.44,
            "일자리총점":30.789,
            "가치 총점":44.8825,
            "매매실거래년":20220121.0,
            "매매실거래가":18500.0,
            "전세실거래년":20220117.0,
            "전세실거래가":14100.0,
            "전세가율":76.22,
            "장기전세가율평균":72.12,
            "전세가율거품지수":-4.1,
            "검색코드":14663,
            "세대수":270.0,
            "준공년월":"1998-06-29",
            "준공년차":25.0,
            "가까운역이름":"NA",
            "가까운역거리":"NA",
            "역세권여부":"NA",
            "30분이내주요거점역":"NA",
            "30분거점역이름":"NA",
            "1시간이내주요거점역":"NA",
            "1시간거점역이름":"NA",
            "3km이내백화점수":1,
            "5km이내아울렛몰수":0,
            "1km이내대형먀트수":0,
            "500m이내은행수":3,
            "500m이내병원수":0,
            "5km이내대형병원수":1,
            "500m이내공원수":16,
            "3km이내혐오시설수":0,
            "초등학교학업성취도":89.99,
            "중학교학업성취도":83.9,
            "용적률":270,
            "건폐율":28,
            "Y":35.512228,
            "X":129.427072,
            "rank":23.0,
            "area_info":"24평(79.79), 32평(106.68), 32평(108.3)",
            "last_sales":"2022-01-21,18500.0,24평(79.79)",
            "rank_history":[
                [
                    "202202",
                    23
                ],
                [
                    "202201",
                    18
                ]
            ],
            "rank_gap":-5
        },
        {
            "index":121,
            "아파트명":"한아름현대",
            "투자타입":"일반",
            "전용면적(m2)":"73.94",
            "전용면적(평)":"22평",
            "법정동주소":"울산시 동구 서부동 284-1",
            "도로명주소":"울산시 동구 방어진순환도로 1045",
            "세대수":30,
            "입주년차":0,
            "용적률점수":"--",
            "건폐율점수":"--",
            "세대당주차수":0,
            "난방방식":30,
            "공급면적":"--",
            "전용률":"--",
            "욕실수":50,
            "현관타입":100,
            "주거총점":28.5,
            "지역구공급총점":0.0,
            "역세권":"NA",
            "30분내 이동가능 거점":"NA",
            "1시간내 이동가능 거점":"NA",
            "교통총점":"NA",
            "백화점":100,
            "아울렛몰":0,
            "대형마트":0,
            "은행":0,
            "병원":0,
            "종합병원":80,
            "공원":0,
            "혐오시설":0,
            "인프라총점":46.0,
            "초등학군":89.99,
            "중학군":54.72,
            "학군총점":61.774,
            "인구수":16.9,
            "인구증감":-10.92,
            "인구총점":8.554,
            "일자리":9.51,
            "소득수준":80.44,
            "일자리총점":30.789,
            "가치 총점":43.8185,
            "매매실거래년":20211222.0,
            "매매실거래가":13000.0,
            "전세실거래년":20210915.0,
            "전세실거래가":7500.0,
            "전세가율":78.95,
            "장기전세가율평균":72.12,
            "전세가율거품지수":-6.83,
            "검색코드":6242,
            "세대수":360.0,
            "준공년월":"1993-08-07",
            "준공년차":30.0,
            "가까운역이름":"NA",
            "가까운역거리":"NA",
            "역세권여부":"NA",
            "30분이내주요거점역":"NA",
            "30분거점역이름":"NA",
            "1시간이내주요거점역":"NA",
            "1시간거점역이름":"NA",
            "3km이내백화점수":1,
            "5km이내아울렛몰수":0,
            "1km이내대형먀트수":0,
            "500m이내은행수":0,
            "500m이내병원수":0,
            "5km이내대형병원수":1,
            "500m이내공원수":0,
            "3km이내혐오시설수":0,
            "초등학교학업성취도":89.99,
            "중학교학업성취도":90.4,
            "용적률":227,
            "건폐율":20,
            "Y":35.534285,
            "X":129.430616,
            "rank":24.0,
            "area_info":"22평(73.94), 26평(88.82), 30평(102.27)",
            "last_sales":"2021-12-22,13000.0,26평(88.82)",
            "rank_history":[
                [
                    "202202",
                    24
                ],
                [
                    "202201",
                    26
                ]
            ],
            "rank_gap":2
        },
        {
            "index":151,
            "아파트명":"삼전아이필",
            "투자타입":"일반",
            "전용면적(m2)":"76.62",
            "전용면적(평)":"23평",
            "법정동주소":"울산시 동구 전하동 301-32",
            "도로명주소":"울산시 동구 바드래길 125",
            "세대수":0,
            "입주년차":20,
            "용적률점수":"--",
            "건폐율점수":"--",
            "세대당주차수":30,
            "난방방식":30,
            "공급면적":"--",
            "전용률":"--",
            "욕실수":50,
            "현관타입":100,
            "주거총점":26.5,
            "지역구공급총점":0.0,
            "역세권":"NA",
            "30분내 이동가능 거점":"NA",
            "1시간내 이동가능 거점":"NA",
            "교통총점":"NA",
            "백화점":100,
            "아울렛몰":0,
            "대형마트":0,
            "은행":0,
            "병원":0,
            "종합병원":80,
            "공원":100,
            "혐오시설":0,
            "인프라총점":49.0,
            "초등학군":89.99,
            "중학군":50.08,
            "학군총점":58.062,
            "인구수":16.9,
            "인구증감":-10.92,
            "인구총점":8.554,
            "일자리":9.51,
            "소득수준":80.44,
            "일자리총점":30.789,
            "가치 총점":43.3905,
            "매매실거래년":20211130.0,
            "매매실거래가":27000.0,
            "전세실거래년":null,
            "전세실거래가":null,
            "전세가율":null,
            "장기전세가율평균":72.12,
            "전세가율거품지수":null,
            "검색코드":100843,
            "세대수":250.0,
            "준공년월":"2002-12-27",
            "준공년차":21.0,
            "가까운역이름":"NA",
            "가까운역거리":"NA",
            "역세권여부":"NA",
            "30분이내주요거점역":"NA",
            "30분거점역이름":"NA",
            "1시간이내주요거점역":"NA",
            "1시간거점역이름":"NA",
            "3km이내백화점수":1,
            "5km이내아울렛몰수":0,
            "1km이내대형먀트수":0,
            "500m이내은행수":0,
            "500m이내병원수":0,
            "5km이내대형병원수":1,
            "500m이내공원수":16,
            "3km이내혐오시설수":0,
            "초등학교학업성취도":89.99,
            "중학교학업성취도":83.2,
            "용적률":0,
            "건폐율":0,
            "Y":35.515678,
            "X":129.424928,
            "rank":25.0,
            "area_info":"23평(76.62), 28평(94.55), 32평(107.8)",
            "last_sales":"2021-11-30,27000.0,32평(107.8)",
            "rank_history":[
                [
                    "202202",
                    25
                ],
                [
                    "202201",
                    25
                ]
            ],
            "rank_gap":0
        },
        {
            "index":16,
            "아파트명":"벽산유토피아",
            "투자타입":"일반",
            "전용면적(m2)":"83.9",
            "전용면적(평)":"25평",
            "법정동주소":"울산시 동구 동부동 421",
            "도로명주소":"울산시 동구 옥류로 92",
            "세대수":30,
            "입주년차":0,
            "용적률점수":"--",
            "건폐율점수":"--",
            "세대당주차수":0,
            "난방방식":30,
            "공급면적":"--",
            "전용률":"--",
            "욕실수":50,
            "현관타입":50,
            "주거총점":23.5,
            "지역구공급총점":0.0,
            "역세권":"NA",
            "30분내 이동가능 거점":"NA",
            "1시간내 이동가능 거점":"NA",
            "교통총점":"NA",
            "백화점":100,
            "아울렛몰":0,
            "대형마트":0,
            "은행":0,
            "병원":0,
            "종합병원":80,
            "공원":100,
            "혐오시설":0,
            "인프라총점":49.0,
            "초등학군":90.0,
            "중학군":53.9,
            "학군총점":61.12,
            "인구수":16.9,
            "인구증감":-10.92,
            "인구총점":8.554,
            "일자리":9.51,
            "소득수준":80.44,
            "일자리총점":30.789,
            "가치 총점":43.105,
            "매매실거래년":20211222.0,
            "매매실거래가":14300.0,
            "전세실거래년":20211120.0,
            "전세실거래가":8000.0,
            "전세가율":70.18,
            "장기전세가율평균":72.12,
            "전세가율거품지수":1.94,
            "검색코드":6176,
            "세대수":392.0,
            "준공년월":"1993-11-24",
            "준공년차":30.0,
            "가까운역이름":"NA",
            "가까운역거리":"NA",
            "역세권여부":"NA",
            "30분이내주요거점역":"NA",
            "30분거점역이름":"NA",
            "1시간이내주요거점역":"NA",
            "1시간거점역이름":"NA",
            "3km이내백화점수":1,
            "5km이내아울렛몰수":0,
            "1km이내대형먀트수":0,
            "500m이내은행수":0,
            "500m이내병원수":0,
            "5km이내대형병원수":1,
            "500m이내공원수":12,
            "3km이내혐오시설수":0,
            "초등학교학업성취도":90.0,
            "중학교학업성취도":89.1,
            "용적률":285,
            "건폐율":23,
            "Y":35.546938,
            "X":129.426153,
            "rank":26.0,
            "area_info":"25평(83.9), 28평(94.63), 29평(97.25)",
            "last_sales":"2021-12-22,14300.0,29평(97.25)",
            "rank_history":[
                [
                    "202202",
                    26
                ],
                [
                    "202201",
                    28
                ]
            ],
            "rank_gap":2
        },
        {
            "index":76,
            "아파트명":"센트럴오션파크",
            "투자타입":"일반",
            "전용면적(m2)":"115.43",
            "전용면적(평)":"34평",
            "법정동주소":"울산시 동구 방어동 376-10",
            "도로명주소":"울산시 동구 내진4길 11",
            "세대수":0,
            "입주년차":80,
            "용적률점수":"--",
            "건폐율점수":"--",
            "세대당주차수":30,
            "난방방식":30,
            "공급면적":"--",
            "전용률":"--",
            "욕실수":100,
            "현관타입":100,
            "주거총점":43.5,
            "지역구공급총점":0.0,
            "역세권":"NA",
            "30분내 이동가능 거점":"NA",
            "1시간내 이동가능 거점":"NA",
            "교통총점":"NA",
            "백화점":0,
            "아울렛몰":0,
            "대형마트":80,
            "은행":0,
            "병원":0,
            "종합병원":80,
            "공원":100,
            "혐오시설":0,
            "인프라총점":31.0,
            "초등학군":90.01,
            "중학군":54.78,
            "학군총점":61.826,
            "인구수":16.9,
            "인구증감":-10.92,
            "인구총점":8.554,
            "일자리":9.51,
            "소득수준":80.44,
            "일자리총점":30.789,
            "가치 총점":43.0815,
            "매매실거래년":20220114.0,
            "매매실거래가":29200.0,
            "전세실거래년":20210402.0,
            "전세실거래가":20000.0,
            "전세가율":68.49,
            "장기전세가율평균":72.12,
            "전세가율거품지수":3.63,
            "검색코드":120304,
            "세대수":112.0,
            "준공년월":"2018-02-14",
            "준공년차":5.0,
            "가까운역이름":"NA",
            "가까운역거리":"NA",
            "역세권여부":"NA",
            "30분이내주요거점역":"NA",
            "30분거점역이름":"NA",
            "1시간이내주요거점역":"NA",
            "1시간거점역이름":"NA",
            "3km이내백화점수":0,
            "5km이내아울렛몰수":0,
            "1km이내대형먀트수":1,
            "500m이내은행수":0,
            "500m이내병원수":0,
            "5km이내대형병원수":1,
            "500m이내공원수":8,
            "3km이내혐오시설수":0,
            "초등학교학업성취도":90.01,
            "중학교학업성취도":90.3,
            "용적률":599,
            "건폐율":51,
            "Y":35.485501,
            "X":129.423746,
            "rank":27.0,
            "area_info":"34평(115.43)",
            "last_sales":"2022-01-14,29200.0,34평(115.43)",
            "rank_history":[
                [
                    "202202",
                    27
                ],
                [
                    "202201",
                    39
                ]
            ],
            "rank_gap":12
        },
        {
            "index":115,
            "아파트명":"서영골든타워",
            "투자타입":"일반",
            "전용면적(m2)":"92.98",
            "전용면적(평)":"28평",
            "법정동주소":"울산시 동구 서부동 남목일단의주택지조성사업지구1블럭2롯트외 9필지",
            "도로명주소":"울산시 동구 남목11길 25",
            "세대수":0,
            "입주년차":0,
            "용적률점수":"--",
            "건폐율점수":"--",
            "세대당주차수":0,
            "난방방식":30,
            "공급면적":"--",
            "전용률":"--",
            "욕실수":100,
            "현관타입":100,
            "주거총점":23.0,
            "지역구공급총점":0.0,
            "역세권":"NA",
            "30분내 이동가능 거점":"NA",
            "1시간내 이동가능 거점":"NA",
            "교통총점":"NA",
            "백화점":100,
            "아울렛몰":0,
            "대형마트":0,
            "은행":0,
            "병원":0,
            "종합병원":80,
            "공원":100,
            "혐오시설":0,
            "인프라총점":49.0,
            "초등학군":90.0,
            "중학군":53.9,
            "학군총점":61.12,
            "인구수":16.9,
            "인구증감":-10.92,
            "인구총점":8.554,
            "일자리":9.51,
            "소득수준":80.44,
            "일자리총점":30.789,
            "가치 총점":42.93,
            "매매실거래년":20211007.0,
            "매매실거래가":16300.0,
            "전세실거래년":20201224.0,
            "전세실거래가":10000.0,
            "전세가율":61.35,
            "장기전세가율평균":72.12,
            "전세가율거품지수":10.77,
            "검색코드":6223,
            "세대수":193.0,
            "준공년월":"1995-07-10",
            "준공년차":28.0,
            "가까운역이름":"NA",
            "가까운역거리":"NA",
            "역세권여부":"NA",
            "30분이내주요거점역":"NA",
            "30분거점역이름":"NA",
            "1시간이내주요거점역":"NA",
            "1시간거점역이름":"NA",
            "3km이내백화점수":1,
            "5km이내아울렛몰수":0,
            "1km이내대형먀트수":0,
            "500m이내은행수":1,
            "500m이내병원수":0,
            "5km이내대형병원수":1,
            "500m이내공원수":10,
            "3km이내혐오시설수":0,
            "초등학교학업성취도":90.0,
            "중학교학업성취도":89.1,
            "용적률":275,
            "건폐율":23,
            "Y":35.54358,
            "X":129.42443,
            "rank":28.0,
            "area_info":"28평(92.98), 31평(102.73), 42평(140.35)",
            "last_sales":"2021-10-07,16300.0,28평(92.98)",
            "rank_history":[
                [
                    "202202",
                    28
                ],
                [
                    "202201",
                    24
                ]
            ],
            "rank_gap":-4
        },
        {
            "index":211,
            "아파트명":"현대3단지",
            "투자타입":"재건축",
            "전용면적(m2)":"66.18",
            "전용면적(평)":"20평",
            "법정동주소":"울산시 동구 전하동 543",
            "도로명주소":"울산시 동구 녹수12길 16",
            "세대수":50,
            "입주년차":"--",
            "용적률점수":0,
            "건폐율점수":0,
            "세대당주차수":"--",
            "난방방식":"--",
            "공급면적":50,
            "전용률":100,
            "욕실수":"--",
            "현관타입":"--",
            "주거총점":22.5,
            "지역구공급총점":0.0,
            "역세권":"NA",
            "30분내 이동가능 거점":"NA",
            "1시간내 이동가능 거점":"NA",
            "교통총점":"NA",
            "백화점":100,
            "아울렛몰":0,
            "대형마트":0,
            "은행":0,
            "병원":0,
            "종합병원":80,
            "공원":100,
            "혐오시설":0,
            "인프라총점":49.0,
            "초등학군":89.99,
            "중학군":50.54,
            "학군총점":58.43,
            "인구수":16.9,
            "인구증감":-10.92,
            "인구총점":8.554,
            "일자리":9.51,
            "소득수준":80.44,
            "일자리총점":30.789,
            "가치 총점":42.0825,
            "매매실거래년":20220120.0,
            "매매실거래가":23200.0,
            "전세실거래년":20210901.0,
            "전세실거래가":6000.0,
            "전세가율":25.86,
            "장기전세가율평균":72.12,
            "전세가율거품지수":46.26,
            "검색코드":6270,
            "세대수":480.0,
            "준공년월":"1987-03-12",
            "준공년차":36.0,
            "가까운역이름":"NA",
            "가까운역거리":"NA",
            "역세권여부":"NA",
            "30분이내주요거점역":"NA",
            "30분거점역이름":"NA",
            "1시간이내주요거점역":"NA",
            "1시간거점역이름":"NA",
            "3km이내백화점수":1,
            "5km이내아울렛몰수":0,
            "1km이내대형먀트수":0,
            "500m이내은행수":1,
            "500m이내병원수":0,
            "5km이내대형병원수":1,
            "500m이내공원수":24,
            "3km이내혐오시설수":0,
            "초등학교학업성취도":89.99,
            "중학교학업성취도":83.9,
            "용적률":0,
            "건폐율":0,
            "Y":35.514547,
            "X":129.425255,
            "rank":29.0,
            "area_info":"20평(66.18), 24평(82.32)",
            "last_sales":"2022-01-20,23200.0,20평(66.18)",
            "rank_history":[
                [
                    "202202",
                    29
                ],
                [
                    "202201",
                    27
                ]
            ],
            "rank_gap":-2
        },
        {
            "index":157,
            "아파트명":"삼창파크",
            "투자타입":"재건축",
            "전용면적(m2)":"54.71",
            "전용면적(평)":"16평",
            "법정동주소":"울산시 동구 전하동 684-2",
            "도로명주소":"울산시 동구 진성15가길 5",
            "세대수":0,
            "입주년차":"--",
            "용적률점수":0,
            "건폐율점수":0,
            "세대당주차수":"--",
            "난방방식":"--",
            "공급면적":50,
            "전용률":100,
            "욕실수":"--",
            "현관타입":"--",
            "주거총점":7.5,
            "지역구공급총점":0.0,
            "역세권":"NA",
            "30분내 이동가능 거점":"NA",
            "1시간내 이동가능 거점":"NA",
            "교통총점":"NA",
            "백화점":100,
            "아울렛몰":0,
            "대형마트":80,
            "은행":0,
            "병원":0,
            "종합병원":80,
            "공원":100,
            "혐오시설":0,
            "인프라총점":61.0,
            "초등학군":90.0,
            "중학군":50.54,
            "학군총점":58.432,
            "인구수":16.9,
            "인구증감":-10.92,
            "인구총점":8.554,
            "일자리":9.51,
            "소득수준":80.44,
            "일자리총점":30.789,
            "가치 총점":41.633,
            "매매실거래년":20211115.0,
            "매매실거래가":12900.0,
            "전세실거래년":20211029.0,
            "전세실거래가":8000.0,
            "전세가율":72.73,
            "장기전세가율평균":72.12,
            "전세가율거품지수":-0.61,
            "검색코드":6258,
            "세대수":110.0,
            "준공년월":"1983-03-17",
            "준공년차":40.0,
            "가까운역이름":"NA",
            "가까운역거리":"NA",
            "역세권여부":"NA",
            "30분이내주요거점역":"NA",
            "30분거점역이름":"NA",
            "1시간이내주요거점역":"NA",
            "1시간거점역이름":"NA",
            "3km이내백화점수":1,
            "5km이내아울렛몰수":0,
            "1km이내대형먀트수":1,
            "500m이내은행수":1,
            "500m이내병원수":0,
            "5km이내대형병원수":1,
            "500m이내공원수":14,
            "3km이내혐오시설수":0,
            "초등학교학업성취도":90.0,
            "중학교학업성취도":83.9,
            "용적률":0,
            "건폐율":0,
            "Y":35.506815,
            "X":129.423647,
            "rank":30.0,
            "area_info":"16평(54.71), 20평(68.64)",
            "last_sales":"2021-11-15,12900.0,20평(68.64)",
            "rank_history":[
                [
                    "202202",
                    30
                ],
                [
                    "202201",
                    30
                ]
            ],
            "rank_gap":0
        },
        {
            "index":149,
            "아파트명":"늘푸른",
            "투자타입":"일반",
            "전용면적(m2)":"80.08",
            "전용면적(평)":"24평",
            "법정동주소":"울산시 동구 전하동 768",
            "도로명주소":"울산시 동구 산록길 68",
            "세대수":30,
            "입주년차":0,
            "용적률점수":"--",
            "건폐율점수":"--",
            "세대당주차수":0,
            "난방방식":30,
            "공급면적":"--",
            "전용률":"--",
            "욕실수":50,
            "현관타입":10,
            "주거총점":19.5,
            "지역구공급총점":0.0,
            "역세권":"NA",
            "30분내 이동가능 거점":"NA",
            "1시간내 이동가능 거점":"NA",
            "교통총점":"NA",
            "백화점":100,
            "아울렛몰":0,
            "대형마트":0,
            "은행":0,
            "병원":0,
            "종합병원":80,
            "공원":100,
            "혐오시설":0,
            "인프라총점":49.0,
            "초등학군":89.99,
            "중학군":50.54,
            "학군총점":58.43,
            "인구수":16.9,
            "인구증감":-10.92,
            "인구총점":8.554,
            "일자리":9.51,
            "소득수준":80.44,
            "일자리총점":30.789,
            "가치 총점":41.0325,
            "매매실거래년":20220112.0,
            "매매실거래가":8200.0,
            "전세실거래년":20211231.0,
            "전세실거래가":7000.0,
            "전세가율":85.37,
            "장기전세가율평균":72.12,
            "전세가율거품지수":-13.25,
            "검색코드":14656,
            "세대수":300.0,
            "준공년월":"1995-12-01",
            "준공년차":28.0,
            "가까운역이름":"NA",
            "가까운역거리":"NA",
            "역세권여부":"NA",
            "30분이내주요거점역":"NA",
            "30분거점역이름":"NA",
            "1시간이내주요거점역":"NA",
            "1시간거점역이름":"NA",
            "3km이내백화점수":1,
            "5km이내아울렛몰수":0,
            "1km이내대형먀트수":0,
            "500m이내은행수":1,
            "500m이내병원수":0,
            "5km이내대형병원수":1,
            "500m이내공원수":14,
            "3km이내혐오시설수":0,
            "초등학교학업성취도":89.99,
            "중학교학업성취도":83.9,
            "용적률":249,
            "건폐율":19,
            "Y":35.513843,
            "X":129.420056,
            "rank":31.0,
            "area_info":"24평(80.08)",
            "last_sales":"2022-01-12,8200.0,24평(80.08)",
            "rank_history":[
                [
                    "202202",
                    31
                ],
                [
                    "202201",
                    35
                ]
            ],
            "rank_gap":4
        },
        {
            "index":216,
            "아파트명":"금강",
            "투자타입":"재건축",
            "전용면적(m2)":"73.04",
            "전용면적(평)":"22평",
            "법정동주소":"울산시 동구 화정동 149-1",
            "도로명주소":"울산시 동구 봉수로 170",
            "세대수":0,
            "입주년차":"--",
            "용적률점수":0,
            "건폐율점수":0,
            "세대당주차수":"--",
            "난방방식":"--",
            "공급면적":50,
            "전용률":60,
            "욕실수":"--",
            "현관타입":"--",
            "주거총점":5.5,
            "지역구공급총점":0.0,
            "역세권":"NA",
            "30분내 이동가능 거점":"NA",
            "1시간내 이동가능 거점":"NA",
            "교통총점":"NA",
            "백화점":100,
            "아울렛몰":0,
            "대형마트":80,
            "은행":20,
            "병원":0,
            "종합병원":80,
            "공원":100,
            "혐오시설":0,
            "인프라총점":63.0,
            "초등학군":90.0,
            "중학군":45.12,
            "학군총점":54.096,
            "인구수":16.9,
            "인구증감":-10.92,
            "인구총점":8.554,
            "일자리":9.51,
            "소득수준":80.44,
            "일자리총점":30.789,
            "가치 총점":40.649,
            "매매실거래년":20211016.0,
            "매매실거래가":13300.0,
            "전세실거래년":20211203.0,
            "전세실거래가":11000.0,
            "전세가율":82.71,
            "장기전세가율평균":72.12,
            "전세가율거품지수":-10.59,
            "검색코드":6157,
            "세대수":280.0,
            "준공년월":"1990-05-30",
            "준공년차":33.0,
            "가까운역이름":"NA",
            "가까운역거리":"NA",
            "역세권여부":"NA",
            "30분이내주요거점역":"NA",
            "30분거점역이름":"NA",
            "1시간이내주요거점역":"NA",
            "1시간거점역이름":"NA",
            "3km이내백화점수":1,
            "5km이내아울렛몰수":0,
            "1km이내대형먀트수":1,
            "500m이내은행수":2,
            "500m이내병원수":0,
            "5km이내대형병원수":1,
            "500m이내공원수":6,
            "3km이내혐오시설수":0,
            "초등학교학업성취도":90.0,
            "중학교학업성취도":74.8,
            "용적률":0,
            "건폐율":0,
            "Y":35.502255,
            "X":129.417504,
            "rank":32.0,
            "area_info":"22평(73.04)",
            "last_sales":"2021-10-16,13300.0,22평(73.04)",
            "rank_history":[
                [
                    "202202",
                    32
                ],
                [
                    "202201",
                    34
                ]
            ],
            "rank_gap":2
        },
        {
            "index":213,
            "아파트명":"현대한마음",
            "투자타입":"일반",
            "전용면적(m2)":"82.39",
            "전용면적(평)":"24평",
            "법정동주소":"울산시 동구 전하동 550-19",
            "도로명주소":"울산시 동구 녹수길 111",
            "세대수":0,
            "입주년차":0,
            "용적률점수":"--",
            "건폐율점수":"--",
            "세대당주차수":0,
            "난방방식":30,
            "공급면적":"--",
            "전용률":"--",
            "욕실수":50,
            "현관타입":100,
            "주거총점":18.0,
            "지역구공급총점":0.0,
            "역세권":"NA",
            "30분내 이동가능 거점":"NA",
            "1시간내 이동가능 거점":"NA",
            "교통총점":"NA",
            "백화점":100,
            "아울렛몰":0,
            "대형마트":0,
            "은행":0,
            "병원":0,
            "종합병원":80,
            "공원":100,
            "혐오시설":0,
            "인프라총점":49.0,
            "초등학군":89.99,
            "중학군":50.54,
            "학군총점":58.43,
            "인구수":16.9,
            "인구증감":-10.92,
            "인구총점":8.554,
            "일자리":9.51,
            "소득수준":80.44,
            "일자리총점":30.789,
            "가치 총점":40.5075,
            "매매실거래년":20210710.0,
            "매매실거래가":17300.0,
            "전세실거래년":20210604.0,
            "전세실거래가":10000.0,
            "전세가율":80.0,
            "장기전세가율평균":72.12,
            "전세가율거품지수":-7.88,
            "검색코드":14665,
            "세대수":109.0,
            "준공년월":"1995-11-22",
            "준공년차":28.0,
            "가까운역이름":"NA",
            "가까운역거리":"NA",
            "역세권여부":"NA",
            "30분이내주요거점역":"NA",
            "30분거점역이름":"NA",
            "1시간이내주요거점역":"NA",
            "1시간거점역이름":"NA",
            "3km이내백화점수":1,
            "5km이내아울렛몰수":0,
            "1km이내대형먀트수":0,
            "500m이내은행수":1,
            "500m이내병원수":0,
            "5km이내대형병원수":1,
            "500m이내공원수":24,
            "3km이내혐오시설수":0,
            "초등학교학업성취도":89.99,
            "중학교학업성취도":83.9,
            "용적률":313,
            "건폐율":33,
            "Y":35.51364,
            "X":129.42477,
            "rank":33.0,
            "area_info":"24평(82.39), 29평(96.55), 33평(109.78)",
            "last_sales":"2021-07-10,17300.0,29평(96.55)",
            "rank_history":[
                [
                    "202202",
                    33
                ],
                [
                    "202201",
                    29
                ]
            ],
            "rank_gap":-4
        },
        {
            "index":89,
            "아파트명":"현대비치",
            "투자타입":"일반",
            "전용면적(m2)":"75.72",
            "전용면적(평)":"22평",
            "법정동주소":"울산시 동구 방어동 505",
            "도로명주소":"울산시 동구 화문로 70",
            "세대수":50,
            "입주년차":0,
            "용적률점수":"--",
            "건폐율점수":"--",
            "세대당주차수":0,
            "난방방식":30,
            "공급면적":"--",
            "전용률":"--",
            "욕실수":50,
            "현관타입":100,
            "주거총점":35.5,
            "지역구공급총점":0.0,
            "역세권":"NA",
            "30분내 이동가능 거점":"NA",
            "1시간내 이동가능 거점":"NA",
            "교통총점":"NA",
            "백화점":0,
            "아울렛몰":0,
            "대형마트":80,
            "은행":0,
            "병원":0,
            "종합병원":80,
            "공원":100,
            "혐오시설":0,
            "인프라총점":31.0,
            "초등학군":89.98,
            "중학군":54.78,
            "학군총점":61.82,
            "인구수":16.9,
            "인구증감":-10.92,
            "인구총점":8.554,
            "일자리":9.51,
            "소득수준":80.44,
            "일자리총점":30.789,
            "가치 총점":40.28,
            "매매실거래년":20211231.0,
            "매매실거래가":20700.0,
            "전세실거래년":20220114.0,
            "전세실거래가":14500.0,
            "전세가율":90.62,
            "장기전세가율평균":72.12,
            "전세가율거품지수":-18.5,
            "검색코드":6215,
            "세대수":657.0,
            "준공년월":"1997-11-26",
            "준공년차":26.0,
            "가까운역이름":"NA",
            "가까운역거리":"NA",
            "역세권여부":"NA",
            "30분이내주요거점역":"NA",
            "30분거점역이름":"NA",
            "1시간이내주요거점역":"NA",
            "1시간거점역이름":"NA",
            "3km이내백화점수":0,
            "5km이내아울렛몰수":0,
            "1km이내대형먀트수":1,
            "500m이내은행수":0,
            "500m이내병원수":0,
            "5km이내대형병원수":1,
            "500m이내공원수":10,
            "3km이내혐오시설수":0,
            "초등학교학업성취도":89.98,
            "중학교학업성취도":90.3,
            "용적률":276,
            "건폐율":16,
            "Y":35.482355,
            "X":129.415899,
            "rank":34.0,
            "area_info":"22평(75.72), 32평(106.99)",
            "last_sales":"2021-12-31,20700.0,32평(106.99)",
            "rank_history":[
                [
                    "202202",
                    34
                ],
                [
                    "202201",
                    51
                ]
            ],
            "rank_gap":17
        },
        {
            "index":233,
            "아파트명":"상아비취맨션",
            "투자타입":"재건축",
            "전용면적(m2)":"69.07",
            "전용면적(평)":"20평",
            "법정동주소":"울산시 동구 화정동 854-4",
            "도로명주소":"울산시 동구 양지5길 12-15",
            "세대수":0,
            "입주년차":"--",
            "용적률점수":0,
            "건폐율점수":0,
            "세대당주차수":"--",
            "난방방식":"--",
            "공급면적":50,
            "전용률":60,
            "욕실수":"--",
            "현관타입":"--",
            "주거총점":5.5,
            "지역구공급총점":0.0,
            "역세권":"NA",
            "30분내 이동가능 거점":"NA",
            "1시간내 이동가능 거점":"NA",
            "교통총점":"NA",
            "백화점":100,
            "아울렛몰":0,
            "대형마트":80,
            "은행":0,
            "병원":0,
            "종합병원":80,
            "공원":100,
            "혐오시설":0,
            "인프라총점":61.0,
            "초등학군":90.01,
            "중학군":46.98,
            "학군총점":55.586,
            "인구수":16.9,
            "인구증감":-10.92,
            "인구총점":8.554,
            "일자리":9.51,
            "소득수준":80.44,
            "일자리총점":30.789,
            "가치 총점":40.2215,
            "매매실거래년":20220110.0,
            "매매실거래가":11500.0,
            "전세실거래년":20210108.0,
            "전세실거래가":7000.0,
            "전세가율":73.68,
            "장기전세가율평균":72.12,
            "전세가율거품지수":-1.56,
            "검색코드":14672,
            "세대수":105.0,
            "준공년월":"1990-07-07",
            "준공년차":33.0,
            "가까운역이름":"NA",
            "가까운역거리":"NA",
            "역세권여부":"NA",
            "30분이내주요거점역":"NA",
            "30분거점역이름":"NA",
            "1시간이내주요거점역":"NA",
            "1시간거점역이름":"NA",
            "3km이내백화점수":1,
            "5km이내아울렛몰수":0,
            "1km이내대형먀트수":1,
            "500m이내은행수":1,
            "500m이내병원수":0,
            "5km이내대형병원수":1,
            "500m이내공원수":10,
            "3km이내혐오시설수":0,
            "초등학교학업성취도":90.01,
            "중학교학업성취도":78.3,
            "용적률":0,
            "건폐율":0,
            "Y":35.496147,
            "X":129.421111,
            "rank":35.0,
            "area_info":"20평(69.07), 25평(82.68)",
            "last_sales":"2022-01-10,11500.0,25평(82.68)",
            "rank_history":[
                [
                    "202202",
                    35
                ],
                [
                    "202201",
                    32
                ]
            ],
            "rank_gap":-3
        },
        {
            "index":118,
            "아파트명":"신광그린파크",
            "투자타입":"일반",
            "전용면적(m2)":"75.22",
            "전용면적(평)":"22평",
            "법정동주소":"울산시 동구 서부동 290-6",
            "도로명주소":"울산시 동구 방어진순환도로 1099",
            "세대수":0,
            "입주년차":0,
            "용적률점수":"--",
            "건폐율점수":"--",
            "세대당주차수":0,
            "난방방식":30,
            "공급면적":"--",
            "전용률":"--",
            "욕실수":50,
            "현관타입":100,
            "주거총점":18.0,
            "지역구공급총점":0.0,
            "역세권":"NA",
            "30분내 이동가능 거점":"NA",
            "1시간내 이동가능 거점":"NA",
            "교통총점":"NA",
            "백화점":100,
            "아울렛몰":0,
            "대형마트":0,
            "은행":0,
            "병원":0,
            "종합병원":80,
            "공원":0,
            "혐오시설":0,
            "인프라총점":46.0,
            "초등학군":90.0,
            "중학군":54.72,
            "학군총점":61.776,
            "인구수":16.9,
            "인구증감":-10.92,
            "인구총점":8.554,
            "일자리":9.51,
            "소득수준":80.44,
            "일자리총점":30.789,
            "가치 총점":40.144,
            "매매실거래년":20211002.0,
            "매매실거래가":10000.0,
            "전세실거래년":20211021.0,
            "전세실거래가":8000.0,
            "전세가율":80.0,
            "장기전세가율평균":72.12,
            "전세가율거품지수":-7.88,
            "검색코드":14651,
            "세대수":185.0,
            "준공년월":"1993-01-20",
            "준공년차":30.0,
            "가까운역이름":"NA",
            "가까운역거리":"NA",
            "역세권여부":"NA",
            "30분이내주요거점역":"NA",
            "30분거점역이름":"NA",
            "1시간이내주요거점역":"NA",
            "1시간거점역이름":"NA",
            "3km이내백화점수":1,
            "5km이내아울렛몰수":0,
            "1km이내대형먀트수":0,
            "500m이내은행수":1,
            "500m이내병원수":0,
            "5km이내대형병원수":1,
            "500m이내공원수":0,
            "3km이내혐오시설수":0,
            "초등학교학업성취도":90.0,
            "중학교학업성취도":90.4,
            "용적률":357,
            "건폐율":27,
            "Y":35.537926,
            "X":129.427659,
            "rank":36.0,
            "area_info":"22평(75.22), 30평(100.17), 30평(102.15)",
            "last_sales":"2021-10-02,10000.0,22평(75.22)",
            "rank_history":[
                [
                    "202202",
                    36
                ],
                [
                    "202201",
                    31
                ]
            ],
            "rank_gap":-5
        },
        {
            "index":38,
            "아파트명":"한라오로라타워",
            "투자타입":"일반",
            "전용면적(m2)":"71.89",
            "전용면적(평)":"21평",
            "법정동주소":"울산시 동구 동부동 120-1",
            "도로명주소":"울산시 동구 동해안로 98",
            "세대수":0,
            "입주년차":0,
            "용적률점수":"--",
            "건폐율점수":"--",
            "세대당주차수":0,
            "난방방식":30,
            "공급면적":"--",
            "전용률":"--",
            "욕실수":50,
            "현관타입":10,
            "주거총점":9.0,
            "지역구공급총점":0.0,
            "역세권":"NA",
            "30분내 이동가능 거점":"NA",
            "1시간내 이동가능 거점":"NA",
            "교통총점":"NA",
            "백화점":100,
            "아울렛몰":0,
            "대형마트":0,
            "은행":0,
            "병원":0,
            "종합병원":80,
            "공원":100,
            "혐오시설":0,
            "인프라총점":49.0,
            "초등학군":90.0,
            "중학군":54.72,
            "학군총점":61.776,
            "인구수":16.9,
            "인구증감":-10.92,
            "인구총점":8.554,
            "일자리":9.51,
            "소득수준":80.44,
            "일자리총점":30.789,
            "가치 총점":38.194,
            "매매실거래년":20211107.0,
            "매매실거래가":8850.0,
            "전세실거래년":20190307.0,
            "전세실거래가":9000.0,
            "전세가율":103.45,
            "장기전세가율평균":72.12,
            "전세가율거품지수":-31.33,
            "검색코드":16208,
            "세대수":154.0,
            "준공년월":"1993-04-23",
            "준공년차":30.0,
            "가까운역이름":"NA",
            "가까운역거리":"NA",
            "역세권여부":"NA",
            "30분이내주요거점역":"NA",
            "30분거점역이름":"NA",
            "1시간이내주요거점역":"NA",
            "1시간거점역이름":"NA",
            "3km이내백화점수":1,
            "5km이내아울렛몰수":0,
            "1km이내대형먀트수":0,
            "500m이내은행수":0,
            "500m이내병원수":0,
            "5km이내대형병원수":1,
            "500m이내공원수":6,
            "3km이내혐오시설수":0,
            "초등학교학업성취도":90.0,
            "중학교학업성취도":90.4,
            "용적률":236,
            "건폐율":26,
            "Y":35.54463,
            "X":129.43208,
            "rank":37.0,
            "area_info":"21평(71.89), 24평(80.17), 29평(97.72), 33평(110.11)",
            "last_sales":"2021-11-07,8850.0,24평(80.17)",
            "rank_history":[
                [
                    "202202",
                    37
                ],
                [
                    "202201",
                    44
                ]
            ],
            "rank_gap":7
        },
        {
            "index":0,
            "아파트명":"남목그린타워",
            "투자타입":"일반",
            "전용면적(m2)":"73.7",
            "전용면적(평)":"22평",
            "법정동주소":"울산시 동구 동부동 424-1",
            "도로명주소":"울산시 동구 옥류로 87",
            "세대수":0,
            "입주년차":0,
            "용적률점수":"--",
            "건폐율점수":"--",
            "세대당주차수":0,
            "난방방식":30,
            "공급면적":"--",
            "전용률":"--",
            "욕실수":50,
            "현관타입":10,
            "주거총점":9.0,
            "지역구공급총점":0.0,
            "역세권":"NA",
            "30분내 이동가능 거점":"NA",
            "1시간내 이동가능 거점":"NA",
            "교통총점":"NA",
            "백화점":100,
            "아울렛몰":0,
            "대형마트":0,
            "은행":0,
            "병원":0,
            "종합병원":80,
            "공원":100,
            "혐오시설":0,
            "인프라총점":49.0,
            "초등학군":90.0,
            "중학군":53.9,
            "학군총점":61.12,
            "인구수":16.9,
            "인구증감":-10.92,
            "인구총점":8.554,
            "일자리":9.51,
            "소득수준":80.44,
            "일자리총점":30.789,
            "가치 총점":38.03,
            "매매실거래년":20211229.0,
            "매매실거래가":10000.0,
            "전세실거래년":20200824.0,
            "전세실거래가":6000.0,
            "전세가율":60.0,
            "장기전세가율평균":72.12,
            "전세가율거품지수":12.12,
            "검색코드":6164,
            "세대수":187.0,
            "준공년월":"1993-11-24",
            "준공년차":30.0,
            "가까운역이름":"NA",
            "가까운역거리":"NA",
            "역세권여부":"NA",
            "30분이내주요거점역":"NA",
            "30분거점역이름":"NA",
            "1시간이내주요거점역":"NA",
            "1시간거점역이름":"NA",
            "3km이내백화점수":1,
            "5km이내아울렛몰수":0,
            "1km이내대형먀트수":0,
            "500m이내은행수":0,
            "500m이내병원수":0,
            "5km이내대형병원수":1,
            "500m이내공원수":10,
            "3km이내혐오시설수":0,
            "초등학교학업성취도":90.0,
            "중학교학업성취도":89.1,
            "용적률":293,
            "건폐율":32,
            "Y":35.546198,
            "X":129.424751,
            "rank":38.0,
            "area_info":"22평(73.7), 23평(79.04), 25평(85.35), 30평(99.22), 30평(102.34)",
            "last_sales":"2021-12-29,10000.0,22평(73.7)",
            "rank_history":[
                [
                    "202202",
                    38
                ],
                [
                    "202201",
                    45
                ]
            ],
            "rank_gap":7
        },
        {
            "index":19,
            "아파트명":"삼안파크맨션",
            "투자타입":"일반",
            "전용면적(m2)":"78.75",
            "전용면적(평)":"23평",
            "법정동주소":"울산시 동구 동부동 269-2",
            "도로명주소":"울산시 동구 남목11길 19",
            "세대수":0,
            "입주년차":0,
            "용적률점수":"--",
            "건폐율점수":"--",
            "세대당주차수":0,
            "난방방식":30,
            "공급면적":"--",
            "전용률":"--",
            "욕실수":50,
            "현관타입":10,
            "주거총점":9.0,
            "지역구공급총점":0.0,
            "역세권":"NA",
            "30분내 이동가능 거점":"NA",
            "1시간내 이동가능 거점":"NA",
            "교통총점":"NA",
            "백화점":100,
            "아울렛몰":0,
            "대형마트":0,
            "은행":0,
            "병원":0,
            "종합병원":80,
            "공원":100,
            "혐오시설":0,
            "인프라총점":49.0,
            "초등학군":90.0,
            "중학군":53.9,
            "학군총점":61.12,
            "인구수":16.9,
            "인구증감":-10.92,
            "인구총점":8.554,
            "일자리":9.51,
            "소득수준":80.44,
            "일자리총점":30.789,
            "가치 총점":38.03,
            "매매실거래년":20201228.0,
            "매매실거래가":13980.0,
            "전세실거래년":null,
            "전세실거래가":null,
            "전세가율":null,
            "장기전세가율평균":72.12,
            "전세가율거품지수":null,
            "검색코드":6179,
            "세대수":116.0,
            "준공년월":"1994-01-31",
            "준공년차":29.0,
            "가까운역이름":"NA",
            "가까운역거리":"NA",
            "역세권여부":"NA",
            "30분이내주요거점역":"NA",
            "30분거점역이름":"NA",
            "1시간이내주요거점역":"NA",
            "1시간거점역이름":"NA",
            "3km이내백화점수":1,
            "5km이내아울렛몰수":0,
            "1km이내대형먀트수":0,
            "500m이내은행수":1,
            "500m이내병원수":0,
            "5km이내대형병원수":1,
            "500m이내공원수":10,
            "3km이내혐오시설수":0,
            "초등학교학업성취도":90.0,
            "중학교학업성취도":89.1,
            "용적률":244,
            "건폐율":29,
            "Y":35.543389,
            "X":129.42523,
            "rank":38.0,
            "area_info":"23평(78.75), 26평(86.98), 28평(95.85), 29평(96.52), 31평(102.54)",
            "last_sales":"2020-12-28,13980.0,31평(102.54)",
            "rank_history":[
                [
                    "202202",
                    38
                ],
                [
                    "202201",
                    36
                ]
            ],
            "rank_gap":-2
        },
        {
            "index":12,
            "아파트명":"목화",
            "투자타입":"일반",
            "전용면적(m2)":"76.87",
            "전용면적(평)":"23평",
            "법정동주소":"울산시 동구 동부동 남목1지구 3블럭 1롯트",
            "도로명주소":"울산시 동구 남목11길 20",
            "세대수":0,
            "입주년차":0,
            "용적률점수":"--",
            "건폐율점수":"--",
            "세대당주차수":0,
            "난방방식":30,
            "공급면적":"--",
            "전용률":"--",
            "욕실수":50,
            "현관타입":10,
            "주거총점":9.0,
            "지역구공급총점":0.0,
            "역세권":"NA",
            "30분내 이동가능 거점":"NA",
            "1시간내 이동가능 거점":"NA",
            "교통총점":"NA",
            "백화점":100,
            "아울렛몰":0,
            "대형마트":0,
            "은행":0,
            "병원":0,
            "종합병원":80,
            "공원":100,
            "혐오시설":0,
            "인프라총점":49.0,
            "초등학군":90.0,
            "중학군":53.9,
            "학군총점":61.12,
            "인구수":16.9,
            "인구증감":-10.92,
            "인구총점":8.554,
            "일자리":9.51,
            "소득수준":80.44,
            "일자리총점":30.789,
            "가치 총점":38.03,
            "매매실거래년":20211225.0,
            "매매실거래가":9500.0,
            "전세실거래년":20210228.0,
            "전세실거래가":7500.0,
            "전세가율":78.95,
            "장기전세가율평균":72.12,
            "전세가율거품지수":-6.83,
            "검색코드":6182,
            "세대수":270.0,
            "준공년월":"1993-05-01",
            "준공년차":30.0,
            "가까운역이름":"NA",
            "가까운역거리":"NA",
            "역세권여부":"NA",
            "30분이내주요거점역":"NA",
            "30분거점역이름":"NA",
            "1시간이내주요거점역":"NA",
            "1시간거점역이름":"NA",
            "3km이내백화점수":1,
            "5km이내아울렛몰수":0,
            "1km이내대형먀트수":0,
            "500m이내은행수":0,
            "500m이내병원수":0,
            "5km이내대형병원수":1,
            "500m이내공원수":10,
            "3km이내혐오시설수":0,
            "초등학교학업성취도":90.0,
            "중학교학업성취도":89.1,
            "용적률":0,
            "건폐율":0,
            "Y":35.544405,
            "X":129.424696,
            "rank":38.0,
            "area_info":"23평(76.87), 25평(84.65), 26평(88.81), 31평(103.17)",
            "last_sales":"2021-12-25,9500.0,23평(76.87)",
            "rank_history":[
                [
                    "202202",
                    38
                ],
                [
                    "202201",
                    40
                ]
            ],
            "rank_gap":2
        },
        {
            "index":95,
            "아파트명":"남목우주",
            "투자타입":"재건축",
            "전용면적(m2)":"55.8",
            "전용면적(평)":"16평",
            "법정동주소":"울산시 동구 서부동 493-1",
            "도로명주소":"울산시 동구 남목7길 36",
            "세대수":0,
            "입주년차":"--",
            "용적률점수":0,
            "건폐율점수":0,
            "세대당주차수":"--",
            "난방방식":"--",
            "공급면적":50,
            "전용률":100,
            "욕실수":"--",
            "현관타입":"--",
            "주거총점":7.5,
            "지역구공급총점":0.0,
            "역세권":"NA",
            "30분내 이동가능 거점":"NA",
            "1시간내 이동가능 거점":"NA",
            "교통총점":"NA",
            "백화점":100,
            "아울렛몰":0,
            "대형마트":0,
            "은행":0,
            "병원":0,
            "종합병원":80,
            "공원":100,
            "혐오시설":0,
            "인프라총점":49.0,
            "초등학군":90.0,
            "중학군":53.9,
            "학군총점":61.12,
            "인구수":16.9,
            "인구증감":-10.92,
            "인구총점":8.554,
            "일자리":9.51,
            "소득수준":80.44,
            "일자리총점":30.789,
            "가치 총점":37.505,
            "매매실거래년":20220113.0,
            "매매실거래가":8400.0,
            "전세실거래년":20211117.0,
            "전세실거래가":5000.0,
            "전세가율":64.94,
            "장기전세가율평균":72.12,
            "전세가율거품지수":7.18,
            "검색코드":6237,
            "세대수":279.0,
            "준공년월":"1987-06-08",
            "준공년차":36.0,
            "가까운역이름":"NA",
            "가까운역거리":"NA",
            "역세권여부":"NA",
            "30분이내주요거점역":"NA",
            "30분거점역이름":"NA",
            "1시간이내주요거점역":"NA",
            "1시간거점역이름":"NA",
            "3km이내백화점수":1,
            "5km이내아울렛몰수":0,
            "1km이내대형먀트수":0,
            "500m이내은행수":1,
            "500m이내병원수":0,
            "5km이내대형병원수":1,
            "500m이내공원수":6,
            "3km이내혐오시설수":0,
            "초등학교학업성취도":90.0,
            "중학교학업성취도":89.1,
            "용적률":0,
            "건폐율":0,
            "Y":35.542401,
            "X":129.422666,
            "rank":39.0,
            "area_info":"16평(55.8), 17평(56.4), 19평(64.89)",
            "last_sales":"2022-01-13,8400.0,19평(64.89)",
            "rank_history":[
                [
                    "202202",
                    39
                ],
                [
                    "202201",
                    37
                ]
            ],
            "rank_gap":-2
        },
        {
            "index":44,
            "아파트명":"현대파크맨션",
            "투자타입":"재건축",
            "전용면적(m2)":"88.81",
            "전용면적(평)":"26평",
            "법정동주소":"울산시 동구 동부동 668-1",
            "도로명주소":"울산시 동구 남목21길 6",
            "세대수":0,
            "입주년차":"--",
            "용적률점수":0,
            "건폐율점수":0,
            "세대당주차수":"--",
            "난방방식":"--",
            "공급면적":70,
            "전용률":80,
            "욕실수":"--",
            "현관타입":"--",
            "주거총점":7.5,
            "지역구공급총점":0.0,
            "역세권":"NA",
            "30분내 이동가능 거점":"NA",
            "1시간내 이동가능 거점":"NA",
            "교통총점":"NA",
            "백화점":100,
            "아울렛몰":0,
            "대형마트":0,
            "은행":0,
            "병원":0,
            "종합병원":80,
            "공원":100,
            "혐오시설":0,
            "인프라총점":49.0,
            "초등학군":90.0,
            "중학군":53.9,
            "학군총점":61.12,
            "인구수":16.9,
            "인구증감":-10.92,
            "인구총점":8.554,
            "일자리":9.51,
            "소득수준":80.44,
            "일자리총점":30.789,
            "가치 총점":37.505,
            "매매실거래년":20220121.0,
            "매매실거래가":13600.0,
            "전세실거래년":20211205.0,
            "전세실거래가":12600.0,
            "전세가율":92.65,
            "장기전세가율평균":72.12,
            "전세가율거품지수":-20.53,
            "검색코드":6206,
            "세대수":184.0,
            "준공년월":"1991-12-30",
            "준공년차":32.0,
            "가까운역이름":"NA",
            "가까운역거리":"NA",
            "역세권여부":"NA",
            "30분이내주요거점역":"NA",
            "30분거점역이름":"NA",
            "1시간이내주요거점역":"NA",
            "1시간거점역이름":"NA",
            "3km이내백화점수":1,
            "5km이내아울렛몰수":0,
            "1km이내대형먀트수":0,
            "500m이내은행수":0,
            "500m이내병원수":0,
            "5km이내대형병원수":1,
            "500m이내공원수":7,
            "3km이내혐오시설수":0,
            "초등학교학업성취도":90.0,
            "중학교학업성취도":89.1,
            "용적률":0,
            "건폐율":0,
            "Y":35.544407,
            "X":129.430608,
            "rank":39.0,
            "area_info":"26평(88.81), 28평(95.63), 29평(98.96)",
            "last_sales":"2022-01-21,13600.0,26평(88.81)",
            "rank_history":[
                [
                    "202202",
                    39
                ],
                [
                    "202201",
                    43
                ]
            ],
            "rank_gap":4
        },
        {
            "index":42,
            "아파트명":"한신",
            "투자타입":"재건축",
            "전용면적(m2)":"91.51",
            "전용면적(평)":"27평",
            "법정동주소":"울산시 동구 동부동 661",
            "도로명주소":"울산시 동구 남목12길 37",
            "세대수":0,
            "입주년차":"--",
            "용적률점수":0,
            "건폐율점수":0,
            "세대당주차수":"--",
            "난방방식":"--",
            "공급면적":70,
            "전용률":80,
            "욕실수":"--",
            "현관타입":"--",
            "주거총점":7.5,
            "지역구공급총점":0.0,
            "역세권":"NA",
            "30분내 이동가능 거점":"NA",
            "1시간내 이동가능 거점":"NA",
            "교통총점":"NA",
            "백화점":100,
            "아울렛몰":0,
            "대형마트":0,
            "은행":0,
            "병원":0,
            "종합병원":80,
            "공원":100,
            "혐오시설":0,
            "인프라총점":49.0,
            "초등학군":90.0,
            "중학군":53.9,
            "학군총점":61.12,
            "인구수":16.9,
            "인구증감":-10.92,
            "인구총점":8.554,
            "일자리":9.51,
            "소득수준":80.44,
            "일자리총점":30.789,
            "가치 총점":37.505,
            "매매실거래년":20211207.0,
            "매매실거래가":17000.0,
            "전세실거래년":20180728.0,
            "전세실거래가":13000.0,
            "전세가율":113.04,
            "장기전세가율평균":72.12,
            "전세가율거품지수":-40.92,
            "검색코드":6201,
            "세대수":220.0,
            "준공년월":"1991-12-20",
            "준공년차":32.0,
            "가까운역이름":"NA",
            "가까운역거리":"NA",
            "역세권여부":"NA",
            "30분이내주요거점역":"NA",
            "30분거점역이름":"NA",
            "1시간이내주요거점역":"NA",
            "1시간거점역이름":"NA",
            "3km이내백화점수":1,
            "5km이내아울렛몰수":0,
            "1km이내대형먀트수":0,
            "500m이내은행수":0,
            "500m이내병원수":0,
            "5km이내대형병원수":1,
            "500m이내공원수":10,
            "3km이내혐오시설수":0,
            "초등학교학업성취도":90.0,
            "중학교학업성취도":89.1,
            "용적률":0,
            "건폐율":0,
            "Y":35.546021,
            "X":129.429015,
            "rank":39.0,
            "area_info":"27평(91.51), 31평(103.35)",
            "last_sales":"2021-12-07,17000.0,31평(103.35)",
            "rank_history":[
                [
                    "202202",
                    39
                ],
                [
                    "202201",
                    43
                ]
            ],
            "rank_gap":4
        },
        {
            "index":33,
            "아파트명":"영진청구",
            "투자타입":"재건축",
            "전용면적(m2)":"90.41",
            "전용면적(평)":"27평",
            "법정동주소":"울산시 동구 동부동 665",
            "도로명주소":"울산시 동구 남목21길 18",
            "세대수":0,
            "입주년차":"--",
            "용적률점수":0,
            "건폐율점수":0,
            "세대당주차수":"--",
            "난방방식":"--",
            "공급면적":70,
            "전용률":80,
            "욕실수":"--",
            "현관타입":"--",
            "주거총점":7.5,
            "지역구공급총점":0.0,
            "역세권":"NA",
            "30분내 이동가능 거점":"NA",
            "1시간내 이동가능 거점":"NA",
            "교통총점":"NA",
            "백화점":100,
            "아울렛몰":0,
            "대형마트":0,
            "은행":0,
            "병원":0,
            "종합병원":80,
            "공원":100,
            "혐오시설":0,
            "인프라총점":49.0,
            "초등학군":90.0,
            "중학군":53.9,
            "학군총점":61.12,
            "인구수":16.9,
            "인구증감":-10.92,
            "인구총점":8.554,
            "일자리":9.51,
            "소득수준":80.44,
            "일자리총점":30.789,
            "가치 총점":37.505,
            "매매실거래년":20211216.0,
            "매매실거래가":14600.0,
            "전세실거래년":20211207.0,
            "전세실거래가":11500.0,
            "전세가율":88.46,
            "장기전세가율평균":72.12,
            "전세가율거품지수":-16.34,
            "검색코드":6195,
            "세대수":299.0,
            "준공년월":"1990-09-29",
            "준공년차":33.0,
            "가까운역이름":"NA",
            "가까운역거리":"NA",
            "역세권여부":"NA",
            "30분이내주요거점역":"NA",
            "30분거점역이름":"NA",
            "1시간이내주요거점역":"NA",
            "1시간거점역이름":"NA",
            "3km이내백화점수":1,
            "5km이내아울렛몰수":0,
            "1km이내대형먀트수":0,
            "500m이내은행수":0,
            "500m이내병원수":0,
            "5km이내대형병원수":1,
            "500m이내공원수":5,
            "3km이내혐오시설수":0,
            "초등학교학업성취도":90.0,
            "중학교학업성취도":89.1,
            "용적률":0,
            "건폐율":0,
            "Y":35.54521,
            "X":129.430534,
            "rank":39.0,
            "area_info":"27평(90.41), 28평(93.76), 29평(96.95), 29평(98.49), 31평(104.49)",
            "last_sales":"2021-12-16,14600.0,29평(96.95)",
            "rank_history":[
                [
                    "202202",
                    39
                ],
                [
                    "202201",
                    43
                ]
            ],
            "rank_gap":4
        },
        {
            "index":47,
            "아파트명":"현대하이야트1",
            "투자타입":"재건축",
            "전용면적(m2)":"84.19",
            "전용면적(평)":"25평",
            "법정동주소":"울산시 동구 동부동 남목지구일단의주택지조성사업지구6블럭1롯트",
            "도로명주소":"울산시 동구 옥류로 77",
            "세대수":0,
            "입주년차":"--",
            "용적률점수":0,
            "건폐율점수":0,
            "세대당주차수":"--",
            "난방방식":"--",
            "공급면적":70,
            "전용률":80,
            "욕실수":"--",
            "현관타입":"--",
            "주거총점":7.5,
            "지역구공급총점":0.0,
            "역세권":"NA",
            "30분내 이동가능 거점":"NA",
            "1시간내 이동가능 거점":"NA",
            "교통총점":"NA",
            "백화점":100,
            "아울렛몰":0,
            "대형마트":0,
            "은행":0,
            "병원":0,
            "종합병원":80,
            "공원":100,
            "혐오시설":0,
            "인프라총점":49.0,
            "초등학군":90.0,
            "중학군":53.9,
            "학군총점":61.12,
            "인구수":16.9,
            "인구증감":-10.92,
            "인구총점":8.554,
            "일자리":9.51,
            "소득수준":80.44,
            "일자리총점":30.789,
            "가치 총점":37.505,
            "매매실거래년":20210830.0,
            "매매실거래가":19000.0,
            "전세실거래년":20210216.0,
            "전세실거래가":9000.0,
            "전세가율":65.69,
            "장기전세가율평균":72.12,
            "전세가율거품지수":6.43,
            "검색코드":6207,
            "세대수":298.0,
            "준공년월":"1990-12-01",
            "준공년차":33.0,
            "가까운역이름":"NA",
            "가까운역거리":"NA",
            "역세권여부":"NA",
            "30분이내주요거점역":"NA",
            "30분거점역이름":"NA",
            "1시간이내주요거점역":"NA",
            "1시간거점역이름":"NA",
            "3km이내백화점수":1,
            "5km이내아울렛몰수":0,
            "1km이내대형먀트수":0,
            "500m이내은행수":0,
            "500m이내병원수":0,
            "5km이내대형병원수":1,
            "500m이내공원수":10,
            "3km이내혐오시설수":0,
            "초등학교학업성취도":90.0,
            "중학교학업성취도":89.1,
            "용적률":0,
            "건폐율":0,
            "Y":35.545485,
            "X":129.424826,
            "rank":39.0,
            "area_info":"25평(84.19), 27평(91.83), 32평(105.79)",
            "last_sales":"2021-08-30,19000.0,32평(105.79)",
            "rank_history":[
                [
                    "202202",
                    39
                ],
                [
                    "202201",
                    42
                ]
            ],
            "rank_gap":3
        },
        {
            "index":150,
            "아파트명":"삼성타워맨션",
            "투자타입":"재건축",
            "전용면적(m2)":"97.16",
            "전용면적(평)":"29평",
            "법정동주소":"울산시 동구 전하동 546-2",
            "도로명주소":"울산시 동구 녹수8길 31",
            "세대수":0,
            "입주년차":"--",
            "용적률점수":0,
            "건폐율점수":0,
            "세대당주차수":"--",
            "난방방식":"--",
            "공급면적":70,
            "전용률":60,
            "욕실수":"--",
            "현관타입":"--",
            "주거총점":6.5,
            "지역구공급총점":0.0,
            "역세권":"NA",
            "30분내 이동가능 거점":"NA",
            "1시간내 이동가능 거점":"NA",
            "교통총점":"NA",
            "백화점":100,
            "아울렛몰":0,
            "대형마트":0,
            "은행":20,
            "병원":0,
            "종합병원":80,
            "공원":100,
            "혐오시설":0,
            "인프라총점":51.0,
            "초등학군":89.99,
            "중학군":50.54,
            "학군총점":58.43,
            "인구수":16.9,
            "인구증감":-10.92,
            "인구총점":8.554,
            "일자리":9.51,
            "소득수준":80.44,
            "일자리총점":30.789,
            "가치 총점":37.2825,
            "매매실거래년":20211022.0,
            "매매실거래가":12300.0,
            "전세실거래년":20200713.0,
            "전세실거래가":8000.0,
            "전세가율":65.04,
            "장기전세가율평균":72.12,
            "전세가율거품지수":7.08,
            "검색코드":106330,
            "세대수":112.0,
            "준공년월":"1990-12-28",
            "준공년차":33.0,
            "가까운역이름":"NA",
            "가까운역거리":"NA",
            "역세권여부":"NA",
            "30분이내주요거점역":"NA",
            "30분거점역이름":"NA",
            "1시간이내주요거점역":"NA",
            "1시간거점역이름":"NA",
            "3km이내백화점수":1,
            "5km이내아울렛몰수":0,
            "1km이내대형먀트수":0,
            "500m이내은행수":2,
            "500m이내병원수":0,
            "5km이내대형병원수":1,
            "500m이내공원수":10,
            "3km이내혐오시설수":0,
            "초등학교학업성취도":89.99,
            "중학교학업성취도":83.9,
            "용적률":0,
            "건폐율":0,
            "Y":35.514309,
            "X":129.429423,
            "rank":40.0,
            "area_info":"29평(97.16)",
            "last_sales":"2021-10-22,12300.0,29평(97.16)",
            "rank_history":[
                [
                    "202202",
                    40
                ],
                [
                    "202201",
                    38
                ]
            ],
            "rank_gap":-2
        },
        {
            "index":171,
            "아파트명":"은하",
            "투자타입":"재건축",
            "전용면적(m2)":"72.04",
            "전용면적(평)":"21평",
            "법정동주소":"울산시 동구 전하동 393-3",
            "도로명주소":"울산시 동구 진성6길 155-4",
            "세대수":0,
            "입주년차":"--",
            "용적률점수":0,
            "건폐율점수":0,
            "세대당주차수":"--",
            "난방방식":"--",
            "공급면적":50,
            "전용률":100,
            "욕실수":"--",
            "현관타입":"--",
            "주거총점":7.5,
            "지역구공급총점":0.0,
            "역세권":"NA",
            "30분내 이동가능 거점":"NA",
            "1시간내 이동가능 거점":"NA",
            "교통총점":"NA",
            "백화점":100,
            "아울렛몰":0,
            "대형마트":0,
            "은행":0,
            "병원":0,
            "종합병원":80,
            "공원":100,
            "혐오시설":0,
            "인프라총점":49.0,
            "초등학군":90.0,
            "중학군":50.54,
            "학군총점":58.432,
            "인구수":16.9,
            "인구증감":-10.92,
            "인구총점":8.554,
            "일자리":9.51,
            "소득수준":80.44,
            "일자리총점":30.789,
            "가치 총점":36.833,
            "매매실거래년":20210409.0,
            "매매실거래가":14000.0,
            "전세실거래년":20210610.0,
            "전세실거래가":8500.0,
            "전세가율":78.7,
            "장기전세가율평균":72.12,
            "전세가율거품지수":-6.58,
            "검색코드":14664,
            "세대수":100.0,
            "준공년월":"1985-07-22",
            "준공년차":38.0,
            "가까운역이름":"NA",
            "가까운역거리":"NA",
            "역세권여부":"NA",
            "30분이내주요거점역":"NA",
            "30분거점역이름":"NA",
            "1시간이내주요거점역":"NA",
            "1시간거점역이름":"NA",
            "3km이내백화점수":1,
            "5km이내아울렛몰수":0,
            "1km이내대형먀트수":0,
            "500m이내은행수":1,
            "500m이내병원수":0,
            "5km이내대형병원수":1,
            "500m이내공원수":10,
            "3km이내혐오시설수":0,
            "초등학교학업성취도":90.0,
            "중학교학업성취도":83.9,
            "용적률":0,
            "건폐율":0,
            "Y":35.50716,
            "X":129.420401,
            "rank":41.0,
            "area_info":"21평(72.04), 26평(86.63)",
            "last_sales":"2021-04-09,14000.0,26평(86.63)",
            "rank_history":[
                [
                    "202202",
                    41
                ],
                [
                    "202201",
                    49
                ]
            ],
            "rank_gap":8
        },
        {
            "index":98,
            "아파트명":"남목현대",
            "투자타입":"재건축",
            "전용면적(m2)":"79.87",
            "전용면적(평)":"24평",
            "법정동주소":"울산시 동구 서부동 591",
            "도로명주소":"울산시 동구 제기천길 7-10",
            "세대수":0,
            "입주년차":"--",
            "용적률점수":0,
            "건폐율점수":0,
            "세대당주차수":"--",
            "난방방식":"--",
            "공급면적":50,
            "전용률":60,
            "욕실수":"--",
            "현관타입":"--",
            "주거총점":5.5,
            "지역구공급총점":0.0,
            "역세권":"NA",
            "30분내 이동가능 거점":"NA",
            "1시간내 이동가능 거점":"NA",
            "교통총점":"NA",
            "백화점":100,
            "아울렛몰":0,
            "대형마트":0,
            "은행":0,
            "병원":0,
            "종합병원":80,
            "공원":100,
            "혐오시설":0,
            "인프라총점":49.0,
            "초등학군":90.0,
            "중학군":53.9,
            "학군총점":61.12,
            "인구수":16.9,
            "인구증감":-10.92,
            "인구총점":8.554,
            "일자리":9.51,
            "소득수준":80.44,
            "일자리총점":30.789,
            "가치 총점":36.805,
            "매매실거래년":20211016.0,
            "매매실거래가":9800.0,
            "전세실거래년":20210321.0,
            "전세실거래가":10800.0,
            "전세가율":110.2,
            "장기전세가율평균":72.12,
            "전세가율거품지수":-38.08,
            "검색코드":26129,
            "세대수":135.0,
            "준공년월":"1992-02-28",
            "준공년차":31.0,
            "가까운역이름":"NA",
            "가까운역거리":"NA",
            "역세권여부":"NA",
            "30분이내주요거점역":"NA",
            "30분거점역이름":"NA",
            "1시간이내주요거점역":"NA",
            "1시간거점역이름":"NA",
            "3km이내백화점수":1,
            "5km이내아울렛몰수":0,
            "1km이내대형먀트수":0,
            "500m이내은행수":1,
            "500m이내병원수":0,
            "5km이내대형병원수":1,
            "500m이내공원수":2,
            "3km이내혐오시설수":0,
            "초등학교학업성취도":90.0,
            "중학교학업성취도":89.1,
            "용적률":0,
            "건폐율":0,
            "Y":35.53865,
            "X":129.4245,
            "rank":42.0,
            "area_info":"24평(79.87)",
            "last_sales":"2021-10-16,9800.0,24평(79.87)",
            "rank_history":[
                [
                    "202202",
                    42
                ],
                [
                    "202201",
                    41
                ]
            ],
            "rank_gap":-1
        },
        {
            "index":50,
            "아파트명":"현대하이야트2",
            "투자타입":"재건축",
            "전용면적(m2)":"72.16",
            "전용면적(평)":"21평",
            "법정동주소":"울산시 동구 동부동 남목지구일단의주택지조성사업지구5블럭1롯트",
            "도로명주소":"울산시 동구 옥류로 65",
            "세대수":0,
            "입주년차":"--",
            "용적률점수":0,
            "건폐율점수":0,
            "세대당주차수":"--",
            "난방방식":"--",
            "공급면적":50,
            "전용률":60,
            "욕실수":"--",
            "현관타입":"--",
            "주거총점":5.5,
            "지역구공급총점":0.0,
            "역세권":"NA",
            "30분내 이동가능 거점":"NA",
            "1시간내 이동가능 거점":"NA",
            "교통총점":"NA",
            "백화점":100,
            "아울렛몰":0,
            "대형마트":0,
            "은행":0,
            "병원":0,
            "종합병원":80,
            "공원":100,
            "혐오시설":0,
            "인프라총점":49.0,
            "초등학군":90.0,
            "중학군":53.9,
            "학군총점":61.12,
            "인구수":16.9,
            "인구증감":-10.92,
            "인구총점":8.554,
            "일자리":9.51,
            "소득수준":80.44,
            "일자리총점":30.789,
            "가치 총점":36.805,
            "매매실거래년":20220115.0,
            "매매실거래가":10000.0,
            "전세실거래년":20160413.0,
            "전세실거래가":9000.0,
            "전세가율":112.5,
            "장기전세가율평균":72.12,
            "전세가율거품지수":-40.38,
            "검색코드":6211,
            "세대수":196.0,
            "준공년월":"1991-12-01",
            "준공년차":32.0,
            "가까운역이름":"NA",
            "가까운역거리":"NA",
            "역세권여부":"NA",
            "30분이내주요거점역":"NA",
            "30분거점역이름":"NA",
            "1시간이내주요거점역":"NA",
            "1시간거점역이름":"NA",
            "3km이내백화점수":1,
            "5km이내아울렛몰수":0,
            "1km이내대형먀트수":0,
            "500m이내은행수":0,
            "500m이내병원수":0,
            "5km이내대형병원수":1,
            "500m이내공원수":10,
            "3km이내혐오시설수":0,
            "초등학교학업성취도":90.0,
            "중학교학업성취도":89.1,
            "용적률":0,
            "건폐율":0,
            "Y":35.544957,
            "X":129.424464,
            "rank":42.0,
            "area_info":"21평(72.16), 24평(81.79)",
            "last_sales":"2022-01-15,10000.0,24평(81.79)",
            "rank_history":[
                [
                    "202202",
                    42
                ],
                [
                    "202201",
                    46
                ]
            ],
            "rank_gap":4
        },
        {
            "index":5,
            "아파트명":"남목현대",
            "투자타입":"재건축",
            "전용면적(m2)":"64.16",
            "전용면적(평)":"19평",
            "법정동주소":"울산시 동구 동부동 672",
            "도로명주소":"울산시 동구 남목12길 17",
            "세대수":0,
            "입주년차":"--",
            "용적률점수":0,
            "건폐율점수":0,
            "세대당주차수":"--",
            "난방방식":"--",
            "공급면적":50,
            "전용률":60,
            "욕실수":"--",
            "현관타입":"--",
            "주거총점":5.5,
            "지역구공급총점":0.0,
            "역세권":"NA",
            "30분내 이동가능 거점":"NA",
            "1시간내 이동가능 거점":"NA",
            "교통총점":"NA",
            "백화점":100,
            "아울렛몰":0,
            "대형마트":0,
            "은행":0,
            "병원":0,
            "종합병원":80,
            "공원":100,
            "혐오시설":0,
            "인프라총점":49.0,
            "초등학군":90.0,
            "중학군":53.9,
            "학군총점":61.12,
            "인구수":16.9,
            "인구증감":-10.92,
            "인구총점":8.554,
            "일자리":9.51,
            "소득수준":80.44,
            "일자리총점":30.789,
            "가치 총점":36.805,
            "매매실거래년":20220127.0,
            "매매실거래가":6000.0,
            "전세실거래년":20200829.0,
            "전세실거래가":5500.0,
            "전세가율":91.67,
            "장기전세가율평균":72.12,
            "전세가율거품지수":-19.55,
            "검색코드":6171,
            "세대수":297.0,
            "준공년월":"1992-01-31",
            "준공년차":31.0,
            "가까운역이름":"NA",
            "가까운역거리":"NA",
            "역세권여부":"NA",
            "30분이내주요거점역":"NA",
            "30분거점역이름":"NA",
            "1시간이내주요거점역":"NA",
            "1시간거점역이름":"NA",
            "3km이내백화점수":1,
            "5km이내아울렛몰수":0,
            "1km이내대형먀트수":0,
            "500m이내은행수":0,
            "500m이내병원수":0,
            "5km이내대형병원수":1,
            "500m이내공원수":12,
            "3km이내혐오시설수":0,
            "초등학교학업성취도":90.0,
            "중학교학업성취도":89.1,
            "용적률":0,
            "건폐율":0,
            "Y":35.545812,
            "X":129.4276,
            "rank":42.0,
            "area_info":"19평(64.16), 20평(69.22), 25평(83.21), 27평(90.67)",
            "last_sales":"2022-01-27,6000.0,19평(64.16)",
            "rank_history":[
                [
                    "202202",
                    42
                ],
                [
                    "202201",
                    48
                ]
            ],
            "rank_gap":6
        },
        {
            "index":29,
            "아파트명":"아성오우션맨션",
            "투자타입":"재건축",
            "전용면적(m2)":"75.03",
            "전용면적(평)":"22평",
            "법정동주소":"울산시 동구 동부동 350-1",
            "도로명주소":"울산시 동구 남목13길 22",
            "세대수":0,
            "입주년차":"--",
            "용적률점수":0,
            "건폐율점수":0,
            "세대당주차수":"--",
            "난방방식":"--",
            "공급면적":50,
            "전용률":60,
            "욕실수":"--",
            "현관타입":"--",
            "주거총점":5.5,
            "지역구공급총점":0.0,
            "역세권":"NA",
            "30분내 이동가능 거점":"NA",
            "1시간내 이동가능 거점":"NA",
            "교통총점":"NA",
            "백화점":100,
            "아울렛몰":0,
            "대형마트":0,
            "은행":0,
            "병원":0,
            "종합병원":80,
            "공원":100,
            "혐오시설":0,
            "인프라총점":49.0,
            "초등학군":90.0,
            "중학군":53.9,
            "학군총점":61.12,
            "인구수":16.9,
            "인구증감":-10.92,
            "인구총점":8.554,
            "일자리":9.51,
            "소득수준":80.44,
            "일자리총점":30.789,
            "가치 총점":36.805,
            "매매실거래년":20220122.0,
            "매매실거래가":8000.0,
            "전세실거래년":20211210.0,
            "전세실거래가":9000.0,
            "전세가율":112.5,
            "장기전세가율평균":72.12,
            "전세가율거품지수":-40.38,
            "검색코드":6192,
            "세대수":298.0,
            "준공년월":"1992-05-19",
            "준공년차":31.0,
            "가까운역이름":"NA",
            "가까운역거리":"NA",
            "역세권여부":"NA",
            "30분이내주요거점역":"NA",
            "30분거점역이름":"NA",
            "1시간이내주요거점역":"NA",
            "1시간거점역이름":"NA",
            "3km이내백화점수":1,
            "5km이내아울렛몰수":0,
            "1km이내대형먀트수":0,
            "500m이내은행수":0,
            "500m이내병원수":0,
            "5km이내대형병원수":1,
            "500m이내공원수":12,
            "3km이내혐오시설수":0,
            "초등학교학업성취도":90.0,
            "중학교학업성취도":89.1,
            "용적률":0,
            "건폐율":0,
            "Y":35.54416,
            "X":129.42786,
            "rank":42.0,
            "area_info":"22평(75.03), 25평(83.88), 27평(91.39), 33평(110.31)",
            "last_sales":"2022-01-22,8000.0,22평(75.03)",
            "rank_history":[
                [
                    "202202",
                    42
                ],
                [
                    "202201",
                    48
                ]
            ],
            "rank_gap":6
        },
        {
            "index":24,
            "아파트명":"신안그린파크",
            "투자타입":"재건축",
            "전용면적(m2)":"79.01",
            "전용면적(평)":"23평",
            "법정동주소":"울산시 동구 동부동 664",
            "도로명주소":"울산시 동구 남목12길 39",
            "세대수":0,
            "입주년차":"--",
            "용적률점수":0,
            "건폐율점수":0,
            "세대당주차수":"--",
            "난방방식":"--",
            "공급면적":50,
            "전용률":60,
            "욕실수":"--",
            "현관타입":"--",
            "주거총점":5.5,
            "지역구공급총점":0.0,
            "역세권":"NA",
            "30분내 이동가능 거점":"NA",
            "1시간내 이동가능 거점":"NA",
            "교통총점":"NA",
            "백화점":100,
            "아울렛몰":0,
            "대형마트":0,
            "은행":0,
            "병원":0,
            "종합병원":80,
            "공원":100,
            "혐오시설":0,
            "인프라총점":49.0,
            "초등학군":90.0,
            "중학군":53.9,
            "학군총점":61.12,
            "인구수":16.9,
            "인구증감":-10.92,
            "인구총점":8.554,
            "일자리":9.51,
            "소득수준":80.44,
            "일자리총점":30.789,
            "가치 총점":36.805,
            "매매실거래년":20211026.0,
            "매매실거래가":10000.0,
            "전세실거래년":20211009.0,
            "전세실거래가":9000.0,
            "전세가율":90.0,
            "장기전세가율평균":72.12,
            "전세가율거품지수":-17.88,
            "검색코드":6186,
            "세대수":266.0,
            "준공년월":"1991-11-30",
            "준공년차":32.0,
            "가까운역이름":"NA",
            "가까운역거리":"NA",
            "역세권여부":"NA",
            "30분이내주요거점역":"NA",
            "30분거점역이름":"NA",
            "1시간이내주요거점역":"NA",
            "1시간거점역이름":"NA",
            "3km이내백화점수":1,
            "5km이내아울렛몰수":0,
            "1km이내대형먀트수":0,
            "500m이내은행수":0,
            "500m이내병원수":0,
            "5km이내대형병원수":1,
            "500m이내공원수":5,
            "3km이내혐오시설수":0,
            "초등학교학업성취도":90.0,
            "중학교학업성취도":89.1,
            "용적률":0,
            "건폐율":0,
            "Y":35.546106,
            "X":129.430208,
            "rank":42.0,
            "area_info":"23평(79.01), 25평(85.29), 28평(94.38), 30평(101.78), 33평(110.79)",
            "last_sales":"2021-10-26,10000.0,23평(79.01)",
            "rank_history":[
                [
                    "202202",
                    42
                ],
                [
                    "202201",
                    50
                ]
            ],
            "rank_gap":8
        },
        {
            "index":173,
            "아파트명":"일산5단지",
            "투자타입":"재건축",
            "전용면적(m2)":"78.79",
            "전용면적(평)":"23평",
            "법정동주소":"울산시 동구 전하동 670",
            "도로명주소":"울산시 동구 진성6길 110",
            "세대수":0,
            "입주년차":"--",
            "용적률점수":0,
            "건폐율점수":0,
            "세대당주차수":"--",
            "난방방식":"--",
            "공급면적":50,
            "전용률":80,
            "욕실수":"--",
            "현관타입":"--",
            "주거총점":6.5,
            "지역구공급총점":0.0,
            "역세권":"NA",
            "30분내 이동가능 거점":"NA",
            "1시간내 이동가능 거점":"NA",
            "교통총점":"NA",
            "백화점":100,
            "아울렛몰":0,
            "대형마트":0,
            "은행":0,
            "병원":0,
            "종합병원":80,
            "공원":100,
            "혐오시설":0,
            "인프라총점":49.0,
            "초등학군":90.0,
            "중학군":50.54,
            "학군총점":58.432,
            "인구수":16.9,
            "인구증감":-10.92,
            "인구총점":8.554,
            "일자리":9.51,
            "소득수준":80.44,
            "일자리총점":30.789,
            "가치 총점":36.483,
            "매매실거래년":20211111.0,
            "매매실거래가":22500.0,
            "전세실거래년":20211116.0,
            "전세실거래가":12500.0,
            "전세가율":73.53,
            "장기전세가율평균":72.12,
            "전세가율거품지수":-1.41,
            "검색코드":6264,
            "세대수":170.0,
            "준공년월":"1990-07-13",
            "준공년차":33.0,
            "가까운역이름":"NA",
            "가까운역거리":"NA",
            "역세권여부":"NA",
            "30분이내주요거점역":"NA",
            "30분거점역이름":"NA",
            "1시간이내주요거점역":"NA",
            "1시간거점역이름":"NA",
            "3km이내백화점수":1,
            "5km이내아울렛몰수":0,
            "1km이내대형먀트수":0,
            "500m이내은행수":1,
            "500m이내병원수":0,
            "5km이내대형병원수":1,
            "500m이내공원수":14,
            "3km이내혐오시설수":0,
            "초등학교학업성취도":90.0,
            "중학교학업성취도":83.9,
            "용적률":0,
            "건폐율":0,
            "Y":35.507527,
            "X":129.422116,
            "rank":43.0,
            "area_info":"23평(78.79), 26평(88.13)",
            "last_sales":"2021-11-11,22500.0,26평(88.13)",
            "rank_history":[
                [
                    "202202",
                    43
                ],
                [
                    "202201",
                    47
                ]
            ],
            "rank_gap":4
        },
        {
            "index":77,
            "아파트명":"우진(1138-1)",
            "투자타입":"일반",
            "전용면적(m2)":"75.88",
            "전용면적(평)":"22평",
            "법정동주소":"울산시 동구 방어동 1138-1",
            "도로명주소":"울산시 동구 문재3길 34",
            "세대수":0,
            "입주년차":0,
            "용적률점수":"--",
            "건폐율점수":"--",
            "세대당주차수":0,
            "난방방식":30,
            "공급면적":"--",
            "전용률":"--",
            "욕실수":100,
            "현관타입":100,
            "주거총점":23.0,
            "지역구공급총점":0.0,
            "역세권":"NA",
            "30분내 이동가능 거점":"NA",
            "1시간내 이동가능 거점":"NA",
            "교통총점":"NA",
            "백화점":0,
            "아울렛몰":0,
            "대형마트":80,
            "은행":0,
            "병원":0,
            "종합병원":80,
            "공원":100,
            "혐오시설":0,
            "인프라총점":31.0,
            "초등학군":89.98,
            "중학군":54.78,
            "학군총점":61.82,
            "인구수":16.9,
            "인구증감":-10.92,
            "인구총점":8.554,
            "일자리":9.51,
            "소득수준":80.44,
            "일자리총점":30.789,
            "가치 총점":35.905,
            "매매실거래년":"18000101",
            "매매실거래가":null,
            "전세실거래년":null,
            "전세실거래가":null,
            "전세가율":null,
            "장기전세가율평균":72.12,
            "전세가율거품지수":null,
            "검색코드":132614,
            "세대수":299.0,
            "준공년월":"1998-10-12",
            "준공년차":25.0,
            "가까운역이름":"NA",
            "가까운역거리":"NA",
            "역세권여부":"NA",
            "30분이내주요거점역":"NA",
            "30분거점역이름":"NA",
            "1시간이내주요거점역":"NA",
            "1시간거점역이름":"NA",
            "3km이내백화점수":0,
            "5km이내아울렛몰수":0,
            "1km이내대형먀트수":1,
            "500m이내은행수":0,
            "500m이내병원수":0,
            "5km이내대형병원수":1,
            "500m이내공원수":10,
            "3km이내혐오시설수":0,
            "초등학교학업성취도":89.98,
            "중학교학업성취도":90.3,
            "용적률":282,
            "건폐율":48,
            "Y":35.483691,
            "X":129.416995,
            "rank":44.0,
            "area_info":"22평(75.88)",
            "last_sales":"1800-01-01,nan,22평(75.88)",
            "rank_history":[
                [
                    "202202",
                    44
                ],
                [
                    "202201",
                    55
                ]
            ],
            "rank_gap":11
        },
        {
            "index":74,
            "아파트명":"문현아이파크",
            "투자타입":"일반",
            "전용면적(m2)":"112.86",
            "전용면적(평)":"34평",
            "법정동주소":"울산시 동구 방어동 1122",
            "도로명주소":"울산시 동구 문현6길 19",
            "세대수":0,
            "입주년차":40,
            "용적률점수":"--",
            "건폐율점수":"--",
            "세대당주차수":30,
            "난방방식":30,
            "공급면적":"--",
            "전용률":"--",
            "욕실수":100,
            "현관타입":100,
            "주거총점":35.5,
            "지역구공급총점":0.0,
            "역세권":"NA",
            "30분내 이동가능 거점":"NA",
            "1시간내 이동가능 거점":"NA",
            "교통총점":"NA",
            "백화점":0,
            "아울렛몰":0,
            "대형마트":0,
            "은행":0,
            "병원":0,
            "종합병원":80,
            "공원":100,
            "혐오시설":0,
            "인프라총점":19.0,
            "초등학군":89.98,
            "중학군":54.78,
            "학군총점":61.82,
            "인구수":16.9,
            "인구증감":-10.92,
            "인구총점":8.554,
            "일자리":9.51,
            "소득수준":80.44,
            "일자리총점":30.789,
            "가치 총점":35.48,
            "매매실거래년":20211024.0,
            "매매실거래가":31500.0,
            "전세실거래년":20210806.0,
            "전세실거래가":24000.0,
            "전세가율":76.19,
            "장기전세가율평균":72.12,
            "전세가율거품지수":-4.07,
            "검색코드":101589,
            "세대수":240.0,
            "준공년월":"2007-01-11",
            "준공년차":16.0,
            "가까운역이름":"NA",
            "가까운역거리":"NA",
            "역세권여부":"NA",
            "30분이내주요거점역":"NA",
            "30분거점역이름":"NA",
            "1시간이내주요거점역":"NA",
            "1시간거점역이름":"NA",
            "3km이내백화점수":0,
            "5km이내아울렛몰수":0,
            "1km이내대형먀트수":0,
            "500m이내은행수":0,
            "500m이내병원수":0,
            "5km이내대형병원수":1,
            "500m이내공원수":13,
            "3km이내혐오시설수":0,
            "초등학교학업성취도":89.98,
            "중학교학업성취도":90.3,
            "용적률":147,
            "건폐율":16,
            "Y":35.486635,
            "X":129.412172,
            "rank":45.0,
            "area_info":"34평(112.86)",
            "last_sales":"2021-10-24,31500.0,34평(112.86)",
            "rank_history":[
                [
                    "202202",
                    45
                ],
                [
                    "202201",
                    52
                ]
            ],
            "rank_gap":7
        },
        {
            "index":217,
            "아파트명":"대송현대(목재)",
            "투자타입":"재건축",
            "전용면적(m2)":"60.69",
            "전용면적(평)":"18평",
            "법정동주소":"울산시 동구 화정동 136",
            "도로명주소":"울산시 동구 대송4길 5",
            "세대수":0,
            "입주년차":"--",
            "용적률점수":0,
            "건폐율점수":0,
            "세대당주차수":"--",
            "난방방식":"--",
            "공급면적":50,
            "전용률":60,
            "욕실수":"--",
            "현관타입":"--",
            "주거총점":5.5,
            "지역구공급총점":0.0,
            "역세권":"NA",
            "30분내 이동가능 거점":"NA",
            "1시간내 이동가능 거점":"NA",
            "교통총점":"NA",
            "백화점":100,
            "아울렛몰":0,
            "대형마트":0,
            "은행":0,
            "병원":0,
            "종합병원":80,
            "공원":100,
            "혐오시설":0,
            "인프라총점":49.0,
            "초등학군":90.0,
            "중학군":45.12,
            "학군총점":54.096,
            "인구수":16.9,
            "인구증감":-10.92,
            "인구총점":8.554,
            "일자리":9.51,
            "소득수준":80.44,
            "일자리총점":30.789,
            "가치 총점":35.049,
            "매매실거래년":20211215.0,
            "매매실거래가":13800.0,
            "전세실거래년":20201004.0,
            "전세실거래가":6000.0,
            "전세가율":71.43,
            "장기전세가율평균":72.12,
            "전세가율거품지수":0.69,
            "검색코드":6275,
            "세대수":212.0,
            "준공년월":"1990-06-30",
            "준공년차":33.0,
            "가까운역이름":"NA",
            "가까운역거리":"NA",
            "역세권여부":"NA",
            "30분이내주요거점역":"NA",
            "30분거점역이름":"NA",
            "1시간이내주요거점역":"NA",
            "1시간거점역이름":"NA",
            "3km이내백화점수":1,
            "5km이내아울렛몰수":0,
            "1km이내대형먀트수":0,
            "500m이내은행수":1,
            "500m이내병원수":0,
            "5km이내대형병원수":1,
            "500m이내공원수":8,
            "3km이내혐오시설수":0,
            "초등학교학업성취도":90.0,
            "중학교학업성취도":74.8,
            "용적률":0,
            "건폐율":0,
            "Y":35.503796,
            "X":129.417498,
            "rank":46.0,
            "area_info":"18평(60.69), 23평(76.55), 25평(83.35)",
            "last_sales":"2021-12-15,13800.0,23평(76.55)",
            "rank_history":[
                [
                    "202202",
                    46
                ],
                [
                    "202201",
                    53
                ]
            ],
            "rank_gap":7
        },
        {
            "index":75,
            "아파트명":"삼전아이필2차",
            "투자타입":"일반",
            "전용면적(m2)":"80.16",
            "전용면적(평)":"24평",
            "법정동주소":"울산시 동구 방어동 971-1",
            "도로명주소":"울산시 동구 화잠1길 29",
            "세대수":0,
            "입주년차":40,
            "용적률점수":"--",
            "건폐율점수":"--",
            "세대당주차수":0,
            "난방방식":30,
            "공급면적":"--",
            "전용률":"--",
            "욕실수":50,
            "현관타입":100,
            "주거총점":26.0,
            "지역구공급총점":0.0,
            "역세권":"NA",
            "30분내 이동가능 거점":"NA",
            "1시간내 이동가능 거점":"NA",
            "교통총점":"NA",
            "백화점":0,
            "아울렛몰":0,
            "대형마트":0,
            "은행":0,
            "병원":0,
            "종합병원":80,
            "공원":100,
            "혐오시설":0,
            "인프라총점":19.0,
            "초등학군":89.98,
            "중학군":54.78,
            "학군총점":61.82,
            "인구수":16.9,
            "인구증감":-10.92,
            "인구총점":8.554,
            "일자리":9.51,
            "소득수준":80.44,
            "일자리총점":30.789,
            "가치 총점":32.155,
            "매매실거래년":20211005.0,
            "매매실거래가":16000.0,
            "전세실거래년":20210608.0,
            "전세실거래가":12000.0,
            "전세가율":75.0,
            "장기전세가율평균":72.12,
            "전세가율거품지수":-2.88,
            "검색코드":104803,
            "세대수":121.0,
            "준공년월":"2005-09-01",
            "준공년차":18.0,
            "가까운역이름":"NA",
            "가까운역거리":"NA",
            "역세권여부":"NA",
            "30분이내주요거점역":"NA",
            "30분거점역이름":"NA",
            "1시간이내주요거점역":"NA",
            "1시간거점역이름":"NA",
            "3km이내백화점수":0,
            "5km이내아울렛몰수":0,
            "1km이내대형먀트수":0,
            "500m이내은행수":0,
            "500m이내병원수":0,
            "5km이내대형병원수":1,
            "500m이내공원수":13,
            "3km이내혐오시설수":0,
            "초등학교학업성취도":89.98,
            "중학교학업성취도":90.3,
            "용적률":194,
            "건폐율":24,
            "Y":35.485164,
            "X":129.410008,
            "rank":47.0,
            "area_info":"24평(80.16)",
            "last_sales":"2021-10-05,16000.0,24평(80.16)",
            "rank_history":[
                [
                    "202202",
                    47
                ],
                [
                    "202201",
                    56
                ]
            ],
            "rank_gap":9
        },
        {
            "index":245,
            "아파트명":"현대2차",
            "투자타입":"재건축",
            "전용면적(m2)":"76.58",
            "전용면적(평)":"23평",
            "법정동주소":"울산시 동구 화정동 851-5",
            "도로명주소":"울산시 동구 봉수로 94",
            "세대수":0,
            "입주년차":"--",
            "용적률점수":0,
            "건폐율점수":40,
            "세대당주차수":"--",
            "난방방식":"--",
            "공급면적":50,
            "전용률":60,
            "욕실수":"--",
            "현관타입":"--",
            "주거총점":13.5,
            "지역구공급총점":0.0,
            "역세권":"NA",
            "30분내 이동가능 거점":"NA",
            "1시간내 이동가능 거점":"NA",
            "교통총점":"NA",
            "백화점":0,
            "아울렛몰":0,
            "대형마트":80,
            "은행":0,
            "병원":0,
            "종합병원":80,
            "공원":100,
            "혐오시설":0,
            "인프라총점":31.0,
            "초등학군":90.01,
            "중학군":46.98,
            "학군총점":55.586,
            "인구수":16.9,
            "인구증감":-10.92,
            "인구총점":8.554,
            "일자리":9.51,
            "소득수준":80.44,
            "일자리총점":30.789,
            "가치 총점":31.0215,
            "매매실거래년":20211202.0,
            "매매실거래가":11400.0,
            "전세실거래년":20220115.0,
            "전세실거래가":10500.0,
            "전세가율":92.11,
            "장기전세가율평균":72.12,
            "전세가율거품지수":-19.99,
            "검색코드":14678,
            "세대수":163.0,
            "준공년월":"1992-09-15",
            "준공년차":31.0,
            "가까운역이름":"NA",
            "가까운역거리":"NA",
            "역세권여부":"NA",
            "30분이내주요거점역":"NA",
            "30분거점역이름":"NA",
            "1시간이내주요거점역":"NA",
            "1시간거점역이름":"NA",
            "3km이내백화점수":0,
            "5km이내아울렛몰수":0,
            "1km이내대형먀트수":1,
            "500m이내은행수":1,
            "500m이내병원수":0,
            "5km이내대형병원수":1,
            "500m이내공원수":5,
            "3km이내혐오시설수":0,
            "초등학교학업성취도":90.01,
            "중학교학업성취도":78.3,
            "용적률":315,
            "건폐율":35,
            "Y":35.496039,
            "X":129.418795,
            "rank":48.0,
            "area_info":"23평(76.58)",
            "last_sales":"2021-12-02,11400.0,23평(76.58)",
            "rank_history":[
                [
                    "202202",
                    48
                ],
                [
                    "202201",
                    54
                ]
            ],
            "rank_gap":6
        },
        {
            "index":235,
            "아파트명":"송정타워맨션3차",
            "투자타입":"재건축",
            "전용면적(m2)":"81.02",
            "전용면적(평)":"24평",
            "법정동주소":"울산시 동구 화정동 872-1",
            "도로명주소":"울산시 동구 월봉12길 50",
            "세대수":0,
            "입주년차":"--",
            "용적률점수":0,
            "건폐율점수":0,
            "세대당주차수":"--",
            "난방방식":"--",
            "공급면적":70,
            "전용률":80,
            "욕실수":"--",
            "현관타입":"--",
            "주거총점":7.5,
            "지역구공급총점":0.0,
            "역세권":"NA",
            "30분내 이동가능 거점":"NA",
            "1시간내 이동가능 거점":"NA",
            "교통총점":"NA",
            "백화점":0,
            "아울렛몰":0,
            "대형마트":100,
            "은행":0,
            "병원":0,
            "종합병원":80,
            "공원":100,
            "혐오시설":0,
            "인프라총점":34.0,
            "초등학군":90.01,
            "중학군":46.98,
            "학군총점":55.586,
            "인구수":16.9,
            "인구증감":-10.92,
            "인구총점":8.554,
            "일자리":9.51,
            "소득수준":80.44,
            "일자리총점":30.789,
            "가치 총점":30.1215,
            "매매실거래년":20210816.0,
            "매매실거래가":10700.0,
            "전세실거래년":20211112.0,
            "전세실거래가":7000.0,
            "전세가율":65.42,
            "장기전세가율평균":72.12,
            "전세가율거품지수":6.7,
            "검색코드":104763,
            "세대수":147.0,
            "준공년월":"1990-06-11",
            "준공년차":33.0,
            "가까운역이름":"NA",
            "가까운역거리":"NA",
            "역세권여부":"NA",
            "30분이내주요거점역":"NA",
            "30분거점역이름":"NA",
            "1시간이내주요거점역":"NA",
            "1시간거점역이름":"NA",
            "3km이내백화점수":0,
            "5km이내아울렛몰수":0,
            "1km이내대형먀트수":2,
            "500m이내은행수":0,
            "500m이내병원수":0,
            "5km이내대형병원수":1,
            "500m이내공원수":10,
            "3km이내혐오시설수":0,
            "초등학교학업성취도":90.01,
            "중학교학업성취도":78.3,
            "용적률":0,
            "건폐율":0,
            "Y":35.4924,
            "X":129.42088,
            "rank":49.0,
            "area_info":"24평(81.02)",
            "last_sales":"2021-08-16,10700.0,24평(81.02)",
            "rank_history":[
                [
                    "202202",
                    49
                ],
                [
                    "202201",
                    58
                ]
            ],
            "rank_gap":9
        },
        {
            "index":52,
            "아파트명":"꽃바위현대",
            "투자타입":"일반",
            "전용면적(m2)":"82.61",
            "전용면적(평)":"24평",
            "법정동주소":"울산시 동구 방어동 971",
            "도로명주소":"울산시 동구 화잠9길 45",
            "세대수":30,
            "입주년차":0,
            "용적률점수":"--",
            "건폐율점수":"--",
            "세대당주차수":0,
            "난방방식":30,
            "공급면적":"--",
            "전용률":"--",
            "욕실수":50,
            "현관타입":10,
            "주거총점":19.5,
            "지역구공급총점":0.0,
            "역세권":"NA",
            "30분내 이동가능 거점":"NA",
            "1시간내 이동가능 거점":"NA",
            "교통총점":"NA",
            "백화점":0,
            "아울렛몰":0,
            "대형마트":0,
            "은행":0,
            "병원":0,
            "종합병원":80,
            "공원":100,
            "혐오시설":0,
            "인프라총점":19.0,
            "초등학군":89.98,
            "중학군":54.78,
            "학군총점":61.82,
            "인구수":16.9,
            "인구증감":-10.92,
            "인구총점":8.554,
            "일자리":9.51,
            "소득수준":80.44,
            "일자리총점":30.789,
            "가치 총점":29.88,
            "매매실거래년":20220118.0,
            "매매실거래가":12000.0,
            "전세실거래년":20220114.0,
            "전세실거래가":10500.0,
            "전세가율":87.5,
            "장기전세가율평균":72.12,
            "전세가율거품지수":-15.38,
            "검색코드":14648,
            "세대수":351.0,
            "준공년월":"1995-09-06",
            "준공년차":28.0,
            "가까운역이름":"NA",
            "가까운역거리":"NA",
            "역세권여부":"NA",
            "30분이내주요거점역":"NA",
            "30분거점역이름":"NA",
            "1시간이내주요거점역":"NA",
            "1시간거점역이름":"NA",
            "3km이내백화점수":0,
            "5km이내아울렛몰수":0,
            "1km이내대형먀트수":0,
            "500m이내은행수":0,
            "500m이내병원수":0,
            "5km이내대형병원수":1,
            "500m이내공원수":12,
            "3km이내혐오시설수":0,
            "초등학교학업성취도":89.98,
            "중학교학업성취도":90.3,
            "용적률":211,
            "건폐율":22,
            "Y":35.483831,
            "X":129.409115,
            "rank":50.0,
            "area_info":"24평(82.61)",
            "last_sales":"2022-01-18,12000.0,24평(82.61)",
            "rank_history":[
                [
                    "202202",
                    50
                ],
                [
                    "202201",
                    59
                ]
            ],
            "rank_gap":9
        },
        {
            "index":53,
            "아파트명":"나래골든맨션",
            "투자타입":"일반",
            "전용면적(m2)":"81.8",
            "전용면적(평)":"24평",
            "법정동주소":"울산시 동구 방어동 193-1",
            "도로명주소":"울산시 동구 내진길 26",
            "세대수":0,
            "입주년차":0,
            "용적률점수":"--",
            "건폐율점수":"--",
            "세대당주차수":0,
            "난방방식":30,
            "공급면적":"--",
            "전용률":"--",
            "욕실수":50,
            "현관타입":10,
            "주거총점":9.0,
            "지역구공급총점":0.0,
            "역세권":"NA",
            "30분내 이동가능 거점":"NA",
            "1시간내 이동가능 거점":"NA",
            "교통총점":"NA",
            "백화점":0,
            "아울렛몰":0,
            "대형마트":80,
            "은행":0,
            "병원":0,
            "종합병원":80,
            "공원":100,
            "혐오시설":0,
            "인프라총점":31.0,
            "초등학군":90.01,
            "중학군":46.98,
            "학군총점":55.586,
            "인구수":16.9,
            "인구증감":-10.92,
            "인구총점":8.554,
            "일자리":9.51,
            "소득수준":80.44,
            "일자리총점":30.789,
            "가치 총점":29.4465,
            "매매실거래년":20211030.0,
            "매매실거래가":17200.0,
            "전세실거래년":20151112.0,
            "전세실거래가":9000.0,
            "전세가율":65.22,
            "장기전세가율평균":72.12,
            "전세가율거품지수":6.9,
            "검색코드":14649,
            "세대수":104.0,
            "준공년월":"1994-06-29",
            "준공년차":29.0,
            "가까운역이름":"NA",
            "가까운역거리":"NA",
            "역세권여부":"NA",
            "30분이내주요거점역":"NA",
            "30분거점역이름":"NA",
            "1시간이내주요거점역":"NA",
            "1시간거점역이름":"NA",
            "3km이내백화점수":0,
            "5km이내아울렛몰수":0,
            "1km이내대형먀트수":1,
            "500m이내은행수":0,
            "500m이내병원수":0,
            "5km이내대형병원수":1,
            "500m이내공원수":10,
            "3km이내혐오시설수":0,
            "초등학교학업성취도":90.01,
            "중학교학업성취도":78.3,
            "용적률":291,
            "건폐율":20,
            "Y":35.48587,
            "X":129.42563,
            "rank":51.0,
            "area_info":"24평(81.8), 24평(82.19), 24평(82.46), 33평(110.93), 34평(115.69), 50평(167.03)",
            "last_sales":"2021-10-30,17200.0,33평(110.93)",
            "rank_history":[
                [
                    "202202",
                    51
                ],
                [
                    "202201",
                    62
                ]
            ],
            "rank_gap":11
        },
        {
            "index":224,
            "아파트명":"대하크리스탈",
            "투자타입":"일반",
            "전용면적(m2)":"69.51",
            "전용면적(평)":"21평",
            "법정동주소":"울산시 동구 화정동 851-6",
            "도로명주소":"울산시 동구 양지5길 5",
            "세대수":0,
            "입주년차":0,
            "용적률점수":"--",
            "건폐율점수":"--",
            "세대당주차수":0,
            "난방방식":30,
            "공급면적":"--",
            "전용률":"--",
            "욕실수":50,
            "현관타입":10,
            "주거총점":9.0,
            "지역구공급총점":0.0,
            "역세권":"NA",
            "30분내 이동가능 거점":"NA",
            "1시간내 이동가능 거점":"NA",
            "교통총점":"NA",
            "백화점":0,
            "아울렛몰":0,
            "대형마트":80,
            "은행":0,
            "병원":0,
            "종합병원":80,
            "공원":100,
            "혐오시설":0,
            "인프라총점":31.0,
            "초등학군":90.01,
            "중학군":46.98,
            "학군총점":55.586,
            "인구수":16.9,
            "인구증감":-10.92,
            "인구총점":8.554,
            "일자리":9.51,
            "소득수준":80.44,
            "일자리총점":30.789,
            "가치 총점":29.4465,
            "매매실거래년":20211205.0,
            "매매실거래가":16800.0,
            "전세실거래년":20211016.0,
            "전세실거래가":9000.0,
            "전세가율":90.91,
            "장기전세가율평균":72.12,
            "전세가율거품지수":-18.79,
            "검색코드":14670,
            "세대수":277.0,
            "준공년월":"1993-02-02",
            "준공년차":30.0,
            "가까운역이름":"NA",
            "가까운역거리":"NA",
            "역세권여부":"NA",
            "30분이내주요거점역":"NA",
            "30분거점역이름":"NA",
            "1시간이내주요거점역":"NA",
            "1시간거점역이름":"NA",
            "3km이내백화점수":0,
            "5km이내아울렛몰수":0,
            "1km이내대형먀트수":1,
            "500m이내은행수":1,
            "500m이내병원수":0,
            "5km이내대형병원수":1,
            "500m이내공원수":7,
            "3km이내혐오시설수":0,
            "초등학교학업성취도":90.01,
            "중학교학업성취도":78.3,
            "용적률":336,
            "건폐율":35,
            "Y":35.496018,
            "X":129.419786,
            "rank":51.0,
            "area_info":"21평(69.51), 26평(87.32), 30평(101.46), 34평(112.77)",
            "last_sales":"2021-12-05,16800.0,30평(101.46)",
            "rank_history":[
                [
                    "202202",
                    51
                ],
                [
                    "202201",
                    57
                ]
            ],
            "rank_gap":6
        },
        {
            "index":236,
            "아파트명":"현대",
            "투자타입":"재건축",
            "전용면적(m2)":"66.54",
            "전용면적(평)":"20평",
            "법정동주소":"울산시 동구 화정동 876-4",
            "도로명주소":"울산시 동구 월봉8길 6",
            "세대수":0,
            "입주년차":"--",
            "용적률점수":0,
            "건폐율점수":0,
            "세대당주차수":"--",
            "난방방식":"--",
            "공급면적":50,
            "전용률":80,
            "욕실수":"--",
            "현관타입":"--",
            "주거총점":6.5,
            "지역구공급총점":0.0,
            "역세권":"NA",
            "30분내 이동가능 거점":"NA",
            "1시간내 이동가능 거점":"NA",
            "교통총점":"NA",
            "백화점":0,
            "아울렛몰":0,
            "대형마트":80,
            "은행":0,
            "병원":0,
            "종합병원":80,
            "공원":100,
            "혐오시설":0,
            "인프라총점":31.0,
            "초등학군":90.01,
            "중학군":46.98,
            "학군총점":55.586,
            "인구수":16.9,
            "인구증감":-10.92,
            "인구총점":8.554,
            "일자리":9.51,
            "소득수준":80.44,
            "일자리총점":30.789,
            "가치 총점":28.5715,
            "매매실거래년":20211020.0,
            "매매실거래가":8100.0,
            "전세실거래년":20211231.0,
            "전세실거래가":8000.0,
            "전세가율":98.77,
            "장기전세가율평균":72.12,
            "전세가율거품지수":-26.65,
            "검색코드":14675,
            "세대수":156.0,
            "준공년월":"1991-06-04",
            "준공년차":32.0,
            "가까운역이름":"NA",
            "가까운역거리":"NA",
            "역세권여부":"NA",
            "30분이내주요거점역":"NA",
            "30분거점역이름":"NA",
            "1시간이내주요거점역":"NA",
            "1시간거점역이름":"NA",
            "3km이내백화점수":0,
            "5km이내아울렛몰수":0,
            "1km이내대형먀트수":1,
            "500m이내은행수":0,
            "500m이내병원수":0,
            "5km이내대형병원수":1,
            "500m이내공원수":6,
            "3km이내혐오시설수":0,
            "초등학교학업성취도":90.01,
            "중학교학업성취도":78.3,
            "용적률":0,
            "건폐율":0,
            "Y":35.493003,
            "X":129.418675,
            "rank":52.0,
            "area_info":"20평(66.54), 23평(77.56), 25평(85.79), 26평(89.08)",
            "last_sales":"2021-10-20,8100.0,20평(66.54)",
            "rank_history":[
                [
                    "202202",
                    52
                ],
                [
                    "202201",
                    64
                ]
            ],
            "rank_gap":12
        },
        {
            "index":80,
            "아파트명":"풍성비치타운",
            "투자타입":"일반",
            "전용면적(m2)":"44.96",
            "전용면적(평)":"13평",
            "법정동주소":"울산시 동구 방어동 992-2",
            "도로명주소":"울산시 동구 꽃바위5길 27",
            "세대수":0,
            "입주년차":0,
            "용적률점수":"--",
            "건폐율점수":"--",
            "세대당주차수":0,
            "난방방식":30,
            "공급면적":"--",
            "전용률":"--",
            "욕실수":50,
            "현관타입":50,
            "주거총점":13.0,
            "지역구공급총점":0.0,
            "역세권":"NA",
            "30분내 이동가능 거점":"NA",
            "1시간내 이동가능 거점":"NA",
            "교통총점":"NA",
            "백화점":0,
            "아울렛몰":0,
            "대형마트":0,
            "은행":0,
            "병원":0,
            "종합병원":80,
            "공원":100,
            "혐오시설":0,
            "인프라총점":19.0,
            "초등학군":89.98,
            "중학군":54.78,
            "학군총점":61.82,
            "인구수":16.9,
            "인구증감":-10.92,
            "인구총점":8.554,
            "일자리":9.51,
            "소득수준":80.44,
            "일자리총점":30.789,
            "가치 총점":27.605,
            "매매실거래년":20211129.0,
            "매매실거래가":15600.0,
            "전세실거래년":null,
            "전세실거래가":null,
            "전세가율":null,
            "장기전세가율평균":72.12,
            "전세가율거품지수":null,
            "검색코드":105651,
            "세대수":124.0,
            "준공년월":"1998-06-02",
            "준공년차":25.0,
            "가까운역이름":"NA",
            "가까운역거리":"NA",
            "역세권여부":"NA",
            "30분이내주요거점역":"NA",
            "30분거점역이름":"NA",
            "1시간이내주요거점역":"NA",
            "1시간거점역이름":"NA",
            "3km이내백화점수":0,
            "5km이내아울렛몰수":0,
            "1km이내대형먀트수":0,
            "500m이내은행수":0,
            "500m이내병원수":0,
            "5km이내대형병원수":1,
            "500m이내공원수":14,
            "3km이내혐오시설수":0,
            "초등학교학업성취도":89.98,
            "중학교학업성취도":90.3,
            "용적률":317,
            "건폐율":36,
            "Y":35.48192,
            "X":129.413786,
            "rank":53.0,
            "area_info":"13평(44.96), 16평(54.55), 22평(72.79), 22평(74.99), 23평(76.37), 23평(76.78), 26평(88.38), 27평(91.08), 31평(104.08)",
            "last_sales":"2021-11-29,15600.0,31평(104.08)",
            "rank_history":[
                [
                    "202202",
                    53
                ],
                [
                    "202201",
                    60
                ]
            ],
            "rank_gap":7
        },
        {
            "index":78,
            "아파트명":"정림",
            "투자타입":"일반",
            "전용면적(m2)":"80.16",
            "전용면적(평)":"24평",
            "법정동주소":"울산시 동구 방어동 1113",
            "도로명주소":"울산시 동구 문현1길 37",
            "세대수":0,
            "입주년차":0,
            "용적률점수":"--",
            "건폐율점수":"--",
            "세대당주차수":0,
            "난방방식":30,
            "공급면적":"--",
            "전용률":"--",
            "욕실수":50,
            "현관타입":50,
            "주거총점":13.0,
            "지역구공급총점":0.0,
            "역세권":"NA",
            "30분내 이동가능 거점":"NA",
            "1시간내 이동가능 거점":"NA",
            "교통총점":"NA",
            "백화점":0,
            "아울렛몰":0,
            "대형마트":0,
            "은행":0,
            "병원":0,
            "종합병원":80,
            "공원":100,
            "혐오시설":0,
            "인프라총점":19.0,
            "초등학군":89.98,
            "중학군":54.78,
            "학군총점":61.82,
            "인구수":16.9,
            "인구증감":-10.92,
            "인구총점":8.554,
            "일자리":9.51,
            "소득수준":80.44,
            "일자리총점":30.789,
            "가치 총점":27.605,
            "매매실거래년":20211230.0,
            "매매실거래가":10500.0,
            "전세실거래년":20211204.0,
            "전세실거래가":8500.0,
            "전세가율":80.95,
            "장기전세가율평균":72.12,
            "전세가율거품지수":-8.83,
            "검색코드":109027,
            "세대수":110.0,
            "준공년월":"1998-09-29",
            "준공년차":25.0,
            "가까운역이름":"NA",
            "가까운역거리":"NA",
            "역세권여부":"NA",
            "30분이내주요거점역":"NA",
            "30분거점역이름":"NA",
            "1시간이내주요거점역":"NA",
            "1시간거점역이름":"NA",
            "3km이내백화점수":0,
            "5km이내아울렛몰수":0,
            "1km이내대형먀트수":0,
            "500m이내은행수":0,
            "500m이내병원수":0,
            "5km이내대형병원수":1,
            "500m이내공원수":5,
            "3km이내혐오시설수":0,
            "초등학교학업성취도":89.98,
            "중학교학업성취도":90.3,
            "용적률":216,
            "건폐율":31,
            "Y":35.489002,
            "X":129.412412,
            "rank":53.0,
            "area_info":"24평(80.16), 29평(96.33)",
            "last_sales":"2021-12-30,10500.0,24평(80.16)",
            "rank_history":[
                [
                    "202202",
                    53
                ],
                [
                    "202201",
                    61
                ]
            ],
            "rank_gap":8
        },
        {
            "index":91,
            "아파트명":"현대중공업(주)외국인",
            "투자타입":"일반",
            "전용면적(m2)":"67.64",
            "전용면적(평)":"20평",
            "법정동주소":"울산시 동구 방어동 1064",
            "도로명주소":"울산시 동구 화잠로 51",
            "세대수":0,
            "입주년차":40,
            "용적률점수":"--",
            "건폐율점수":"--",
            "세대당주차수":30,
            "난방방식":30,
            "공급면적":"--",
            "전용률":"--",
            "욕실수":50,
            "현관타입":100,
            "주거총점":30.5,
            "지역구공급총점":0.0,
            "역세권":"NA",
            "30분내 이동가능 거점":"NA",
            "1시간내 이동가능 거점":"NA",
            "교통총점":"NA",
            "백화점":0,
            "아울렛몰":0,
            "대형마트":0,
            "은행":0,
            "병원":0,
            "종합병원":0,
            "공원":100,
            "혐오시설":0,
            "인프라총점":3.0,
            "초등학군":89.98,
            "중학군":54.78,
            "학군총점":61.82,
            "인구수":16.9,
            "인구증감":-10.92,
            "인구총점":8.554,
            "일자리":9.51,
            "소득수준":80.44,
            "일자리총점":30.789,
            "가치 총점":27.33,
            "매매실거래년":20211216.0,
            "매매실거래가":22000.0,
            "전세실거래년":20200401.0,
            "전세실거래가":6000.0,
            "전세가율":50.0,
            "장기전세가율평균":72.12,
            "전세가율거품지수":22.12,
            "검색코드":115240,
            "세대수":184.0,
            "준공년월":"2007-10-01",
            "준공년차":16.0,
            "가까운역이름":"NA",
            "가까운역거리":"NA",
            "역세권여부":"NA",
            "30분이내주요거점역":"NA",
            "30분거점역이름":"NA",
            "1시간이내주요거점역":"NA",
            "1시간거점역이름":"NA",
            "3km이내백화점수":0,
            "5km이내아울렛몰수":0,
            "1km이내대형먀트수":0,
            "500m이내은행수":0,
            "500m이내병원수":0,
            "5km이내대형병원수":0,
            "500m이내공원수":4,
            "3km이내혐오시설수":0,
            "초등학교학업성취도":89.98,
            "중학교학업성취도":90.3,
            "용적률":114,
            "건폐율":15,
            "Y":35.475352,
            "X":129.40967,
            "rank":54.0,
            "area_info":"20평(67.64), 36평(119.61), 36평(121.17), 54평(178.79)",
            "last_sales":"2021-12-16,22000.0,36평(121.17)",
            "rank_history":[
                [
                    "202202",
                    54
                ],
                [
                    "202201",
                    63
                ]
            ],
            "rank_gap":9
        }
    ]
}