{
    "schema":{
        "fields":[
            {
                "name":"index",
                "type":"integer"
            },
            {
                "name":"아파트명",
                "type":"string"
            },
            {
                "name":"투자타입",
                "type":"string"
            },
            {
                "name":"전용면적(m2)",
                "type":"string"
            },
            {
                "name":"전용면적(평)",
                "type":"string"
            },
            {
                "name":"법정동주소",
                "type":"string"
            },
            {
                "name":"도로명주소",
                "type":"string"
            },
            {
                "name":"세대수",
                "type":"integer"
            },
            {
                "name":"입주년차",
                "type":"string"
            },
            {
                "name":"용적률점수",
                "type":"string"
            },
            {
                "name":"건폐율점수",
                "type":"string"
            },
            {
                "name":"세대당주차수",
                "type":"string"
            },
            {
                "name":"난방방식",
                "type":"string"
            },
            {
                "name":"공급면적",
                "type":"string"
            },
            {
                "name":"전용률",
                "type":"string"
            },
            {
                "name":"욕실수",
                "type":"string"
            },
            {
                "name":"현관타입",
                "type":"string"
            },
            {
                "name":"주거총점",
                "type":"number"
            },
            {
                "name":"지역구공급총점",
                "type":"number"
            },
            {
                "name":"역세권",
                "type":"integer"
            },
            {
                "name":"30분내 이동가능 거점",
                "type":"integer"
            },
            {
                "name":"1시간내 이동가능 거점",
                "type":"integer"
            },
            {
                "name":"교통총점",
                "type":"number"
            },
            {
                "name":"백화점",
                "type":"integer"
            },
            {
                "name":"아울렛몰",
                "type":"integer"
            },
            {
                "name":"대형마트",
                "type":"integer"
            },
            {
                "name":"은행",
                "type":"integer"
            },
            {
                "name":"병원",
                "type":"integer"
            },
            {
                "name":"종합병원",
                "type":"integer"
            },
            {
                "name":"공원",
                "type":"integer"
            },
            {
                "name":"혐오시설",
                "type":"integer"
            },
            {
                "name":"인프라총점",
                "type":"number"
            },
            {
                "name":"초등학군",
                "type":"number"
            },
            {
                "name":"중학군",
                "type":"number"
            },
            {
                "name":"학군총점",
                "type":"number"
            },
            {
                "name":"인구수",
                "type":"number"
            },
            {
                "name":"인구증감",
                "type":"number"
            },
            {
                "name":"인구총점",
                "type":"number"
            },
            {
                "name":"일자리",
                "type":"number"
            },
            {
                "name":"소득수준",
                "type":"number"
            },
            {
                "name":"일자리총점",
                "type":"number"
            },
            {
                "name":"가치 총점",
                "type":"number"
            },
            {
                "name":"매매실거래년",
                "type":"string"
            },
            {
                "name":"매매실거래가",
                "type":"number"
            },
            {
                "name":"전세실거래년",
                "type":"number"
            },
            {
                "name":"전세실거래가",
                "type":"number"
            },
            {
                "name":"전세가율",
                "type":"number"
            },
            {
                "name":"장기전세가율평균",
                "type":"number"
            },
            {
                "name":"전세가율거품지수",
                "type":"number"
            },
            {
                "name":"검색코드",
                "type":"integer"
            },
            {
                "name":"세대수",
                "type":"number"
            },
            {
                "name":"준공년월",
                "type":"string"
            },
            {
                "name":"준공년차",
                "type":"number"
            },
            {
                "name":"가까운역이름",
                "type":"string"
            },
            {
                "name":"가까운역거리",
                "type":"number"
            },
            {
                "name":"역세권여부",
                "type":"string"
            },
            {
                "name":"30분이내주요거점역",
                "type":"integer"
            },
            {
                "name":"30분거점역이름",
                "type":"string"
            },
            {
                "name":"1시간이내주요거점역",
                "type":"integer"
            },
            {
                "name":"1시간거점역이름",
                "type":"string"
            },
            {
                "name":"3km이내백화점수",
                "type":"integer"
            },
            {
                "name":"5km이내아울렛몰수",
                "type":"integer"
            },
            {
                "name":"1km이내대형먀트수",
                "type":"integer"
            },
            {
                "name":"500m이내은행수",
                "type":"integer"
            },
            {
                "name":"500m이내병원수",
                "type":"integer"
            },
            {
                "name":"5km이내대형병원수",
                "type":"integer"
            },
            {
                "name":"500m이내공원수",
                "type":"integer"
            },
            {
                "name":"3km이내혐오시설수",
                "type":"integer"
            },
            {
                "name":"초등학교학업성취도",
                "type":"number"
            },
            {
                "name":"중학교학업성취도",
                "type":"number"
            },
            {
                "name":"용적률",
                "type":"integer"
            },
            {
                "name":"건폐율",
                "type":"integer"
            },
            {
                "name":"Y",
                "type":"number"
            },
            {
                "name":"X",
                "type":"number"
            },
            {
                "name":"rank",
                "type":"number"
            },
            {
                "name":"area_info",
                "type":"string"
            },
            {
                "name":"last_sales",
                "type":"string"
            },
            {
                "name":"rank_history",
                "type":"string"
            },
            {
                "name":"rank_gap",
                "type":"integer"
            }
        ],
        "primaryKey":[
            "index"
        ],
        "pandas_version":"1.4.0"
    },
    "data":[
        {
            "index":571,
            "아파트명":"자연앤힐스테이트",
            "투자타입":"일반",
            "전용면적(m2)":"109.76",
            "전용면적(평)":"33평",
            "법정동주소":"경기도 수원시 영통구 이의동 1344",
            "도로명주소":"경기도 수원시 영통구 도청로 65",
            "세대수":100,
            "입주년차":60,
            "용적률점수":"--",
            "건폐율점수":"--",
            "세대당주차수":60,
            "난방방식":100,
            "공급면적":"--",
            "전용률":"--",
            "욕실수":100,
            "현관타입":100,
            "주거총점":86.0,
            "지역구공급총점":0.0,
            "역세권":80,
            "30분내 이동가능 거점":40,
            "1시간내 이동가능 거점":90,
            "교통총점":70.0,
            "백화점":100,
            "아울렛몰":100,
            "대형마트":100,
            "은행":0,
            "병원":80,
            "종합병원":100,
            "공원":100,
            "혐오시설":0,
            "인프라총점":86.0,
            "초등학군":89.99,
            "중학군":56.16,
            "학군총점":62.926,
            "인구수":42.64,
            "인구증감":-10.11,
            "인구총점":26.815,
            "일자리":18.77,
            "소득수준":100.0,
            "일자리총점":43.139,
            "가치 총점":76.9389,
            "매매실거래년":20211218.0,
            "매매실거래가":152000.0,
            "전세실거래년":20210826.0,
            "전세실거래가":85000.0,
            "전세가율":58.22,
            "장기전세가율평균":71.38,
            "전세가율거품지수":13.16,
            "검색코드":101273,
            "세대수":1764.0,
            "준공년월":"2012-11-29",
            "준공년차":11.0,
            "가까운역이름":"광교중앙",
            "가까운역거리":117.06,
            "역세권여부":"역세권",
            "30분이내주요거점역":2,
            "30분거점역이름":"['판교', '정자']",
            "1시간이내주요거점역":9,
            "1시간거점역이름":"['강남', '역삼', '잠실', '판교', '양재', '정자', '수원시청', '수원', '서현']",
            "3km이내백화점수":1,
            "5km이내아울렛몰수":2,
            "1km이내대형먀트수":2,
            "500m이내은행수":0,
            "500m이내병원수":31,
            "5km이내대형병원수":4,
            "500m이내공원수":4,
            "3km이내혐오시설수":0,
            "초등학교학업성취도":89.99,
            "중학교학업성취도":91.6,
            "용적률":209,
            "건폐율":14,
            "Y":37.287935,
            "X":127.05047,
            "rank":1.0,
            "area_info":"33평(109.76), 33평(109.81), 33평(109.64), 33평(110.75), 33평(110.83), 33평(110.05), 33평(110.53), 33평(110.83), 33평(110.05), 33평(111.32), 33평(111.73), 33평(111.02), 34평(113.94), 34평(114.74)",
            "last_sales":"2021-12-18,152000.0,33평(111.02)",
            "rank_history":[
                [
                    "202202",
                    1
                ],
                [
                    "202201",
                    2
                ]
            ],
            "rank_gap":1
        },
        {
            "index":400,
            "아파트명":"e편한세상광교",
            "투자타입":"일반",
            "전용면적(m2)":"129.99",
            "전용면적(평)":"39평",
            "법정동주소":"경기도 수원시 영통구 이의동 1326",
            "도로명주소":"경기도 수원시 영통구 센트럴타운로 76",
            "세대수":100,
            "입주년차":60,
            "용적률점수":"--",
            "건폐율점수":"--",
            "세대당주차수":80,
            "난방방식":100,
            "공급면적":"--",
            "전용률":"--",
            "욕실수":100,
            "현관타입":100,
            "주거총점":89.0,
            "지역구공급총점":0.0,
            "역세권":80,
            "30분내 이동가능 거점":40,
            "1시간내 이동가능 거점":80,
            "교통총점":68.0,
            "백화점":100,
            "아울렛몰":100,
            "대형마트":100,
            "은행":20,
            "병원":60,
            "종합병원":100,
            "공원":100,
            "혐오시설":0,
            "인프라총점":86.0,
            "초등학군":89.99,
            "중학군":56.94,
            "학군총점":63.55,
            "인구수":42.64,
            "인구증감":-10.11,
            "인구총점":26.815,
            "일자리":18.77,
            "소득수준":100.0,
            "일자리총점":43.139,
            "가치 총점":76.9325,
            "매매실거래년":20211004.0,
            "매매실거래가":218000.0,
            "전세실거래년":20220111.0,
            "전세실거래가":65000.0,
            "전세가율":36.31,
            "장기전세가율평균":71.38,
            "전세가율거품지수":35.07,
            "검색코드":102091,
            "세대수":1970.0,
            "준공년월":"2012-12-06",
            "준공년차":11.0,
            "가까운역이름":"광교중앙",
            "가까운역거리":448.38,
            "역세권여부":"역세권",
            "30분이내주요거점역":2,
            "30분거점역이름":"['판교', '정자']",
            "1시간이내주요거점역":8,
            "1시간거점역이름":"['강남', '역삼', '판교', '양재', '정자', '수원시청', '수원', '서현']",
            "3km이내백화점수":1,
            "5km이내아울렛몰수":2,
            "1km이내대형먀트수":2,
            "500m이내은행수":2,
            "500m이내병원수":26,
            "5km이내대형병원수":3,
            "500m이내공원수":2,
            "3km이내혐오시설수":0,
            "초등학교학업성취도":89.99,
            "중학교학업성취도":92.5,
            "용적률":229,
            "건폐율":13,
            "Y":37.292018,
            "X":127.054201,
            "rank":2.0,
            "area_info":"39평(129.99), 39평(130.92), 39평(131.49), 39평(131.42), 39평(132.1), 41평(136.7), 41평(136.79), 41평(136.53), 41평(137.04), 45평(149.41), 45평(149.21), 45평(150.88), 47평(155.97), 47평(156.81), 47평(156.92), 53평(176.36), 53평(176.88), 71평(235.33), 73평(241.73), 74평(245.17)",
            "last_sales":"2021-10-04,218000.0,73평(241.73)",
            "rank_history":[
                [
                    "202202",
                    2
                ],
                [
                    "202201",
                    1
                ]
            ],
            "rank_gap":-1
        },
        {
            "index":543,
            "아파트명":"써밋플레이스광교",
            "투자타입":"일반",
            "전용면적(m2)":"138.66",
            "전용면적(평)":"41평",
            "법정동주소":"경기도 수원시 영통구 이의동 1332",
            "도로명주소":"경기도 수원시 영통구 센트럴타운로 85",
            "세대수":50,
            "입주년차":80,
            "용적률점수":"--",
            "건폐율점수":"--",
            "세대당주차수":80,
            "난방방식":100,
            "공급면적":"--",
            "전용률":"--",
            "욕실수":100,
            "현관타입":100,
            "주거총점":75.5,
            "지역구공급총점":0.0,
            "역세권":80,
            "30분내 이동가능 거점":40,
            "1시간내 이동가능 거점":80,
            "교통총점":68.0,
            "백화점":100,
            "아울렛몰":100,
            "대형마트":100,
            "은행":0,
            "병원":80,
            "종합병원":100,
            "공원":100,
            "혐오시설":0,
            "인프라총점":86.0,
            "초등학군":89.99,
            "중학군":56.94,
            "학군총점":63.55,
            "인구수":42.64,
            "인구증감":-10.11,
            "인구총점":26.815,
            "일자리":18.77,
            "소득수준":100.0,
            "일자리총점":43.139,
            "가치 총점":74.2325,
            "매매실거래년":20210820.0,
            "매매실거래가":167000.0,
            "전세실거래년":20211126.0,
            "전세실거래가":100000.0,
            "전세가율":66.89,
            "장기전세가율평균":71.38,
            "전세가율거품지수":4.49,
            "검색코드":104222,
            "세대수":508.0,
            "준공년월":"2015-02-26",
            "준공년차":8.0,
            "가까운역이름":"광교중앙",
            "가까운역거리":254.66,
            "역세권여부":"역세권",
            "30분이내주요거점역":2,
            "30분거점역이름":"['판교', '정자']",
            "1시간이내주요거점역":8,
            "1시간거점역이름":"['강남', '역삼', '판교', '양재', '정자', '수원시청', '수원', '서현']",
            "3km이내백화점수":1,
            "5km이내아울렛몰수":2,
            "1km이내대형먀트수":2,
            "500m이내은행수":0,
            "500m이내병원수":36,
            "5km이내대형병원수":4,
            "500m이내공원수":3,
            "3km이내혐오시설수":0,
            "초등학교학업성취도":89.99,
            "중학교학업성취도":92.5,
            "용적률":280,
            "건폐율":59,
            "Y":37.290755,
            "X":127.050446,
            "rank":3.0,
            "area_info":"41평(138.66), 41평(138.7), 42평(139.48), 45평(150.64), 45평(150.6), 45평(150.66), 45평(151.04)",
            "last_sales":"2021-08-20,167000.0,45평(150.66)",
            "rank_history":[
                [
                    "202202",
                    3
                ],
                [
                    "202201",
                    4
                ]
            ],
            "rank_gap":1
        },
        {
            "index":494,
            "아파트명":"광교푸르지오월드마크",
            "투자타입":"일반",
            "전용면적(m2)":"113.85",
            "전용면적(평)":"34평",
            "법정동주소":"경기도 수원시 영통구 이의동 1331",
            "도로명주소":"경기도 수원시 영통구 센트럴타운로 107",
            "세대수":30,
            "입주년차":80,
            "용적률점수":"--",
            "건폐율점수":"--",
            "세대당주차수":60,
            "난방방식":100,
            "공급면적":"--",
            "전용률":"--",
            "욕실수":100,
            "현관타입":100,
            "주거총점":65.5,
            "지역구공급총점":0.0,
            "역세권":80,
            "30분내 이동가능 거점":40,
            "1시간내 이동가능 거점":80,
            "교통총점":68.0,
            "백화점":100,
            "아울렛몰":100,
            "대형마트":100,
            "은행":20,
            "병원":80,
            "종합병원":100,
            "공원":80,
            "혐오시설":0,
            "인프라총점":87.4,
            "초등학군":89.99,
            "중학군":56.94,
            "학군총점":63.55,
            "인구수":42.64,
            "인구증감":-10.11,
            "인구총점":26.815,
            "일자리":18.77,
            "소득수준":100.0,
            "일자리총점":43.139,
            "가치 총점":72.6525,
            "매매실거래년":20220117.0,
            "매매실거래가":125000.0,
            "전세실거래년":20211115.0,
            "전세실거래가":90000.0,
            "전세가율":72.0,
            "장기전세가율평균":71.38,
            "전세가율거품지수":-0.62,
            "검색코드":104517,
            "세대수":350.0,
            "준공년월":"2015-08-06",
            "준공년차":8.0,
            "가까운역이름":"광교중앙",
            "가까운역거리":468.25,
            "역세권여부":"역세권",
            "30분이내주요거점역":2,
            "30분거점역이름":"['판교', '정자']",
            "1시간이내주요거점역":8,
            "1시간거점역이름":"['강남', '역삼', '판교', '양재', '정자', '수원시청', '수원', '서현']",
            "3km이내백화점수":1,
            "5km이내아울렛몰수":2,
            "1km이내대형먀트수":2,
            "500m이내은행수":2,
            "500m이내병원수":38,
            "5km이내대형병원수":4,
            "500m이내공원수":1,
            "3km이내혐오시설수":0,
            "초등학교학업성취도":89.99,
            "중학교학업성취도":92.5,
            "용적률":300,
            "건폐율":58,
            "Y":37.292036,
            "X":127.048388,
            "rank":4.0,
            "area_info":"34평(113.85), 35평(116.55), 43평(142.37), 44평(147.41), 44평(147.33), 58평(193.76), 62평(205.14)",
            "last_sales":"2022-01-17,125000.0,34평(113.85)",
            "rank_history":[
                [
                    "202202",
                    4
                ],
                [
                    "202201",
                    5
                ]
            ],
            "rank_gap":1
        },
        {
            "index":557,
            "아파트명":"자연앤자이2단지",
            "투자타입":"일반",
            "전용면적(m2)":"127.48",
            "전용면적(평)":"38평",
            "법정동주소":"경기도 수원시 영통구 이의동 1353",
            "도로명주소":"경기도 수원시 영통구 에듀타운로 65",
            "세대수":50,
            "입주년차":60,
            "용적률점수":"--",
            "건폐율점수":"--",
            "세대당주차수":60,
            "난방방식":100,
            "공급면적":"--",
            "전용률":"--",
            "욕실수":100,
            "현관타입":100,
            "주거총점":68.5,
            "지역구공급총점":0.0,
            "역세권":80,
            "30분내 이동가능 거점":40,
            "1시간내 이동가능 거점":80,
            "교통총점":68.0,
            "백화점":100,
            "아울렛몰":100,
            "대형마트":80,
            "은행":0,
            "병원":60,
            "종합병원":100,
            "공원":100,
            "혐오시설":0,
            "인프라총점":81.0,
            "초등학군":89.99,
            "중학군":56.16,
            "학군총점":62.926,
            "인구수":42.64,
            "인구증감":-10.11,
            "인구총점":26.815,
            "일자리":18.77,
            "소득수준":100.0,
            "일자리총점":43.139,
            "가치 총점":71.2389,
            "매매실거래년":20210616.0,
            "매매실거래가":200000.0,
            "전세실거래년":20211230.0,
            "전세실거래가":78750.0,
            "전세가율":50.81,
            "장기전세가율평균":71.38,
            "전세가율거품지수":20.57,
            "검색코드":101361,
            "세대수":522.0,
            "준공년월":"2012-12-10",
            "준공년차":11.0,
            "가까운역이름":"광교중앙",
            "가까운역거리":264.84,
            "역세권여부":"역세권",
            "30분이내주요거점역":2,
            "30분거점역이름":"['판교', '정자']",
            "1시간이내주요거점역":8,
            "1시간거점역이름":"['강남', '역삼', '판교', '양재', '정자', '수원시청', '수원', '서현']",
            "3km이내백화점수":1,
            "5km이내아울렛몰수":2,
            "1km이내대형먀트수":1,
            "500m이내은행수":1,
            "500m이내병원수":21,
            "5km이내대형병원수":4,
            "500m이내공원수":3,
            "3km이내혐오시설수":0,
            "초등학교학업성취도":89.99,
            "중학교학업성취도":91.6,
            "용적률":198,
            "건폐율":13,
            "Y":37.287203,
            "X":127.049069,
            "rank":5.0,
            "area_info":"38평(127.48), 38평(128.88), 47평(156.87), 47평(156.7), 47평(158.65), 49평(164.19), 56평(186.23), 64평(214.82), 64평(214.81), 65평(215.45)",
            "last_sales":"2021-06-16,200000.0,56평(186.23)",
            "rank_history":[
                [
                    "202202",
                    5
                ],
                [
                    "202201",
                    6
                ]
            ],
            "rank_gap":1
        },
        {
            "index":567,
            "아파트명":"자연앤자이3단지",
            "투자타입":"일반",
            "전용면적(m2)":"129.51",
            "전용면적(평)":"39평",
            "법정동주소":"경기도 수원시 영통구 이의동 1339",
            "도로명주소":"경기도 수원시 영통구 도청로17번길 23",
            "세대수":30,
            "입주년차":60,
            "용적률점수":"--",
            "건폐율점수":"--",
            "세대당주차수":60,
            "난방방식":100,
            "공급면적":"--",
            "전용률":"--",
            "욕실수":100,
            "현관타입":100,
            "주거총점":61.5,
            "지역구공급총점":0.0,
            "역세권":80,
            "30분내 이동가능 거점":40,
            "1시간내 이동가능 거점":80,
            "교통총점":68.0,
            "백화점":100,
            "아울렛몰":100,
            "대형마트":80,
            "은행":20,
            "병원":80,
            "종합병원":100,
            "공원":100,
            "혐오시설":0,
            "인프라총점":85.0,
            "초등학군":89.99,
            "중학군":56.16,
            "학군총점":62.926,
            "인구수":42.64,
            "인구증감":-10.11,
            "인구총점":26.815,
            "일자리":18.77,
            "소득수준":100.0,
            "일자리총점":43.139,
            "가치 총점":71.0389,
            "매매실거래년":20210824.0,
            "매매실거래가":198000.0,
            "전세실거래년":20211118.0,
            "전세실거래가":55700.0,
            "전세가율":38.41,
            "장기전세가율평균":71.38,
            "전세가율거품지수":32.97,
            "검색코드":101360,
            "세대수":378.0,
            "준공년월":"2012-12-05",
            "준공년차":11.0,
            "가까운역이름":"광교중앙",
            "가까운역거리":478.51,
            "역세권여부":"역세권",
            "30분이내주요거점역":2,
            "30분거점역이름":"['판교', '정자']",
            "1시간이내주요거점역":8,
            "1시간거점역이름":"['강남', '역삼', '판교', '양재', '정자', '수원시청', '수원', '서현']",
            "3km이내백화점수":1,
            "5km이내아울렛몰수":2,
            "1km이내대형먀트수":1,
            "500m이내은행수":2,
            "500m이내병원수":31,
            "5km이내대형병원수":3,
            "500m이내공원수":2,
            "3km이내혐오시설수":0,
            "초등학교학업성취도":89.99,
            "중학교학업성취도":91.6,
            "용적률":198,
            "건폐율":9,
            "Y":37.284966,
            "X":127.054341,
            "rank":6.0,
            "area_info":"39평(129.51), 39평(129.68), 48평(160.13), 65평(217.67)",
            "last_sales":"2021-08-24,198000.0,48평(160.13)",
            "rank_history":[
                [
                    "202202",
                    6
                ],
                [
                    "202201",
                    7
                ]
            ],
            "rank_gap":1
        },
        {
            "index":120,
            "아파트명":"매탄위브하늘채",
            "투자타입":"일반",
            "전용면적(m2)":"81.05",
            "전용면적(평)":"24평",
            "법정동주소":"경기도 수원시 영통구 매탄동 1352",
            "도로명주소":"경기도 수원시 영통구 효원로 363",
            "세대수":100,
            "입주년차":40,
            "용적률점수":"--",
            "건폐율점수":"--",
            "세대당주차수":30,
            "난방방식":100,
            "공급면적":"--",
            "전용률":"--",
            "욕실수":100,
            "현관타입":100,
            "주거총점":77.5,
            "지역구공급총점":0.0,
            "역세권":50,
            "30분내 이동가능 거점":20,
            "1시간내 이동가능 거점":70,
            "교통총점":45.0,
            "백화점":100,
            "아울렛몰":100,
            "대형마트":100,
            "은행":20,
            "병원":80,
            "종합병원":100,
            "공원":100,
            "혐오시설":0,
            "인프라총점":88.0,
            "초등학군":89.99,
            "중학군":54.1,
            "학군총점":61.278,
            "인구수":42.64,
            "인구증감":-10.11,
            "인구총점":26.815,
            "일자리":18.77,
            "소득수준":100.0,
            "일자리총점":43.139,
            "가치 총점":66.8417,
            "매매실거래년":20220107.0,
            "매매실거래가":77000.0,
            "전세실거래년":20220127.0,
            "전세실거래가":31500.0,
            "전세가율":54.31,
            "장기전세가율평균":71.38,
            "전세가율거품지수":17.07,
            "검색코드":22911,
            "세대수":3391.0,
            "준공년월":"2008-05-09",
            "준공년차":15.0,
            "가까운역이름":"수원시청",
            "가까운역거리":945.78,
            "역세권여부":"준역세권",
            "30분이내주요거점역":1,
            "30분거점역이름":"['수원시청']",
            "1시간이내주요거점역":7,
            "1시간거점역이름":"['판교', '정자', '수원시청', '평촌', '수원', '안산', '서현']",
            "3km이내백화점수":1,
            "5km이내아울렛몰수":2,
            "1km이내대형먀트수":4,
            "500m이내은행수":2,
            "500m이내병원수":42,
            "5km이내대형병원수":3,
            "500m이내공원수":4,
            "3km이내혐오시설수":0,
            "초등학교학업성취도":89.99,
            "중학교학업성취도":89.5,
            "용적률":249,
            "건폐율":15,
            "Y":37.262298,
            "X":127.041412,
            "rank":7.0,
            "area_info":"24평(81.05), 29평(98.0), 32평(107.95), 32평(107.33), 33평(110.59), 33평(110.98), 39평(130.86), 39평(131.29), 47평(157.86)",
            "last_sales":"2022-01-07,77000.0,33평(110.59)",
            "rank_history":[
                [
                    "202202",
                    7
                ],
                [
                    "202201",
                    9
                ]
            ],
            "rank_gap":2
        },
        {
            "index":554,
            "아파트명":"자연앤자이1단지",
            "투자타입":"일반",
            "전용면적(m2)":"144.42",
            "전용면적(평)":"43평",
            "법정동주소":"경기도 수원시 영통구 이의동 1367",
            "도로명주소":"경기도 수원시 영통구 에듀타운로 35",
            "세대수":0,
            "입주년차":60,
            "용적률점수":"--",
            "건폐율점수":"--",
            "세대당주차수":60,
            "난방방식":100,
            "공급면적":"--",
            "전용률":"--",
            "욕실수":100,
            "현관타입":100,
            "주거총점":51.0,
            "지역구공급총점":0.0,
            "역세권":80,
            "30분내 이동가능 거점":40,
            "1시간내 이동가능 거점":80,
            "교통총점":68.0,
            "백화점":100,
            "아울렛몰":100,
            "대형마트":80,
            "은행":0,
            "병원":30,
            "종합병원":100,
            "공원":100,
            "혐오시설":0,
            "인프라총점":78.0,
            "초등학군":89.99,
            "중학군":56.16,
            "학군총점":62.926,
            "인구수":42.64,
            "인구증감":-10.11,
            "인구총점":26.815,
            "일자리":18.77,
            "소득수준":100.0,
            "일자리총점":43.139,
            "가치 총점":66.8389,
            "매매실거래년":20211106.0,
            "매매실거래가":173000.0,
            "전세실거래년":20220103.0,
            "전세실거래가":81500.0,
            "전세가율":47.11,
            "장기전세가율평균":71.38,
            "전세가율거품지수":24.27,
            "검색코드":101362,
            "세대수":273.0,
            "준공년월":"2012-12-05",
            "준공년차":11.0,
            "가까운역이름":"광교중앙",
            "가까운역거리":358.55,
            "역세권여부":"역세권",
            "30분이내주요거점역":2,
            "30분거점역이름":"['판교', '정자']",
            "1시간이내주요거점역":8,
            "1시간거점역이름":"['강남', '역삼', '판교', '양재', '정자', '수원시청', '수원', '서현']",
            "3km이내백화점수":1,
            "5km이내아울렛몰수":2,
            "1km이내대형먀트수":1,
            "500m이내은행수":1,
            "500m이내병원수":9,
            "5km이내대형병원수":4,
            "500m이내공원수":2,
            "3km이내혐오시설수":0,
            "초등학교학업성취도":89.99,
            "중학교학업성취도":91.6,
            "용적률":198,
            "건폐율":16,
            "Y":37.285459,
            "X":127.050659,
            "rank":8.0,
            "area_info":"43평(144.42), 44평(145.74), 64평(212.71)",
            "last_sales":"2021-11-06,173000.0,43평(144.42)",
            "rank_history":[
                [
                    "202202",
                    8
                ],
                [
                    "202201",
                    8
                ]
            ],
            "rank_gap":0
        },
        {
            "index":299,
            "아파트명":"청명마을삼성",
            "투자타입":"일반",
            "전용면적(m2)":"126.91",
            "전용면적(평)":"38평",
            "법정동주소":"경기도 수원시 영통구 영통동 1046-1",
            "도로명주소":"경기도 수원시 영통구 청명북로 33",
            "세대수":80,
            "입주년차":20,
            "용적률점수":"--",
            "건폐율점수":"--",
            "세대당주차수":60,
            "난방방식":100,
            "공급면적":"--",
            "전용률":"--",
            "욕실수":100,
            "현관타입":100,
            "주거총점":71.0,
            "지역구공급총점":0.0,
            "역세권":80,
            "30분내 이동가능 거점":40,
            "1시간내 이동가능 거점":80,
            "교통총점":68.0,
            "백화점":0,
            "아울렛몰":100,
            "대형마트":100,
            "은행":70,
            "병원":80,
            "종합병원":100,
            "공원":100,
            "혐오시설":-50,
            "인프라총점":62.0,
            "초등학군":90.01,
            "중학군":57.62,
            "학군총점":64.098,
            "인구수":42.64,
            "인구증감":-10.11,
            "인구총점":26.815,
            "일자리":18.77,
            "소득수준":100.0,
            "일자리총점":43.139,
            "가치 총점":66.2147,
            "매매실거래년":20211115.0,
            "매매실거래가":104000.0,
            "전세실거래년":20211127.0,
            "전세실거래가":42000.0,
            "전세가율":47.46,
            "장기전세가율평균":71.38,
            "전세가율거품지수":23.92,
            "검색코드":8280,
            "세대수":714.0,
            "준공년월":"2001-10-30",
            "준공년차":22.0,
            "가까운역이름":"청명",
            "가까운역거리":496.95,
            "역세권여부":"역세권",
            "30분이내주요거점역":2,
            "30분거점역이름":"['수원시청', '수원']",
            "1시간이내주요거점역":8,
            "1시간거점역이름":"['강남', '판교', '양재', '정자', '수원시청', '수원', '안산', '서현']",
            "3km이내백화점수":0,
            "5km이내아울렛몰수":2,
            "1km이내대형먀트수":3,
            "500m이내은행수":3,
            "500m이내병원수":52,
            "5km이내대형병원수":4,
            "500m이내공원수":5,
            "3km이내혐오시설수":1,
            "초등학교학업성취도":90.01,
            "중학교학업성취도":93.9,
            "용적률":219,
            "건폐율":16,
            "Y":37.25502,
            "X":127.07898,
            "rank":9.0,
            "area_info":"38평(126.91), 47평(155.48), 52평(174.95), 64평(212.11)",
            "last_sales":"2021-11-15,104000.0,52평(174.95)",
            "rank_history":[
                [
                    "202202",
                    9
                ],
                [
                    "202201",
                    10
                ]
            ],
            "rank_gap":1
        },
        {
            "index":525,
            "아파트명":"광교호반베르디움트라엘",
            "투자타입":"일반",
            "전용면적(m2)":"111.65",
            "전용면적(평)":"33평",
            "법정동주소":"경기도 수원시 영통구 이의동 1229",
            "도로명주소":"경기도 수원시 영통구 대학로 98",
            "세대수":50,
            "입주년차":80,
            "용적률점수":"--",
            "건폐율점수":"--",
            "세대당주차수":60,
            "난방방식":100,
            "공급면적":"--",
            "전용률":"--",
            "욕실수":100,
            "현관타입":100,
            "주거총점":72.5,
            "지역구공급총점":0.0,
            "역세권":80,
            "30분내 이동가능 거점":0,
            "1시간내 이동가능 거점":80,
            "교통총점":56.0,
            "백화점":100,
            "아울렛몰":100,
            "대형마트":80,
            "은행":0,
            "병원":10,
            "종합병원":100,
            "공원":0,
            "혐오시설":0,
            "인프라총점":73.0,
            "초등학군":89.98,
            "중학군":57.72,
            "학군총점":64.172,
            "인구수":42.64,
            "인구증감":-10.11,
            "인구총점":26.815,
            "일자리":18.77,
            "소득수준":100.0,
            "일자리총점":43.139,
            "가치 총점":65.6258,
            "매매실거래년":20211218.0,
            "매매실거래가":141000.0,
            "전세실거래년":20210529.0,
            "전세실거래가":71500.0,
            "전세가율":58.13,
            "장기전세가율평균":71.38,
            "전세가율거품지수":13.25,
            "검색코드":120759,
            "세대수":446.0,
            "준공년월":"2017-04-28",
            "준공년차":6.0,
            "가까운역이름":"광교",
            "가까운역거리":498.29,
            "역세권여부":"역세권",
            "30분이내주요거점역":0,
            "30분거점역이름":"[]",
            "1시간이내주요거점역":8,
            "1시간거점역이름":"['강남', '역삼', '판교', '양재', '정자', '수원시청', '수원', '서현']",
            "3km이내백화점수":1,
            "5km이내아울렛몰수":2,
            "1km이내대형먀트수":1,
            "500m이내은행수":0,
            "500m이내병원수":4,
            "5km이내대형병원수":4,
            "500m이내공원수":0,
            "3km이내혐오시설수":0,
            "초등학교학업성취도":89.98,
            "중학교학업성취도":92.6,
            "용적률":99,
            "건폐율":11,
            "Y":37.303318,
            "X":127.049908,
            "rank":10.0,
            "area_info":"33평(111.65), 39평(129.4)",
            "last_sales":"2021-12-18,141000.0,39평(129.4)",
            "rank_history":[
                [
                    "202202",
                    10
                ],
                [
                    "202201",
                    12
                ]
            ],
            "rank_gap":2
        },
        {
            "index":459,
            "아파트명":"광교센트럴타운60단지",
            "투자타입":"일반",
            "전용면적(m2)":"98.96",
            "전용면적(평)":"29평",
            "법정동주소":"경기도 수원시 영통구 이의동 1334",
            "도로명주소":"경기도 수원시 영통구 센트럴타운로22번길 36",
            "세대수":80,
            "입주년차":60,
            "용적률점수":"--",
            "건폐율점수":"--",
            "세대당주차수":60,
            "난방방식":100,
            "공급면적":"--",
            "전용률":"--",
            "욕실수":100,
            "현관타입":100,
            "주거총점":79.0,
            "지역구공급총점":0.0,
            "역세권":50,
            "30분내 이동가능 거점":0,
            "1시간내 이동가능 거점":80,
            "교통총점":41.0,
            "백화점":100,
            "아울렛몰":100,
            "대형마트":80,
            "은행":70,
            "병원":60,
            "종합병원":100,
            "공원":80,
            "혐오시설":-50,
            "인프라총점":86.4,
            "초등학군":89.99,
            "중학군":56.94,
            "학군총점":63.55,
            "인구수":42.64,
            "인구증감":-10.11,
            "인구총점":26.815,
            "일자리":18.77,
            "소득수준":100.0,
            "일자리총점":43.139,
            "가치 총점":65.6025,
            "매매실거래년":20211204.0,
            "매매실거래가":138500.0,
            "전세실거래년":20211211.0,
            "전세실거래가":60000.0,
            "전세가율":45.45,
            "장기전세가율평균":71.38,
            "전세가율거품지수":25.93,
            "검색코드":138183,
            "세대수":701.0,
            "준공년월":"2013-11-04",
            "준공년차":10.0,
            "가까운역이름":"광교중앙",
            "가까운역거리":670.69,
            "역세권여부":"준역세권",
            "30분이내주요거점역":0,
            "30분거점역이름":"[]",
            "1시간이내주요거점역":8,
            "1시간거점역이름":"['강남', '역삼', '판교', '양재', '정자', '수원시청', '수원', '서현']",
            "3km이내백화점수":1,
            "5km이내아울렛몰수":2,
            "1km이내대형먀트수":1,
            "500m이내은행수":4,
            "500m이내병원수":23,
            "5km이내대형병원수":4,
            "500m이내공원수":1,
            "3km이내혐오시설수":1,
            "초등학교학업성취도":89.99,
            "중학교학업성취도":92.5,
            "용적률":183,
            "건폐율":16,
            "Y":37.289283,
            "X":127.059013,
            "rank":11.0,
            "area_info":"29평(98.96), 33평(112.31), 34평(112.46), 33평(112.25)",
            "last_sales":"2021-12-04,138500.0,34평(112.46)",
            "rank_history":[
                [
                    "202202",
                    11
                ],
                [
                    "202201",
                    11
                ]
            ],
            "rank_gap":0
        },
        {
            "index":165,
            "아파트명":"주공5단지",
            "투자타입":"재건축",
            "전용면적(m2)":"59.22",
            "전용면적(평)":"17평",
            "법정동주소":"경기도 수원시 영통구 매탄동 897",
            "도로명주소":"경기도 수원시 영통구 인계로 165",
            "세대수":90,
            "입주년차":"--",
            "용적률점수":100,
            "건폐율점수":100,
            "세대당주차수":"--",
            "난방방식":"--",
            "공급면적":50,
            "전용률":100,
            "욕실수":"--",
            "현관타입":"--",
            "주거총점":94.5,
            "지역구공급총점":0.0,
            "역세권":50,
            "30분내 이동가능 거점":0,
            "1시간내 이동가능 거점":0,
            "교통총점":25.0,
            "백화점":100,
            "아울렛몰":100,
            "대형마트":100,
            "은행":100,
            "병원":100,
            "종합병원":100,
            "공원":100,
            "혐오시설":0,
            "인프라총점":98.0,
            "초등학군":89.98,
            "중학군":46.82,
            "학군총점":55.452,
            "인구수":42.64,
            "인구증감":-10.11,
            "인구총점":26.815,
            "일자리":18.77,
            "소득수준":100.0,
            "일자리총점":43.139,
            "가치 총점":65.3678,
            "매매실거래년":20210511.0,
            "매매실거래가":105000.0,
            "전세실거래년":20210407.0,
            "전세실거래가":5000.0,
            "전세가율":6.82,
            "장기전세가율평균":71.38,
            "전세가율거품지수":64.56,
            "검색코드":1792,
            "세대수":1240.0,
            "준공년월":"1985-12-11",
            "준공년차":38.0,
            "가까운역이름":"수원시청",
            "가까운역거리":844.38,
            "역세권여부":"준역세권",
            "30분이내주요거점역":0,
            "30분거점역이름":"[]",
            "1시간이내주요거점역":0,
            "1시간거점역이름":"[]",
            "3km이내백화점수":1,
            "5km이내아울렛몰수":2,
            "1km이내대형먀트수":4,
            "500m이내은행수":5,
            "500m이내병원수":68,
            "5km이내대형병원수":4,
            "500m이내공원수":3,
            "3km이내혐오시설수":0,
            "초등학교학업성취도":89.98,
            "중학교학업성취도":77.5,
            "용적률":127,
            "건폐율":14,
            "Y":37.267482,
            "X":127.03722,
            "rank":12.0,
            "area_info":"17평(59.22), 18평(59.56), 19평(66.06), 20평(67.93), 22평(75.95), 24평(79.44), 27평(92.39), 30평(101.27), 30평(101.32), 31평(104.98)",
            "last_sales":"2021-05-11,105000.0,31평(104.98)",
            "rank_history":[
                [
                    "202202",
                    12
                ],
                [
                    "202201",
                    3
                ]
            ],
            "rank_gap":-9
        },
        {
            "index":613,
            "아파트명":"광교호수마을호반써밋",
            "투자타입":"일반",
            "전용면적(m2)":"112.32",
            "전용면적(평)":"33평",
            "법정동주소":"경기도 수원시 영통구 하동 994",
            "도로명주소":"경기도 수원시 영통구 법조로 134",
            "세대수":90,
            "입주년차":60,
            "용적률점수":"--",
            "건폐율점수":"--",
            "세대당주차수":60,
            "난방방식":100,
            "공급면적":"--",
            "전용률":"--",
            "욕실수":100,
            "현관타입":100,
            "주거총점":82.5,
            "지역구공급총점":0.0,
            "역세권":50,
            "30분내 이동가능 거점":20,
            "1시간내 이동가능 거점":80,
            "교통총점":47.0,
            "백화점":100,
            "아울렛몰":100,
            "대형마트":80,
            "은행":0,
            "병원":30,
            "종합병원":100,
            "공원":100,
            "혐오시설":0,
            "인프라총점":78.0,
            "초등학군":89.97,
            "중학군":51.44,
            "학군총점":59.146,
            "인구수":42.64,
            "인구증감":-10.11,
            "인구총점":26.815,
            "일자리":18.77,
            "소득수준":100.0,
            "일자리총점":43.139,
            "가치 총점":65.2219,
            "매매실거래년":20211227.0,
            "매매실거래가":118000.0,
            "전세실거래년":20220128.0,
            "전세실거래가":70000.0,
            "전세가율":54.47,
            "장기전세가율평균":71.38,
            "전세가율거품지수":16.91,
            "검색코드":101301,
            "세대수":1188.0,
            "준공년월":"2011-09-29",
            "준공년차":12.0,
            "가까운역이름":"상현",
            "가까운역거리":781.19,
            "역세권여부":"준역세권",
            "30분이내주요거점역":1,
            "30분거점역이름":"['정자']",
            "1시간이내주요거점역":8,
            "1시간거점역이름":"['강남', '역삼', '판교', '양재', '정자', '수원시청', '수원', '서현']",
            "3km이내백화점수":1,
            "5km이내아울렛몰수":2,
            "1km이내대형먀트수":1,
            "500m이내은행수":0,
            "500m이내병원수":6,
            "5km이내대형병원수":4,
            "500m이내공원수":2,
            "3km이내혐오시설수":0,
            "초등학교학업성취도":89.97,
            "중학교학업성취도":83.4,
            "용적률":209,
            "건폐율":14,
            "Y":37.29124,
            "X":127.072917,
            "rank":13.0,
            "area_info":"33평(112.32), 34평(112.58), 33평(112.05), 34평(112.58), 44평(146.5), 44평(146.5), 44평(146.46), 44평(146.5), 44평(146.46), 56평(187.72), 70평(233.03)",
            "last_sales":"2021-12-27,118000.0,33평(112.05)",
            "rank_history":[
                [
                    "202202",
                    13
                ],
                [
                    "202201",
                    15
                ]
            ],
            "rank_gap":2
        },
        {
            "index":268,
            "아파트명":"신나무실건영2차",
            "투자타입":"일반",
            "전용면적(m2)":"111.03",
            "전용면적(평)":"33평",
            "법정동주소":"경기도 수원시 영통구 영통동 966-2",
            "도로명주소":"경기도 수원시 영통구 매영로 346",
            "세대수":50,
            "입주년차":20,
            "용적률점수":"--",
            "건폐율점수":"--",
            "세대당주차수":60,
            "난방방식":100,
            "공급면적":"--",
            "전용률":"--",
            "욕실수":100,
            "현관타입":100,
            "주거총점":60.5,
            "지역구공급총점":0.0,
            "역세권":80,
            "30분내 이동가능 거점":40,
            "1시간내 이동가능 거점":100,
            "교통총점":72.0,
            "백화점":0,
            "아울렛몰":80,
            "대형마트":100,
            "은행":70,
            "병원":100,
            "종합병원":100,
            "공원":100,
            "혐오시설":-50,
            "인프라총점":62.0,
            "초등학군":90.0,
            "중학군":54.0,
            "학군총점":61.2,
            "인구수":42.64,
            "인구증감":-10.11,
            "인구총점":26.815,
            "일자리":18.77,
            "소득수준":100.0,
            "일자리총점":43.139,
            "가치 총점":65.08,
            "매매실거래년":20211011.0,
            "매매실거래가":127500.0,
            "전세실거래년":20210819.0,
            "전세실거래가":34650.0,
            "전세가율":48.12,
            "장기전세가율평균":71.38,
            "전세가율거품지수":23.26,
            "검색코드":8028,
            "세대수":470.0,
            "준공년월":"2000-07-20",
            "준공년차":23.0,
            "가까운역이름":"영통",
            "가까운역거리":137.54,
            "역세권여부":"역세권",
            "30분이내주요거점역":2,
            "30분거점역이름":"['수원시청', '수원']",
            "1시간이내주요거점역":10,
            "1시간거점역이름":"['강남', '판교', '여의도', '양재', '정자', '수원시청', '평촌', '수원', '안산', '서현']",
            "3km이내백화점수":0,
            "5km이내아울렛몰수":1,
            "1km이내대형먀트수":3,
            "500m이내은행수":4,
            "500m이내병원수":70,
            "5km이내대형병원수":5,
            "500m이내공원수":4,
            "3km이내혐오시설수":1,
            "초등학교학업성취도":90.0,
            "중학교학업성취도":89.2,
            "용적률":219,
            "건폐율":19,
            "Y":37.251397,
            "X":127.069855,
            "rank":14.0,
            "area_info":"33평(111.03), 37평(125.61), 49평(163.42)",
            "last_sales":"2021-10-11,127500.0,49평(163.42)",
            "rank_history":[
                [
                    "202202",
                    14
                ],
                [
                    "202201",
                    14
                ]
            ],
            "rank_gap":0
        },
        {
            "index":357,
            "아파트명":"광교중흥에스클래스",
            "투자타입":"일반",
            "전용면적(m2)":"116.72",
            "전용면적(평)":"35평",
            "법정동주소":"경기도 수원시 영통구 원천동 589",
            "도로명주소":"경기도 수원시 영통구 광교호수공원로 277",
            "세대수":100,
            "입주년차":100,
            "용적률점수":"--",
            "건폐율점수":"--",
            "세대당주차수":60,
            "난방방식":100,
            "공급면적":"--",
            "전용률":"--",
            "욕실수":100,
            "현관타입":100,
            "주거총점":94.0,
            "지역구공급총점":0.0,
            "역세권":50,
            "30분내 이동가능 거점":20,
            "1시간내 이동가능 거점":80,
            "교통총점":47.0,
            "백화점":100,
            "아울렛몰":100,
            "대형마트":0,
            "은행":20,
            "병원":30,
            "종합병원":100,
            "공원":80,
            "혐오시설":-50,
            "인프라총점":66.4,
            "초등학군":89.99,
            "중학군":56.16,
            "학군총점":62.926,
            "인구수":42.64,
            "인구증감":-10.11,
            "인구총점":26.815,
            "일자리":18.77,
            "소득수준":100.0,
            "일자리총점":43.139,
            "가치 총점":64.6089,
            "매매실거래년":20220108.0,
            "매매실거래가":292000.0,
            "전세실거래년":20211231.0,
            "전세실거래가":73500.0,
            "전세가율":43.24,
            "장기전세가율평균":71.38,
            "전세가율거품지수":28.14,
            "검색코드":111038,
            "세대수":2231.0,
            "준공년월":"2019-05-01",
            "준공년차":4.0,
            "가까운역이름":"광교중앙",
            "가까운역거리":914.47,
            "역세권여부":"준역세권",
            "30분이내주요거점역":1,
            "30분거점역이름":"['수원']",
            "1시간이내주요거점역":8,
            "1시간거점역이름":"['강남', '역삼', '판교', '양재', '정자', '수원시청', '수원', '서현']",
            "3km이내백화점수":1,
            "5km이내아울렛몰수":2,
            "1km이내대형먀트수":0,
            "500m이내은행수":2,
            "500m이내병원수":7,
            "5km이내대형병원수":4,
            "500m이내공원수":1,
            "3km이내혐오시설수":1,
            "초등학교학업성취도":89.99,
            "중학교학업성취도":91.6,
            "용적률":399,
            "건폐율":23,
            "Y":37.282401,
            "X":127.058246,
            "rank":15.0,
            "area_info":"35평(116.72), 35평(116.1), 35평(116.57), 40평(133.23), 40평(134.72), 44평(147.02), 44평(147.98), 45평(149.94), 52평(173.94), 67평(222.45), 67평(223.92)",
            "last_sales":"2022-01-08,292000.0,52평(173.94)",
            "rank_history":[
                [
                    "202202",
                    15
                ],
                [
                    "202201",
                    13
                ]
            ],
            "rank_gap":-2
        },
        {
            "index":224,
            "아파트명":"건영1차",
            "투자타입":"일반",
            "전용면적(m2)":"110.99",
            "전용면적(평)":"33평",
            "법정동주소":"경기도 수원시 영통구 영통동 1047-1",
            "도로명주소":"경기도 수원시 영통구 청명로 100",
            "세대수":50,
            "입주년차":20,
            "용적률점수":"--",
            "건폐율점수":"--",
            "세대당주차수":80,
            "난방방식":100,
            "공급면적":"--",
            "전용률":"--",
            "욕실수":100,
            "현관타입":100,
            "주거총점":63.5,
            "지역구공급총점":0.0,
            "역세권":80,
            "30분내 이동가능 거점":40,
            "1시간내 이동가능 거점":80,
            "교통총점":68.0,
            "백화점":0,
            "아울렛몰":80,
            "대형마트":100,
            "은행":70,
            "병원":80,
            "종합병원":100,
            "공원":100,
            "혐오시설":-50,
            "인프라총점":60.0,
            "초등학군":90.01,
            "중학군":57.42,
            "학군총점":63.938,
            "인구수":42.64,
            "인구증감":-10.11,
            "인구총점":26.815,
            "일자리":18.77,
            "소득수준":100.0,
            "일자리총점":43.139,
            "가치 총점":64.0907,
            "매매실거래년":20211007.0,
            "매매실거래가":90000.0,
            "전세실거래년":20211115.0,
            "전세실거래가":38800.0,
            "전세가율":52.43,
            "장기전세가율평균":71.38,
            "전세가율거품지수":18.95,
            "검색코드":2490,
            "세대수":502.0,
            "준공년월":"1999-02-18",
            "준공년차":24.0,
            "가까운역이름":"청명",
            "가까운역거리":376.63,
            "역세권여부":"역세권",
            "30분이내주요거점역":2,
            "30분거점역이름":"['수원시청', '수원']",
            "1시간이내주요거점역":8,
            "1시간거점역이름":"['강남', '판교', '양재', '정자', '수원시청', '수원', '안산', '서현']",
            "3km이내백화점수":0,
            "5km이내아울렛몰수":1,
            "1km이내대형먀트수":3,
            "500m이내은행수":3,
            "500m이내병원수":55,
            "5km이내대형병원수":4,
            "500m이내공원수":3,
            "3km이내혐오시설수":1,
            "초등학교학업성취도":90.01,
            "중학교학업성취도":94.3,
            "용적률":219,
            "건폐율":18,
            "Y":37.25627,
            "X":127.07761,
            "rank":16.0,
            "area_info":"33평(110.99), 37평(125.5), 49평(163.29)",
            "last_sales":"2021-10-07,90000.0,49평(163.29)",
            "rank_history":[
                [
                    "202202",
                    16
                ],
                [
                    "202201",
                    16
                ]
            ],
            "rank_gap":0
        },
        {
            "index":309,
            "아파트명":"현대",
            "투자타입":"일반",
            "전용면적(m2)":"120.41",
            "전용면적(평)":"36평",
            "법정동주소":"경기도 수원시 영통구 영통동 989-2",
            "도로명주소":"경기도 수원시 영통구 매영로 366",
            "세대수":50,
            "입주년차":0,
            "용적률점수":"--",
            "건폐율점수":"--",
            "세대당주차수":80,
            "난방방식":100,
            "공급면적":"--",
            "전용률":"--",
            "욕실수":100,
            "현관타입":100,
            "주거총점":59.5,
            "지역구공급총점":0.0,
            "역세권":80,
            "30분내 이동가능 거점":40,
            "1시간내 이동가능 거점":80,
            "교통총점":68.0,
            "백화점":0,
            "아울렛몰":80,
            "대형마트":100,
            "은행":70,
            "병원":80,
            "종합병원":100,
            "공원":100,
            "혐오시설":-50,
            "인프라총점":60.0,
            "초등학군":90.01,
            "중학군":57.62,
            "학군총점":64.098,
            "인구수":42.64,
            "인구증감":-10.11,
            "인구총점":26.815,
            "일자리":18.77,
            "소득수준":100.0,
            "일자리총점":43.139,
            "가치 총점":63.3147,
            "매매실거래년":20211207.0,
            "매매실거래가":72000.0,
            "전세실거래년":20211228.0,
            "전세실거래가":44100.0,
            "전세가율":61.25,
            "장기전세가율평균":71.38,
            "전세가율거품지수":10.13,
            "검색코드":1802,
            "세대수":612.0,
            "준공년월":"1998-05-28",
            "준공년차":25.0,
            "가까운역이름":"영통",
            "가까운역거리":193.48,
            "역세권여부":"역세권",
            "30분이내주요거점역":2,
            "30분거점역이름":"['수원시청', '수원']",
            "1시간이내주요거점역":8,
            "1시간거점역이름":"['강남', '판교', '양재', '정자', '수원시청', '수원', '안산', '서현']",
            "3km이내백화점수":0,
            "5km이내아울렛몰수":1,
            "1km이내대형먀트수":3,
            "500m이내은행수":3,
            "500m이내병원수":51,
            "5km이내대형병원수":5,
            "500m이내공원수":3,
            "3km이내혐오시설수":1,
            "초등학교학업성취도":90.01,
            "중학교학업성취도":93.9,
            "용적률":219,
            "건폐율":16,
            "Y":37.24983,
            "X":127.07129,
            "rank":17.0,
            "area_info":"36평(120.41), 49평(162.95), 60평(199.38)",
            "last_sales":"2021-12-07,72000.0,36평(120.41)",
            "rank_history":[
                [
                    "202202",
                    17
                ],
                [
                    "202201",
                    19
                ]
            ],
            "rank_gap":2
        },
        {
            "index":472,
            "아파트명":"광교에듀타운50단지",
            "투자타입":"일반",
            "전용면적(m2)":"100.92",
            "전용면적(평)":"30평",
            "법정동주소":"경기도 수원시 영통구 이의동 1370",
            "도로명주소":"경기도 수원시 영통구 에듀타운로 7",
            "세대수":0,
            "입주년차":80,
            "용적률점수":"--",
            "건폐율점수":"--",
            "세대당주차수":60,
            "난방방식":100,
            "공급면적":"--",
            "전용률":"--",
            "욕실수":100,
            "현관타입":100,
            "주거총점":55.0,
            "지역구공급총점":0.0,
            "역세권":50,
            "30분내 이동가능 거점":40,
            "1시간내 이동가능 거점":80,
            "교통총점":53.0,
            "백화점":100,
            "아울렛몰":100,
            "대형마트":80,
            "은행":0,
            "병원":60,
            "종합병원":100,
            "공원":100,
            "혐오시설":0,
            "인프라총점":81.0,
            "초등학군":89.99,
            "중학군":56.16,
            "학군총점":62.926,
            "인구수":42.64,
            "인구증감":-10.11,
            "인구총점":26.815,
            "일자리":18.77,
            "소득수준":100.0,
            "일자리총점":43.139,
            "가치 총점":63.2889,
            "매매실거래년":20210731.0,
            "매매실거래가":133000.0,
            "전세실거래년":null,
            "전세실거래가":null,
            "전세가율":null,
            "장기전세가율평균":71.38,
            "전세가율거품지수":null,
            "검색코드":140889,
            "세대수":224.0,
            "준공년월":"2014-06-26",
            "준공년차":9.0,
            "가까운역이름":"광교중앙",
            "가까운역거리":550.98,
            "역세권여부":"준역세권",
            "30분이내주요거점역":2,
            "30분거점역이름":"['판교', '정자']",
            "1시간이내주요거점역":8,
            "1시간거점역이름":"['강남', '역삼', '판교', '양재', '정자', '수원시청', '수원', '서현']",
            "3km이내백화점수":1,
            "5km이내아울렛몰수":2,
            "1km이내대형먀트수":1,
            "500m이내은행수":0,
            "500m이내병원수":17,
            "5km이내대형병원수":3,
            "500m이내공원수":2,
            "3km이내혐오시설수":0,
            "초등학교학업성취도":89.99,
            "중학교학업성취도":91.6,
            "용적률":177,
            "건폐율":12,
            "Y":37.283822,
            "X":127.053048,
            "rank":18.0,
            "area_info":"30평(100.92), 30평(101.18), 30평(101.19), 34평(113.4)",
            "last_sales":"2021-07-31,133000.0,30평(101.19)",
            "rank_history":[
                [
                    "202202",
                    18
                ],
                [
                    "202201",
                    17
                ]
            ],
            "rank_gap":-1
        },
        {
            "index":303,
            "아파트명":"청명마을주공",
            "투자타입":"일반",
            "전용면적(m2)":"68.96",
            "전용면적(평)":"20평",
            "법정동주소":"경기도 수원시 영통구 영통동 1048-2",
            "도로명주소":"경기도 수원시 영통구 청명북로 81",
            "세대수":90,
            "입주년차":0,
            "용적률점수":"--",
            "건폐율점수":"--",
            "세대당주차수":0,
            "난방방식":100,
            "공급면적":"--",
            "전용률":"--",
            "욕실수":50,
            "현관타입":100,
            "주거총점":56.5,
            "지역구공급총점":0.0,
            "역세권":80,
            "30분내 이동가능 거점":60,
            "1시간내 이동가능 거점":90,
            "교통총점":76.0,
            "백화점":0,
            "아울렛몰":80,
            "대형마트":100,
            "은행":20,
            "병원":60,
            "종합병원":100,
            "공원":100,
            "혐오시설":-50,
            "인프라총점":53.0,
            "초등학군":90.01,
            "중학군":52.28,
            "학군총점":59.826,
            "인구수":42.64,
            "인구증감":-10.11,
            "인구총점":26.815,
            "일자리":18.77,
            "소득수준":100.0,
            "일자리총점":43.139,
            "가치 총점":62.7739,
            "매매실거래년":20220118.0,
            "매매실거래가":52000.0,
            "전세실거래년":20211016.0,
            "전세실거래가":18900.0,
            "전세가율":39.38,
            "장기전세가율평균":71.38,
            "전세가율거품지수":32.0,
            "검색코드":1809,
            "세대수":946.0,
            "준공년월":"1997-12-12",
            "준공년차":26.0,
            "가까운역이름":"청명",
            "가까운역거리":136.82,
            "역세권여부":"역세권",
            "30분이내주요거점역":3,
            "30분거점역이름":"['정자', '수원시청', '수원']",
            "1시간이내주요거점역":9,
            "1시간거점역이름":"['강남', '역삼', '판교', '양재', '정자', '수원시청', '수원', '안산', '서현']",
            "3km이내백화점수":0,
            "5km이내아울렛몰수":1,
            "1km이내대형먀트수":3,
            "500m이내은행수":2,
            "500m이내병원수":17,
            "5km이내대형병원수":4,
            "500m이내공원수":5,
            "3km이내혐오시설수":1,
            "초등학교학업성취도":90.01,
            "중학교학업성취도":84.4,
            "용적률":218,
            "건폐율":17,
            "Y":37.25826,
            "X":127.07886,
            "rank":19.0,
            "area_info":"20평(68.96), 24평(82.55), 25평(83.14)",
            "last_sales":"2022-01-18,52000.0,25평(83.14)",
            "rank_history":[
                [
                    "202202",
                    19
                ],
                [
                    "202201",
                    21
                ]
            ],
            "rank_gap":2
        },
        {
            "index":256,
            "아파트명":"살구골진덕,서광,성지,동아",
            "투자타입":"일반",
            "전용면적(m2)":"126.33",
            "전용면적(평)":"38평",
            "법정동주소":"경기도 수원시 영통구 영통동 988-2",
            "도로명주소":"경기도 수원시 영통구 봉영로 1526",
            "세대수":90,
            "입주년차":0,
            "용적률점수":"--",
            "건폐율점수":"--",
            "세대당주차수":60,
            "난방방식":100,
            "공급면적":"--",
            "전용률":"--",
            "욕실수":100,
            "현관타입":100,
            "주거총점":70.5,
            "지역구공급총점":0.0,
            "역세권":80,
            "30분내 이동가능 거점":40,
            "1시간내 이동가능 거점":80,
            "교통총점":68.0,
            "백화점":0,
            "아울렛몰":80,
            "대형마트":100,
            "은행":0,
            "병원":60,
            "종합병원":100,
            "공원":100,
            "혐오시설":0,
            "인프라총점":52.0,
            "초등학군":90.01,
            "중학군":54.0,
            "학군총점":61.202,
            "인구수":42.64,
            "인구증감":-10.11,
            "인구총점":26.815,
            "일자리":18.77,
            "소득수준":100.0,
            "일자리총점":43.139,
            "가치 총점":62.6803,
            "매매실거래년":20211030.0,
            "매매실거래가":70000.0,
            "전세실거래년":20220115.0,
            "전세실거래가":37800.0,
            "전세가율":54.0,
            "장기전세가율평균":71.38,
            "전세가율거품지수":17.38,
            "검색코드":1800,
            "세대수":1248.0,
            "준공년월":"1998-01-26",
            "준공년차":25.0,
            "가까운역이름":"영통",
            "가까운역거리":418.65,
            "역세권여부":"역세권",
            "30분이내주요거점역":2,
            "30분거점역이름":"['수원시청', '수원']",
            "1시간이내주요거점역":8,
            "1시간거점역이름":"['강남', '판교', '양재', '정자', '수원시청', '수원', '안산', '서현']",
            "3km이내백화점수":0,
            "5km이내아울렛몰수":1,
            "1km이내대형먀트수":3,
            "500m이내은행수":1,
            "500m이내병원수":23,
            "5km이내대형병원수":4,
            "500m이내공원수":4,
            "3km이내혐오시설수":0,
            "초등학교학업성취도":90.01,
            "중학교학업성취도":89.2,
            "용적률":219,
            "건폐율":16,
            "Y":37.247896,
            "X":127.070349,
            "rank":20.0,
            "area_info":"38평(126.33), 49평(163.01), 59평(197.52)",
            "last_sales":"2021-10-30,70000.0,38평(126.33)",
            "rank_history":[
                [
                    "202202",
                    20
                ],
                [
                    "202201",
                    23
                ]
            ],
            "rank_gap":3
        },
        {
            "index":550,
            "아파트명":"오드카운티",
            "투자타입":"일반",
            "전용면적(m2)":"149.32",
            "전용면적(평)":"45평",
            "법정동주소":"경기도 수원시 영통구 이의동 1303",
            "도로명주소":"경기도 수원시 영통구 센트럴파크로 100",
            "세대수":50,
            "입주년차":60,
            "용적률점수":"--",
            "건폐율점수":"--",
            "세대당주차수":60,
            "난방방식":100,
            "공급면적":"--",
            "전용률":"--",
            "욕실수":100,
            "현관타입":100,
            "주거총점":68.5,
            "지역구공급총점":0.0,
            "역세권":50,
            "30분내 이동가능 거점":0,
            "1시간내 이동가능 거점":80,
            "교통총점":41.0,
            "백화점":100,
            "아울렛몰":100,
            "대형마트":100,
            "은행":20,
            "병원":30,
            "종합병원":100,
            "공원":100,
            "혐오시설":0,
            "인프라총점":83.0,
            "초등학군":89.99,
            "중학군":56.94,
            "학군총점":63.55,
            "인구수":42.64,
            "인구증감":-10.11,
            "인구총점":26.815,
            "일자리":18.77,
            "소득수준":100.0,
            "일자리총점":43.139,
            "가치 총점":62.4825,
            "매매실거래년":20211008.0,
            "매매실거래가":163500.0,
            "전세실거래년":20220126.0,
            "전세실거래가":60900.0,
            "전세가율":36.47,
            "장기전세가율평균":71.38,
            "전세가율거품지수":34.91,
            "검색코드":100641,
            "세대수":668.0,
            "준공년월":"2012-02-17",
            "준공년차":11.0,
            "가까운역이름":"광교중앙",
            "가까운역거리":783.15,
            "역세권여부":"준역세권",
            "30분이내주요거점역":0,
            "30분거점역이름":"[]",
            "1시간이내주요거점역":8,
            "1시간거점역이름":"['강남', '역삼', '판교', '양재', '정자', '수원시청', '수원', '서현']",
            "3km이내백화점수":1,
            "5km이내아울렛몰수":2,
            "1km이내대형먀트수":2,
            "500m이내은행수":2,
            "500m이내병원수":6,
            "5km이내대형병원수":3,
            "500m이내공원수":3,
            "3km이내혐오시설수":0,
            "초등학교학업성취도":89.99,
            "중학교학업성취도":92.5,
            "용적률":199,
            "건폐율":12,
            "Y":37.292364,
            "X":127.058974,
            "rank":21.0,
            "area_info":"45평(149.32), 45평(149.16), 45평(149.6), 45평(150.63)",
            "last_sales":"2021-10-08,163500.0,45평(149.16)",
            "rank_history":[
                [
                    "202202",
                    21
                ],
                [
                    "202201",
                    22
                ]
            ],
            "rank_gap":1
        },
        {
            "index":527,
            "아파트명":"래미안광교",
            "투자타입":"일반",
            "전용면적(m2)":"129.4",
            "전용면적(평)":"39평",
            "법정동주소":"경기도 수원시 영통구 이의동 1304",
            "도로명주소":"경기도 수원시 영통구 센트럴파크로 60",
            "세대수":50,
            "입주년차":60,
            "용적률점수":"--",
            "건폐율점수":"--",
            "세대당주차수":80,
            "난방방식":100,
            "공급면적":"--",
            "전용률":"--",
            "욕실수":100,
            "현관타입":100,
            "주거총점":71.5,
            "지역구공급총점":0.0,
            "역세권":50,
            "30분내 이동가능 거점":0,
            "1시간내 이동가능 거점":80,
            "교통총점":41.0,
            "백화점":100,
            "아울렛몰":100,
            "대형마트":80,
            "은행":20,
            "병원":60,
            "종합병원":100,
            "공원":80,
            "혐오시설":0,
            "인프라총점":82.4,
            "초등학군":89.99,
            "중학군":51.44,
            "학군총점":59.15,
            "인구수":42.64,
            "인구증감":-10.11,
            "인구총점":26.815,
            "일자리":18.77,
            "소득수준":100.0,
            "일자리총점":43.139,
            "가치 총점":62.2425,
            "매매실거래년":20210918.0,
            "매매실거래가":325000.0,
            "전세실거래년":20211204.0,
            "전세실거래가":90000.0,
            "전세가율":60.4,
            "장기전세가율평균":71.38,
            "전세가율거품지수":10.98,
            "검색코드":100607,
            "세대수":629.0,
            "준공년월":"2012-02-17",
            "준공년차":11.0,
            "가까운역이름":"광교중앙",
            "가까운역거리":916.27,
            "역세권여부":"준역세권",
            "30분이내주요거점역":0,
            "30분거점역이름":"[]",
            "1시간이내주요거점역":8,
            "1시간거점역이름":"['강남', '역삼', '판교', '양재', '정자', '수원시청', '수원', '서현']",
            "3km이내백화점수":1,
            "5km이내아울렛몰수":2,
            "1km이내대형먀트수":1,
            "500m이내은행수":2,
            "500m이내병원수":15,
            "5km이내대형병원수":4,
            "500m이내공원수":1,
            "3km이내혐오시설수":0,
            "초등학교학업성취도":89.99,
            "중학교학업성취도":83.4,
            "용적률":199,
            "건폐율":10,
            "Y":37.291391,
            "X":127.061231,
            "rank":22.0,
            "area_info":"39평(129.4), 39평(130.16), 39평(131.38), 40평(134.67), 45평(151.0), 47평(158.04), 48평(159.33), 54평(178.64), 54평(181.22), 56평(186.36), 59평(195.31), 62평(206.67), 63평(209.62), 67평(222.1), 68평(226.78), 71평(237.39)",
            "last_sales":"2021-09-18,325000.0,67평(222.1)",
            "rank_history":[
                [
                    "202202",
                    22
                ],
                [
                    "202201",
                    18
                ]
            ],
            "rank_gap":-4
        },
        {
            "index":271,
            "아파트명":"신나무실극동,풍림",
            "투자타입":"일반",
            "전용면적(m2)":"98.7",
            "전용면적(평)":"29평",
            "법정동주소":"경기도 수원시 영통구 영통동 967-2",
            "도로명주소":"경기도 수원시 영통구 봉영로1517번길 30",
            "세대수":80,
            "입주년차":20,
            "용적률점수":"--",
            "건폐율점수":"--",
            "세대당주차수":30,
            "난방방식":100,
            "공급면적":"--",
            "전용률":"--",
            "욕실수":100,
            "현관타입":100,
            "주거총점":66.5,
            "지역구공급총점":0.0,
            "역세권":80,
            "30분내 이동가능 거점":40,
            "1시간내 이동가능 거점":80,
            "교통총점":68.0,
            "백화점":0,
            "아울렛몰":80,
            "대형마트":100,
            "은행":20,
            "병원":60,
            "종합병원":100,
            "공원":100,
            "혐오시설":-50,
            "인프라총점":53.0,
            "초등학군":90.0,
            "중학군":54.0,
            "학군총점":61.2,
            "인구수":42.64,
            "인구증감":-10.11,
            "인구총점":26.815,
            "일자리":18.77,
            "소득수준":100.0,
            "일자리총점":43.139,
            "가치 총점":62.18,
            "매매실거래년":20211221.0,
            "매매실거래가":71000.0,
            "전세실거래년":20220105.0,
            "전세실거래가":43000.0,
            "전세가율":60.56,
            "장기전세가율평균":71.38,
            "전세가율거품지수":10.82,
            "검색코드":7952,
            "세대수":776.0,
            "준공년월":"2000-10-11",
            "준공년차":23.0,
            "가까운역이름":"영통",
            "가까운역거리":319.13,
            "역세권여부":"역세권",
            "30분이내주요거점역":2,
            "30분거점역이름":"['수원시청', '수원']",
            "1시간이내주요거점역":8,
            "1시간거점역이름":"['강남', '판교', '양재', '정자', '수원시청', '수원', '안산', '서현']",
            "3km이내백화점수":0,
            "5km이내아울렛몰수":1,
            "1km이내대형먀트수":3,
            "500m이내은행수":2,
            "500m이내병원수":29,
            "5km이내대형병원수":5,
            "500m이내공원수":6,
            "3km이내혐오시설수":1,
            "초등학교학업성취도":90.0,
            "중학교학업성취도":89.2,
            "용적률":219,
            "건폐율":16,
            "Y":37.24981,
            "X":127.068544,
            "rank":23.0,
            "area_info":"29평(98.7), 32평(108.93)",
            "last_sales":"2021-12-21,71000.0,29평(98.7)",
            "rank_history":[
                [
                    "202202",
                    23
                ],
                [
                    "202201",
                    25
                ]
            ],
            "rank_gap":2
        },
        {
            "index":235,
            "아파트명":"벽산삼익",
            "투자타입":"일반",
            "전용면적(m2)":"96.42",
            "전용면적(평)":"29평",
            "법정동주소":"경기도 수원시 영통구 영통동 957-6",
            "도로명주소":"경기도 수원시 영통구 청명로 132",
            "세대수":90,
            "입주년차":0,
            "용적률점수":"--",
            "건폐율점수":"--",
            "세대당주차수":30,
            "난방방식":100,
            "공급면적":"--",
            "전용률":"--",
            "욕실수":50,
            "현관타입":100,
            "주거총점":61.0,
            "지역구공급총점":0.0,
            "역세권":80,
            "30분내 이동가능 거점":40,
            "1시간내 이동가능 거점":80,
            "교통총점":68.0,
            "백화점":0,
            "아울렛몰":80,
            "대형마트":100,
            "은행":20,
            "병원":80,
            "종합병원":100,
            "공원":100,
            "혐오시설":-50,
            "인프라총점":55.0,
            "초등학군":90.0,
            "중학군":57.42,
            "학군총점":63.936,
            "인구수":42.64,
            "인구증감":-10.11,
            "인구총점":26.815,
            "일자리":18.77,
            "소득수준":100.0,
            "일자리총점":43.139,
            "가치 총점":62.0904,
            "매매실거래년":20220106.0,
            "매매실거래가":66000.0,
            "전세실거래년":20220113.0,
            "전세실거래가":35700.0,
            "전세가율":54.09,
            "장기전세가율평균":71.38,
            "전세가율거품지수":17.29,
            "검색코드":1804,
            "세대수":1242.0,
            "준공년월":"1997-12-12",
            "준공년차":26.0,
            "가까운역이름":"청명",
            "가까운역거리":341.32,
            "역세권여부":"역세권",
            "30분이내주요거점역":2,
            "30분거점역이름":"['수원시청', '수원']",
            "1시간이내주요거점역":8,
            "1시간거점역이름":"['강남', '판교', '양재', '정자', '수원시청', '수원', '안산', '서현']",
            "3km이내백화점수":0,
            "5km이내아울렛몰수":1,
            "1km이내대형먀트수":3,
            "500m이내은행수":2,
            "500m이내병원수":48,
            "5km이내대형병원수":5,
            "500m이내공원수":4,
            "3km이내혐오시설수":1,
            "초등학교학업성취도":90.0,
            "중학교학업성취도":94.3,
            "용적률":220,
            "건폐율":17,
            "Y":37.257527,
            "X":127.075968,
            "rank":24.0,
            "area_info":"29평(96.42), 29평(96.42), 33평(109.1), 33평(109.1)",
            "last_sales":"2022-01-06,66000.0,29평(96.42)",
            "rank_history":[
                [
                    "202202",
                    24
                ],
                [
                    "202201",
                    24
                ]
            ],
            "rank_gap":0
        },
        {
            "index":501,
            "아파트명":"광교한양수자인",
            "투자타입":"일반",
            "전용면적(m2)":"108.22",
            "전용면적(평)":"32평",
            "법정동주소":"경기도 수원시 영통구 이의동 1211",
            "도로명주소":"경기도 수원시 영통구 웰빙타운로 19",
            "세대수":0,
            "입주년차":60,
            "용적률점수":"--",
            "건폐율점수":"--",
            "세대당주차수":60,
            "난방방식":100,
            "공급면적":"--",
            "전용률":"--",
            "욕실수":100,
            "현관타입":100,
            "주거총점":51.0,
            "지역구공급총점":0.0,
            "역세권":80,
            "30분내 이동가능 거점":0,
            "1시간내 이동가능 거점":80,
            "교통총점":56.0,
            "백화점":100,
            "아울렛몰":100,
            "대형마트":80,
            "은행":0,
            "병원":10,
            "종합병원":100,
            "공원":80,
            "혐오시설":0,
            "인프라총점":75.4,
            "초등학군":89.98,
            "중학군":57.72,
            "학군총점":64.172,
            "인구수":42.64,
            "인구증감":-10.11,
            "인구총점":26.815,
            "일자리":18.77,
            "소득수준":100.0,
            "일자리총점":43.139,
            "가치 총점":62.0458,
            "매매실거래년":20211021.0,
            "매매실거래가":80000.0,
            "전세실거래년":20210619.0,
            "전세실거래가":40949.0,
            "전세가율":51.19,
            "장기전세가율평균":71.38,
            "전세가율거품지수":20.19,
            "검색코드":103072,
            "세대수":214.0,
            "준공년월":"2011-07-29",
            "준공년차":12.0,
            "가까운역이름":"광교",
            "가까운역거리":499.77,
            "역세권여부":"역세권",
            "30분이내주요거점역":0,
            "30분거점역이름":"[]",
            "1시간이내주요거점역":8,
            "1시간거점역이름":"['강남', '역삼', '판교', '양재', '정자', '수원시청', '수원', '서현']",
            "3km이내백화점수":1,
            "5km이내아울렛몰수":2,
            "1km이내대형먀트수":1,
            "500m이내은행수":0,
            "500m이내병원수":4,
            "5km이내대형병원수":4,
            "500m이내공원수":1,
            "3km이내혐오시설수":0,
            "초등학교학업성취도":89.98,
            "중학교학업성취도":92.6,
            "용적률":119,
            "건폐율":15,
            "Y":37.304899,
            "X":127.048914,
            "rank":25.0,
            "area_info":"32평(108.22), 32평(108.25), 32평(108.22), 32평(108.22), 33평(109.26), 33평(109.26)",
            "last_sales":"2021-10-21,80000.0,32평(108.22)",
            "rank_history":[
                [
                    "202202",
                    25
                ],
                [
                    "202201",
                    26
                ]
            ],
            "rank_gap":1
        },
        {
            "index":57,
            "아파트명":"센트럴하이츠",
            "투자타입":"일반",
            "전용면적(m2)":"83.09",
            "전용면적(평)":"25평",
            "법정동주소":"경기도 수원시 영통구 망포동 718",
            "도로명주소":"경기도 수원시 영통구 영통로154번길 51-16",
            "세대수":50,
            "입주년차":60,
            "용적률점수":"--",
            "건폐율점수":"--",
            "세대당주차수":80,
            "난방방식":100,
            "공급면적":"--",
            "전용률":"--",
            "욕실수":100,
            "현관타입":100,
            "주거총점":71.5,
            "지역구공급총점":0.0,
            "역세권":80,
            "30분내 이동가능 거점":40,
            "1시간내 이동가능 거점":90,
            "교통총점":70.0,
            "백화점":0,
            "아울렛몰":80,
            "대형마트":0,
            "은행":70,
            "병원":80,
            "종합병원":100,
            "공원":100,
            "혐오시설":0,
            "인프라총점":46.0,
            "초등학군":89.99,
            "중학군":55.46,
            "학군총점":62.366,
            "인구수":42.64,
            "인구증감":-10.11,
            "인구총점":26.815,
            "일자리":18.77,
            "소득수준":100.0,
            "일자리총점":43.139,
            "가치 총점":61.9549,
            "매매실거래년":20211126.0,
            "매매실거래가":64500.0,
            "전세실거래년":20211228.0,
            "전세실거래가":34125.0,
            "전세가율":52.91,
            "장기전세가율평균":71.38,
            "전세가율거품지수":18.47,
            "검색코드":26764,
            "세대수":549.0,
            "준공년월":"2010-07-09",
            "준공년차":13.0,
            "가까운역이름":"망포",
            "가까운역거리":404.31,
            "역세권여부":"역세권",
            "30분이내주요거점역":2,
            "30분거점역이름":"['수원시청', '수원']",
            "1시간이내주요거점역":9,
            "1시간거점역이름":"['판교', '여의도', '양재', '정자', '수원시청', '평촌', '수원', '안산', '서현']",
            "3km이내백화점수":0,
            "5km이내아울렛몰수":1,
            "1km이내대형먀트수":0,
            "500m이내은행수":3,
            "500m이내병원수":55,
            "5km이내대형병원수":4,
            "500m이내공원수":11,
            "3km이내혐오시설수":0,
            "초등학교학업성취도":89.99,
            "중학교학업성취도":91.3,
            "용적률":205,
            "건폐율":16,
            "Y":37.242528,
            "X":127.059358,
            "rank":26.0,
            "area_info":"25평(83.09), 25평(84.67), 41평(137.05), 42평(138.95), 49평(164.7), 50평(165.31), 54평(181.71), 55평(182.3)",
            "last_sales":"2021-11-26,64500.0,25평(83.09)",
            "rank_history":[
                [
                    "202202",
                    26
                ],
                [
                    "202201",
                    27
                ]
            ],
            "rank_gap":1
        },
        {
            "index":276,
            "아파트명":"신원,미주",
            "투자타입":"일반",
            "전용면적(m2)":"127.06",
            "전용면적(평)":"38평",
            "법정동주소":"경기도 수원시 영통구 영통동 965-2",
            "도로명주소":"경기도 수원시 영통구 매영로310번길 27",
            "세대수":50,
            "입주년차":20,
            "용적률점수":"--",
            "건폐율점수":"--",
            "세대당주차수":60,
            "난방방식":100,
            "공급면적":"--",
            "전용률":"--",
            "욕실수":100,
            "현관타입":100,
            "주거총점":60.5,
            "지역구공급총점":0.0,
            "역세권":80,
            "30분내 이동가능 거점":40,
            "1시간내 이동가능 거점":80,
            "교통총점":68.0,
            "백화점":0,
            "아울렛몰":80,
            "대형마트":100,
            "은행":20,
            "병원":80,
            "종합병원":100,
            "공원":100,
            "혐오시설":-50,
            "인프라총점":55.0,
            "초등학군":90.0,
            "중학군":52.06,
            "학군총점":59.648,
            "인구수":42.64,
            "인구증감":-10.11,
            "인구총점":26.815,
            "일자리":18.77,
            "소득수준":100.0,
            "일자리총점":43.139,
            "가치 총점":61.3472,
            "매매실거래년":20210816.0,
            "매매실거래가":100000.0,
            "전세실거래년":20210713.0,
            "전세실거래가":63000.0,
            "전세가율":81.82,
            "장기전세가율평균":71.38,
            "전세가율거품지수":-10.44,
            "검색코드":13465,
            "세대수":574.0,
            "준공년월":"1999-12-29",
            "준공년차":24.0,
            "가까운역이름":"영통",
            "가까운역거리":368.73,
            "역세권여부":"역세권",
            "30분이내주요거점역":2,
            "30분거점역이름":"['수원시청', '수원']",
            "1시간이내주요거점역":8,
            "1시간거점역이름":"['강남', '판교', '양재', '정자', '수원시청', '수원', '안산', '서현']",
            "3km이내백화점수":0,
            "5km이내아울렛몰수":1,
            "1km이내대형먀트수":3,
            "500m이내은행수":2,
            "500m이내병원수":35,
            "5km이내대형병원수":5,
            "500m이내공원수":5,
            "3km이내혐오시설수":1,
            "초등학교학업성취도":90.0,
            "중학교학업성취도":86.3,
            "용적률":218,
            "건폐율":16,
            "Y":37.25207,
            "X":127.067276,
            "rank":27.0,
            "area_info":"38평(127.06), 38평(127.28), 43평(143.23), 43평(145.23), 49평(164.8), 49평(164.14)",
            "last_sales":"2021-08-16,100000.0,49평(164.14)",
            "rank_history":[
                [
                    "202202",
                    27
                ],
                [
                    "202201",
                    28
                ]
            ],
            "rank_gap":1
        },
        {
            "index":227,
            "아파트명":"대우",
            "투자타입":"일반",
            "전용면적(m2)":"124.7",
            "전용면적(평)":"37평",
            "법정동주소":"경기도 수원시 영통구 영통동 956-2",
            "도로명주소":"경기도 수원시 영통구 영통로 460",
            "세대수":50,
            "입주년차":0,
            "용적률점수":"--",
            "건폐율점수":"--",
            "세대당주차수":80,
            "난방방식":100,
            "공급면적":"--",
            "전용률":"--",
            "욕실수":100,
            "현관타입":100,
            "주거총점":59.5,
            "지역구공급총점":0.0,
            "역세권":80,
            "30분내 이동가능 거점":40,
            "1시간내 이동가능 거점":80,
            "교통총점":68.0,
            "백화점":0,
            "아울렛몰":80,
            "대형마트":100,
            "은행":0,
            "병원":60,
            "종합병원":100,
            "공원":100,
            "혐오시설":-50,
            "인프라총점":51.0,
            "초등학군":90.0,
            "중학군":57.42,
            "학군총점":63.936,
            "인구수":42.64,
            "인구증감":-10.11,
            "인구총점":26.815,
            "일자리":18.77,
            "소득수준":100.0,
            "일자리총점":43.139,
            "가치 총점":60.5904,
            "매매실거래년":20211013.0,
            "매매실거래가":122500.0,
            "전세실거래년":20211223.0,
            "전세실거래가":70000.0,
            "전세가율":61.14,
            "장기전세가율평균":71.38,
            "전세가율거품지수":10.24,
            "검색코드":12056,
            "세대수":492.0,
            "준공년월":"1998-06-23",
            "준공년차":25.0,
            "가까운역이름":"청명",
            "가까운역거리":303.4,
            "역세권여부":"역세권",
            "30분이내주요거점역":2,
            "30분거점역이름":"['수원시청', '수원']",
            "1시간이내주요거점역":8,
            "1시간거점역이름":"['강남', '판교', '양재', '정자', '수원시청', '수원', '안산', '서현']",
            "3km이내백화점수":0,
            "5km이내아울렛몰수":1,
            "1km이내대형먀트수":3,
            "500m이내은행수":1,
            "500m이내병원수":17,
            "5km이내대형병원수":5,
            "500m이내공원수":5,
            "3km이내혐오시설수":1,
            "초등학교학업성취도":90.0,
            "중학교학업성취도":94.3,
            "용적률":217,
            "건폐율":16,
            "Y":37.260083,
            "X":127.075588,
            "rank":28.0,
            "area_info":"37평(124.7), 49평(162.71), 59평(195.66)",
            "last_sales":"2021-10-13,122500.0,49평(162.71)",
            "rank_history":[
                [
                    "202202",
                    28
                ],
                [
                    "202201",
                    30
                ]
            ],
            "rank_gap":2
        },
        {
            "index":129,
            "아파트명":"매탄주공4단지",
            "투자타입":"재건축",
            "전용면적(m2)":"51.12",
            "전용면적(평)":"15평",
            "법정동주소":"경기도 수원시 영통구 매탄동 897",
            "도로명주소":"경기도 수원시 영통구 인계로 165",
            "세대수":90,
            "입주년차":"--",
            "용적률점수":100,
            "건폐율점수":100,
            "세대당주차수":"--",
            "난방방식":"--",
            "공급면적":50,
            "전용률":80,
            "욕실수":"--",
            "현관타입":"--",
            "주거총점":93.5,
            "지역구공급총점":0.0,
            "역세권":0,
            "30분내 이동가능 거점":20,
            "1시간내 이동가능 거점":80,
            "교통총점":22.0,
            "백화점":100,
            "아울렛몰":100,
            "대형마트":100,
            "은행":20,
            "병원":60,
            "종합병원":100,
            "공원":100,
            "혐오시설":0,
            "인프라총점":86.0,
            "초등학군":89.98,
            "중학군":46.82,
            "학군총점":55.452,
            "인구수":42.64,
            "인구증감":-10.11,
            "인구총점":26.815,
            "일자리":18.77,
            "소득수준":100.0,
            "일자리총점":43.139,
            "가치 총점":60.5178,
            "매매실거래년":20211004.0,
            "매매실거래가":77000.0,
            "전세실거래년":20220115.0,
            "전세실거래가":4000.0,
            "전세가율":5.19,
            "장기전세가율평균":71.38,
            "전세가율거품지수":66.19,
            "검색코드":1791,
            "세대수":1200.0,
            "준공년월":"1985-10-21",
            "준공년차":38.0,
            "가까운역이름":"수원시청",
            "가까운역거리":1127.97,
            "역세권여부":"비역세권",
            "30분이내주요거점역":1,
            "30분거점역이름":"['수원시청']",
            "1시간이내주요거점역":8,
            "1시간거점역이름":"['판교', '양재', '정자', '수원시청', '평촌', '수원', '안산', '서현']",
            "3km이내백화점수":1,
            "5km이내아울렛몰수":2,
            "1km이내대형먀트수":3,
            "500m이내은행수":2,
            "500m이내병원수":15,
            "5km이내대형병원수":4,
            "500m이내공원수":2,
            "3km이내혐오시설수":0,
            "초등학교학업성취도":89.98,
            "중학교학업성취도":77.5,
            "용적률":73,
            "건폐율":14,
            "Y":37.267972,
            "X":127.040957,
            "rank":29.0,
            "area_info":"15평(51.12), 15평(52.2), 17평(57.33), 17평(58.5), 17평(59.22), 20평(67.93)",
            "last_sales":"2021-10-04,77000.0,15평(51.12)",
            "rank_history":[
                [
                    "202202",
                    29
                ],
                [
                    "202201",
                    29
                ]
            ],
            "rank_gap":0
        },
        {
            "index":203,
            "아파트명":"현대힐스테이트",
            "투자타입":"일반",
            "전용면적(m2)":"82.43",
            "전용면적(평)":"24평",
            "법정동주소":"경기도 수원시 영통구 매탄동 176",
            "도로명주소":"경기도 수원시 영통구 권광로260번길 36",
            "세대수":100,
            "입주년차":40,
            "용적률점수":"--",
            "건폐율점수":"--",
            "세대당주차수":30,
            "난방방식":100,
            "공급면적":"--",
            "전용률":"--",
            "욕실수":100,
            "현관타입":100,
            "주거총점":77.5,
            "지역구공급총점":0.0,
            "역세권":0,
            "30분내 이동가능 거점":40,
            "1시간내 이동가능 거점":60,
            "교통총점":24.0,
            "백화점":100,
            "아울렛몰":100,
            "대형마트":100,
            "은행":70,
            "병원":80,
            "종합병원":100,
            "공원":100,
            "혐오시설":0,
            "인프라총점":93.0,
            "초등학군":89.98,
            "중학군":46.82,
            "학군총점":55.452,
            "인구수":42.64,
            "인구증감":-10.11,
            "인구총점":26.815,
            "일자리":18.77,
            "소득수준":100.0,
            "일자리총점":43.139,
            "가치 총점":60.1178,
            "매매실거래년":20220107.0,
            "매매실거래가":73000.0,
            "전세실거래년":20220122.0,
            "전세실거래가":27300.0,
            "전세가율":45.5,
            "장기전세가율평균":71.38,
            "전세가율거품지수":25.88,
            "검색코드":13698,
            "세대수":2328.0,
            "준공년월":"2006-02-27",
            "준공년차":17.0,
            "가까운역이름":"수원시청",
            "가까운역거리":1345.92,
            "역세권여부":"비역세권",
            "30분이내주요거점역":2,
            "30분거점역이름":"['수원시청', '수원']",
            "1시간이내주요거점역":6,
            "1시간거점역이름":"['판교', '정자', '수원시청', '평촌', '수원', '서현']",
            "3km이내백화점수":1,
            "5km이내아울렛몰수":2,
            "1km이내대형먀트수":3,
            "500m이내은행수":3,
            "500m이내병원수":33,
            "5km이내대형병원수":4,
            "500m이내공원수":3,
            "3km이내혐오시설수":0,
            "초등학교학업성취도":89.98,
            "중학교학업성취도":77.5,
            "용적률":280,
            "건폐율":19,
            "Y":37.271727,
            "X":127.039635,
            "rank":30.0,
            "area_info":"24평(82.43), 30평(100.8), 33평(110.15), 47평(157.22)",
            "last_sales":"2022-01-07,73000.0,33평(110.15)",
            "rank_history":[
                [
                    "202202",
                    30
                ],
                [
                    "202201",
                    32
                ]
            ],
            "rank_gap":2
        },
        {
            "index":191,
            "아파트명":"주공그린빌5단지",
            "투자타입":"일반",
            "전용면적(m2)":"51.57",
            "전용면적(평)":"15평",
            "법정동주소":"경기도 수원시 영통구 매탄동 1282",
            "도로명주소":"경기도 수원시 영통구 동탄원천로881번길 35",
            "세대수":80,
            "입주년차":20,
            "용적률점수":"--",
            "건폐율점수":"--",
            "세대당주차수":30,
            "난방방식":100,
            "공급면적":"--",
            "전용률":"--",
            "욕실수":50,
            "현관타입":10,
            "주거총점":52.5,
            "지역구공급총점":0.0,
            "역세권":80,
            "30분내 이동가능 거점":40,
            "1시간내 이동가능 거점":100,
            "교통총점":72.0,
            "백화점":0,
            "아울렛몰":100,
            "대형마트":100,
            "은행":0,
            "병원":30,
            "종합병원":100,
            "공원":100,
            "혐오시설":0,
            "인프라총점":51.0,
            "초등학군":89.97,
            "중학군":50.02,
            "학군총점":58.01,
            "인구수":42.64,
            "인구증감":-10.11,
            "인구총점":26.815,
            "일자리":18.77,
            "소득수준":100.0,
            "일자리총점":43.139,
            "가치 총점":59.7015,
            "매매실거래년":20211204.0,
            "매매실거래가":54700.0,
            "전세실거래년":20220119.0,
            "전세실거래가":22000.0,
            "전세가율":78.57,
            "장기전세가율평균":71.38,
            "전세가율거품지수":-7.19,
            "검색코드":3637,
            "세대수":732.0,
            "준공년월":"2002-05-07",
            "준공년차":21.0,
            "가까운역이름":"매탄권선",
            "가까운역거리":210.84,
            "역세권여부":"역세권",
            "30분이내주요거점역":2,
            "30분거점역이름":"['수원시청', '수원']",
            "1시간이내주요거점역":10,
            "1시간거점역이름":"['판교', '여의도', '양재', '정자', '수원시청', '평촌', '가산디지털단지', '수원', '안산', '서현']",
            "3km이내백화점수":0,
            "5km이내아울렛몰수":2,
            "1km이내대형먀트수":2,
            "500m이내은행수":0,
            "500m이내병원수":6,
            "5km이내대형병원수":3,
            "500m이내공원수":10,
            "3km이내혐오시설수":0,
            "초등학교학업성취도":89.97,
            "중학교학업성취도":81.9,
            "용적률":187,
            "건폐율":16,
            "Y":37.254635,
            "X":127.040912,
            "rank":31.0,
            "area_info":"15평(51.57), 15평(52.09), 19평(65.69), 20평(66.18), 21평(71.3), 25평(85.79)",
            "last_sales":"2021-12-04,54700.0,25평(85.79)",
            "rank_history":[
                [
                    "202202",
                    31
                ],
                [
                    "202201",
                    31
                ]
            ],
            "rank_gap":0
        },
        {
            "index":186,
            "아파트명":"주공그린빌4단지",
            "투자타입":"일반",
            "전용면적(m2)":"84.35",
            "전용면적(평)":"25평",
            "법정동주소":"경기도 수원시 영통구 매탄동 1280",
            "도로명주소":"경기도 수원시 영통구 동탄원천로915번길 33",
            "세대수":50,
            "입주년차":20,
            "용적률점수":"--",
            "건폐율점수":"--",
            "세대당주차수":30,
            "난방방식":100,
            "공급면적":"--",
            "전용률":"--",
            "욕실수":50,
            "현관타입":100,
            "주거총점":51.0,
            "지역구공급총점":0.0,
            "역세권":80,
            "30분내 이동가능 거점":40,
            "1시간내 이동가능 거점":80,
            "교통총점":68.0,
            "백화점":0,
            "아울렛몰":100,
            "대형마트":100,
            "은행":20,
            "병원":60,
            "종합병원":100,
            "공원":100,
            "혐오시설":0,
            "인프라총점":56.0,
            "초등학군":89.97,
            "중학군":50.02,
            "학군총점":58.01,
            "인구수":42.64,
            "인구증감":-10.11,
            "인구총점":26.815,
            "일자리":18.77,
            "소득수준":100.0,
            "일자리총점":43.139,
            "가치 총점":59.5015,
            "매매실거래년":20210605.0,
            "매매실거래가":53000.0,
            "전세실거래년":20200114.0,
            "전세실거래가":22000.0,
            "전세가율":70.97,
            "장기전세가율평균":71.38,
            "전세가율거품지수":0.41,
            "검색코드":3636,
            "세대수":461.0,
            "준공년월":"2002-05-07",
            "준공년차":21.0,
            "가까운역이름":"매탄권선",
            "가까운역거리":395.01,
            "역세권여부":"역세권",
            "30분이내주요거점역":2,
            "30분거점역이름":"['수원시청', '수원']",
            "1시간이내주요거점역":8,
            "1시간거점역이름":"['판교', '여의도', '정자', '수원시청', '평촌', '수원', '안산', '서현']",
            "3km이내백화점수":0,
            "5km이내아울렛몰수":2,
            "1km이내대형먀트수":2,
            "500m이내은행수":2,
            "500m이내병원수":22,
            "5km이내대형병원수":3,
            "500m이내공원수":9,
            "3km이내혐오시설수":0,
            "초등학교학업성취도":89.97,
            "중학교학업성취도":81.9,
            "용적률":218,
            "건폐율":20,
            "Y":37.25544,
            "X":127.043494,
            "rank":32.0,
            "area_info":"25평(84.35), 29평(96.36), 32평(107.15), 32평(107.23), 32평(107.48)",
            "last_sales":"2021-06-05,53000.0,32평(107.48)",
            "rank_history":[
                [
                    "202202",
                    32
                ],
                [
                    "202201",
                    33
                ]
            ],
            "rank_gap":1
        },
        {
            "index":49,
            "아파트명":"망포역아이파크",
            "투자타입":"일반",
            "전용면적(m2)":"107.34",
            "전용면적(평)":"32평",
            "법정동주소":"경기도 수원시 영통구 망포동 693",
            "도로명주소":"경기도 수원시 영통구 영통로200번길 20",
            "세대수":50,
            "입주년차":20,
            "용적률점수":"--",
            "건폐율점수":"--",
            "세대당주차수":60,
            "난방방식":100,
            "공급면적":"--",
            "전용률":"--",
            "욕실수":100,
            "현관타입":100,
            "주거총점":60.5,
            "지역구공급총점":0.0,
            "역세권":80,
            "30분내 이동가능 거점":40,
            "1시간내 이동가능 거점":100,
            "교통총점":72.0,
            "백화점":0,
            "아울렛몰":80,
            "대형마트":0,
            "은행":20,
            "병원":80,
            "종합병원":100,
            "공원":100,
            "혐오시설":0,
            "인프라총점":41.0,
            "초등학군":89.99,
            "중학군":52.4,
            "학군총점":59.918,
            "인구수":42.64,
            "인구증감":-10.11,
            "인구총점":26.815,
            "일자리":18.77,
            "소득수준":100.0,
            "일자리총점":43.139,
            "가치 총점":58.5877,
            "매매실거래년":20210826.0,
            "매매실거래가":77000.0,
            "전세실거래년":null,
            "전세실거래가":null,
            "전세가율":null,
            "장기전세가율평균":71.38,
            "전세가율거품지수":null,
            "검색코드":3628,
            "세대수":554.0,
            "준공년월":"2002-06-28",
            "준공년차":21.0,
            "가까운역이름":"망포",
            "가까운역거리":165.07,
            "역세권여부":"역세권",
            "30분이내주요거점역":2,
            "30분거점역이름":"['수원시청', '수원']",
            "1시간이내주요거점역":13,
            "1시간거점역이름":"['강남', '역삼', '판교', '여의도', '양재', '정자', '수원시청', '평촌', '가산디지털단지', '수원', '구로디지털단지', '안산', '서현']",
            "3km이내백화점수":0,
            "5km이내아울렛몰수":1,
            "1km이내대형먀트수":0,
            "500m이내은행수":2,
            "500m이내병원수":55,
            "5km이내대형병원수":4,
            "500m이내공원수":7,
            "3km이내혐오시설수":0,
            "초등학교학업성취도":89.99,
            "중학교학업성취도":86.4,
            "용적률":235,
            "건폐율":17,
            "Y":37.244317,
            "X":127.057179,
            "rank":33.0,
            "area_info":"32평(107.34), 33평(109.63), 38평(126.96), 43평(143.38), 48평(160.23)",
            "last_sales":"2021-08-26,77000.0,48평(160.23)",
            "rank_history":[
                [
                    "202202",
                    33
                ],
                [
                    "202201",
                    34
                ]
            ],
            "rank_gap":1
        },
        {
            "index":289,
            "아파트명":"영통센트럴파크뷰",
            "투자타입":"일반",
            "전용면적(m2)":"68.96",
            "전용면적(평)":"20평",
            "법정동주소":"경기도 수원시 영통구 영통동 948-4",
            "도로명주소":"경기도 수원시 영통구 영통로514번길 53",
            "세대수":90,
            "입주년차":20,
            "용적률점수":"--",
            "건폐율점수":"--",
            "세대당주차수":30,
            "난방방식":100,
            "공급면적":"--",
            "전용률":"--",
            "욕실수":50,
            "현관타입":100,
            "주거총점":65.0,
            "지역구공급총점":0.0,
            "역세권":50,
            "30분내 이동가능 거점":40,
            "1시간내 이동가능 거점":50,
            "교통총점":47.0,
            "백화점":100,
            "아울렛몰":80,
            "대형마트":0,
            "은행":0,
            "병원":60,
            "종합병원":100,
            "공원":100,
            "혐오시설":0,
            "인프라총점":67.0,
            "초등학군":89.96,
            "중학군":52.28,
            "학군총점":59.816,
            "인구수":42.64,
            "인구증감":-10.11,
            "인구총점":26.815,
            "일자리":18.77,
            "소득수준":100.0,
            "일자리총점":43.139,
            "가치 총점":58.5224,
            "매매실거래년":20220119.0,
            "매매실거래가":50000.0,
            "전세실거래년":20220125.0,
            "전세실거래가":28000.0,
            "전세가율":63.64,
            "장기전세가율평균":71.38,
            "전세가율거품지수":7.74,
            "검색코드":3992,
            "세대수":1190.0,
            "준공년월":"1999-05-03",
            "준공년차":24.0,
            "가까운역이름":"청명",
            "가까운역거리":684.59,
            "역세권여부":"준역세권",
            "30분이내주요거점역":2,
            "30분거점역이름":"['수원시청', '수원']",
            "1시간이내주요거점역":5,
            "1시간거점역이름":"['판교', '정자', '수원시청', '수원', '서현']",
            "3km이내백화점수":1,
            "5km이내아울렛몰수":1,
            "1km이내대형먀트수":0,
            "500m이내은행수":0,
            "500m이내병원수":18,
            "5km이내대형병원수":4,
            "500m이내공원수":7,
            "3km이내혐오시설수":0,
            "초등학교학업성취도":89.96,
            "중학교학업성취도":84.4,
            "용적률":218,
            "건폐율":17,
            "Y":37.26557,
            "X":127.080143,
            "rank":34.0,
            "area_info":"20평(68.96), 23평(76.8), 23평(77.29), 24평(82.62), 24평(82.59)",
            "last_sales":"2022-01-19,50000.0,24평(82.62)",
            "rank_history":[
                [
                    "202202",
                    34
                ],
                [
                    "202201",
                    35
                ]
            ],
            "rank_gap":1
        },
        {
            "index":239,
            "아파트명":"벽적골8단지두산,우성,한신",
            "투자타입":"일반",
            "전용면적(m2)":"80.54",
            "전용면적(평)":"24평",
            "법정동주소":"경기도 수원시 영통구 영통동 973-3",
            "도로명주소":"경기도 수원시 영통구 영통로 232",
            "세대수":100,
            "입주년차":0,
            "용적률점수":"--",
            "건폐율점수":"--",
            "세대당주차수":0,
            "난방방식":100,
            "공급면적":"--",
            "전용률":"--",
            "욕실수":50,
            "현관타입":100,
            "주거총점":60.0,
            "지역구공급총점":0.0,
            "역세권":80,
            "30분내 이동가능 거점":40,
            "1시간내 이동가능 거점":100,
            "교통총점":72.0,
            "백화점":0,
            "아울렛몰":80,
            "대형마트":0,
            "은행":20,
            "병원":80,
            "종합병원":100,
            "공원":100,
            "혐오시설":0,
            "인프라총점":41.0,
            "초등학군":89.96,
            "중학군":52.4,
            "학군총점":59.912,
            "인구수":42.64,
            "인구증감":-10.11,
            "인구총점":26.815,
            "일자리":18.77,
            "소득수준":100.0,
            "일자리총점":43.139,
            "가치 총점":58.4868,
            "매매실거래년":20220117.0,
            "매매실거래가":49900.0,
            "전세실거래년":20220126.0,
            "전세실거래가":26000.0,
            "전세가율":52.1,
            "장기전세가율평균":71.38,
            "전세가율거품지수":19.28,
            "검색코드":12045,
            "세대수":1842.0,
            "준공년월":"1997-12-16",
            "준공년차":26.0,
            "가까운역이름":"망포",
            "가까운역거리":269.59,
            "역세권여부":"역세권",
            "30분이내주요거점역":2,
            "30분거점역이름":"['수원시청', '수원']",
            "1시간이내주요거점역":10,
            "1시간거점역이름":"['강남', '판교', '여의도', '양재', '정자', '수원시청', '평촌', '수원', '안산', '서현']",
            "3km이내백화점수":0,
            "5km이내아울렛몰수":1,
            "1km이내대형먀트수":0,
            "500m이내은행수":2,
            "500m이내병원수":49,
            "5km이내대형병원수":4,
            "500m이내공원수":7,
            "3km이내혐오시설수":0,
            "초등학교학업성취도":89.96,
            "중학교학업성취도":86.4,
            "용적률":220,
            "건폐율":16,
            "Y":37.2477,
            "X":127.059237,
            "rank":35.0,
            "area_info":"24평(80.54), 24평(80.39)",
            "last_sales":"2022-01-17,49900.0,24평(80.54)",
            "rank_history":[
                [
                    "202202",
                    35
                ],
                [
                    "202201",
                    36
                ]
            ],
            "rank_gap":1
        },
        {
            "index":14,
            "아파트명":"그대가프리미어",
            "투자타입":"일반",
            "전용면적(m2)":"83.55",
            "전용면적(평)":"25평",
            "법정동주소":"경기도 수원시 영통구 망포동 720",
            "도로명주소":"경기도 수원시 영통구 덕영대로1484번길 21",
            "세대수":50,
            "입주년차":60,
            "용적률점수":"--",
            "건폐율점수":"--",
            "세대당주차수":60,
            "난방방식":100,
            "공급면적":"--",
            "전용률":"--",
            "욕실수":100,
            "현관타입":100,
            "주거총점":68.5,
            "지역구공급총점":0.0,
            "역세권":80,
            "30분내 이동가능 거점":40,
            "1시간내 이동가능 거점":80,
            "교통총점":68.0,
            "백화점":0,
            "아울렛몰":80,
            "대형마트":0,
            "은행":0,
            "병원":80,
            "종합병원":100,
            "공원":100,
            "혐오시설":0,
            "인프라총점":39.0,
            "초등학군":89.99,
            "중학군":52.4,
            "학군총점":59.918,
            "인구수":42.64,
            "인구증감":-10.11,
            "인구총점":26.815,
            "일자리":18.77,
            "소득수준":100.0,
            "일자리총점":43.139,
            "가치 총점":58.1877,
            "매매실거래년":20210831.0,
            "매매실거래가":119000.0,
            "전세실거래년":20211229.0,
            "전세실거래가":34650.0,
            "전세가율":46.89,
            "장기전세가율평균":71.38,
            "전세가율거품지수":24.49,
            "검색코드":26762,
            "세대수":602.0,
            "준공년월":"2010-08-03",
            "준공년차":13.0,
            "가까운역이름":"망포",
            "가까운역거리":317.95,
            "역세권여부":"역세권",
            "30분이내주요거점역":2,
            "30분거점역이름":"['수원시청', '수원']",
            "1시간이내주요거점역":8,
            "1시간거점역이름":"['판교', '정자', '수원시청', '평촌', '수원', '구로디지털단지', '안산', '서현']",
            "3km이내백화점수":0,
            "5km이내아울렛몰수":1,
            "1km이내대형먀트수":0,
            "500m이내은행수":1,
            "500m이내병원수":44,
            "5km이내대형병원수":4,
            "500m이내공원수":4,
            "3km이내혐오시설수":0,
            "초등학교학업성취도":89.99,
            "중학교학업성취도":86.4,
            "용적률":213,
            "건폐율":18,
            "Y":37.244434,
            "X":127.054194,
            "rank":36.0,
            "area_info":"25평(83.55), 25평(83.52), 40평(133.7), 40평(134.07), 46평(154.63), 54평(179.88), 65평(215.0)",
            "last_sales":"2021-08-31,119000.0,46평(154.63)",
            "rank_history":[
                [
                    "202202",
                    36
                ],
                [
                    "202201",
                    37
                ]
            ],
            "rank_gap":1
        },
        {
            "index":476,
            "아파트명":"광교역참누리포레스트",
            "투자타입":"일반",
            "전용면적(m2)":"79.3",
            "전용면적(평)":"23평",
            "법정동주소":"경기도 수원시 영통구 이의동 1252",
            "도로명주소":"경기도 수원시 영통구 대학3로 55",
            "세대수":30,
            "입주년차":80,
            "용적률점수":"--",
            "건폐율점수":"--",
            "세대당주차수":30,
            "난방방식":100,
            "공급면적":"--",
            "전용률":"--",
            "욕실수":100,
            "현관타입":100,
            "주거총점":61.0,
            "지역구공급총점":0.0,
            "역세권":50,
            "30분내 이동가능 거점":0,
            "1시간내 이동가능 거점":80,
            "교통총점":41.0,
            "백화점":100,
            "아울렛몰":100,
            "대형마트":80,
            "은행":0,
            "병원":0,
            "종합병원":100,
            "공원":0,
            "혐오시설":0,
            "인프라총점":72.0,
            "초등학군":89.98,
            "중학군":57.72,
            "학군총점":64.172,
            "인구수":42.64,
            "인구증감":-10.11,
            "인구총점":26.815,
            "일자리":18.77,
            "소득수준":100.0,
            "일자리총점":43.139,
            "가치 총점":57.7758,
            "매매실거래년":20211108.0,
            "매매실거래가":75000.0,
            "전세실거래년":20220112.0,
            "전세실거래가":35000.0,
            "전세가율":44.3,
            "장기전세가율평균":71.38,
            "전세가율거품지수":27.08,
            "검색코드":107650,
            "세대수":356.0,
            "준공년월":"2015-07-30",
            "준공년차":8.0,
            "가까운역이름":"광교",
            "가까운역거리":504.53,
            "역세권여부":"준역세권",
            "30분이내주요거점역":0,
            "30분거점역이름":"[]",
            "1시간이내주요거점역":8,
            "1시간거점역이름":"['강남', '역삼', '판교', '양재', '정자', '수원시청', '수원', '서현']",
            "3km이내백화점수":1,
            "5km이내아울렛몰수":2,
            "1km이내대형먀트수":1,
            "500m이내은행수":0,
            "500m이내병원수":1,
            "5km이내대형병원수":4,
            "500m이내공원수":0,
            "3km이내혐오시설수":0,
            "초등학교학업성취도":89.98,
            "중학교학업성취도":92.6,
            "용적률":104,
            "건폐율":23,
            "Y":37.302429,
            "X":127.038793,
            "rank":37.0,
            "area_info":"23평(79.3), 24평(79.94), 24평(79.35), 24평(80.09)",
            "last_sales":"2021-11-08,75000.0,24평(79.35)",
            "rank_history":[
                [
                    "202202",
                    37
                ],
                [
                    "202201",
                    54
                ]
            ],
            "rank_gap":17
        },
        {
            "index":153,
            "아파트명":"성일(810-4)",
            "투자타입":"재건축",
            "전용면적(m2)":"58.59",
            "전용면적(평)":"17평",
            "법정동주소":"경기도 수원시 영통구 매탄동 810-4",
            "도로명주소":"경기도 수원시 영통구 인계로 239",
            "세대수":90,
            "입주년차":"--",
            "용적률점수":60,
            "건폐율점수":100,
            "세대당주차수":"--",
            "난방방식":"--",
            "공급면적":50,
            "전용률":40,
            "욕실수":"--",
            "현관타입":"--",
            "주거총점":75.5,
            "지역구공급총점":0.0,
            "역세권":0,
            "30분내 이동가능 거점":40,
            "1시간내 이동가능 거점":60,
            "교통총점":24.0,
            "백화점":100,
            "아울렛몰":100,
            "대형마트":100,
            "은행":0,
            "병원":60,
            "종합병원":100,
            "공원":100,
            "혐오시설":0,
            "인프라총점":84.0,
            "초등학군":89.99,
            "중학군":46.82,
            "학군총점":55.454,
            "인구수":42.64,
            "인구증감":-10.11,
            "인구총점":26.815,
            "일자리":18.77,
            "소득수준":100.0,
            "일자리총점":43.139,
            "가치 총점":57.0181,
            "매매실거래년":20220104.0,
            "매매실거래가":26500.0,
            "전세실거래년":20220125.0,
            "전세실거래가":13120.0,
            "전세가율":49.51,
            "장기전세가율평균":71.38,
            "전세가율거품지수":21.87,
            "검색코드":1787,
            "세대수":990.0,
            "준공년월":"1988-08-25",
            "준공년차":35.0,
            "가까운역이름":"수원시청",
            "가까운역거리":1223.97,
            "역세권여부":"비역세권",
            "30분이내주요거점역":2,
            "30분거점역이름":"['수원시청', '수원']",
            "1시간이내주요거점역":6,
            "1시간거점역이름":"['판교', '정자', '수원시청', '평촌', '수원', '서현']",
            "3km이내백화점수":1,
            "5km이내아울렛몰수":2,
            "1km이내대형먀트수":3,
            "500m이내은행수":1,
            "500m이내병원수":22,
            "5km이내대형병원수":3,
            "500m이내공원수":6,
            "3km이내혐오시설수":0,
            "초등학교학업성취도":89.99,
            "중학교학업성취도":77.5,
            "용적률":198,
            "건폐율":15,
            "Y":37.265373,
            "X":127.043865,
            "rank":38.0,
            "area_info":"17평(58.59), 22평(72.79)",
            "last_sales":"2022-01-04,26500.0,17평(58.59)",
            "rank_history":[
                [
                    "202202",
                    38
                ],
                [
                    "202201",
                    38
                ]
            ],
            "rank_gap":0
        },
        {
            "index":454,
            "아파트명":"광교e편한세상2차",
            "투자타입":"일반",
            "전용면적(m2)":"108.57",
            "전용면적(평)":"32평",
            "법정동주소":"경기도 수원시 영통구 이의동 1200",
            "도로명주소":"경기도 수원시 영통구 웰빙타운로 50",
            "세대수":50,
            "입주년차":60,
            "용적률점수":"--",
            "건폐율점수":"--",
            "세대당주차수":60,
            "난방방식":100,
            "공급면적":"--",
            "전용률":"--",
            "욕실수":100,
            "현관타입":100,
            "주거총점":68.5,
            "지역구공급총점":0.0,
            "역세권":50,
            "30분내 이동가능 거점":0,
            "1시간내 이동가능 거점":80,
            "교통총점":41.0,
            "백화점":100,
            "아울렛몰":100,
            "대형마트":0,
            "은행":0,
            "병원":10,
            "종합병원":100,
            "공원":100,
            "혐오시설":0,
            "인프라총점":64.0,
            "초등학군":89.98,
            "중학군":57.72,
            "학군총점":64.172,
            "인구수":42.64,
            "인구증감":-10.11,
            "인구총점":26.815,
            "일자리":18.77,
            "소득수준":100.0,
            "일자리총점":43.139,
            "가치 총점":56.8758,
            "매매실거래년":20211120.0,
            "매매실거래가":111000.0,
            "전세실거래년":20211217.0,
            "전세실거래가":44100.0,
            "전세가율":39.55,
            "장기전세가율평균":71.38,
            "전세가율거품지수":31.83,
            "검색코드":102119,
            "세대수":442.0,
            "준공년월":"2011-12-02",
            "준공년차":12.0,
            "가까운역이름":"광교",
            "가까운역거리":537.66,
            "역세권여부":"준역세권",
            "30분이내주요거점역":0,
            "30분거점역이름":"[]",
            "1시간이내주요거점역":8,
            "1시간거점역이름":"['강남', '역삼', '판교', '양재', '정자', '수원시청', '수원', '서현']",
            "3km이내백화점수":1,
            "5km이내아울렛몰수":2,
            "1km이내대형먀트수":0,
            "500m이내은행수":0,
            "500m이내병원수":4,
            "5km이내대형병원수":4,
            "500m이내공원수":3,
            "3km이내혐오시설수":0,
            "초등학교학업성취도":89.98,
            "중학교학업성취도":92.6,
            "용적률":119,
            "건폐율":12,
            "Y":37.306725,
            "X":127.046297,
            "rank":39.0,
            "area_info":"32평(108.57), 33평(109.37), 33평(110.14)",
            "last_sales":"2021-11-20,111000.0,33평(109.37)",
            "rank_history":[
                [
                    "202202",
                    39
                ],
                [
                    "202201",
                    40
                ]
            ],
            "rank_gap":1
        },
        {
            "index":518,
            "아파트명":"광교호반베르디움(1184)",
            "투자타입":"일반",
            "전용면적(m2)":"106.32",
            "전용면적(평)":"32평",
            "법정동주소":"경기도 수원시 영통구 이의동 1184",
            "도로명주소":"경기도 수원시 영통구 웰빙타운로 70",
            "세대수":50,
            "입주년차":60,
            "용적률점수":"--",
            "건폐율점수":"--",
            "세대당주차수":60,
            "난방방식":100,
            "공급면적":"--",
            "전용률":"--",
            "욕실수":100,
            "현관타입":100,
            "주거총점":68.5,
            "지역구공급총점":0.0,
            "역세권":50,
            "30분내 이동가능 거점":0,
            "1시간내 이동가능 거점":80,
            "교통총점":41.0,
            "백화점":100,
            "아울렛몰":100,
            "대형마트":0,
            "은행":0,
            "병원":10,
            "종합병원":100,
            "공원":100,
            "혐오시설":0,
            "인프라총점":64.0,
            "초등학군":89.98,
            "중학군":57.72,
            "학군총점":64.172,
            "인구수":42.64,
            "인구증감":-10.11,
            "인구총점":26.815,
            "일자리":18.77,
            "소득수준":100.0,
            "일자리총점":43.139,
            "가치 총점":56.8758,
            "매매실거래년":20220114.0,
            "매매실거래가":100000.0,
            "전세실거래년":20210822.0,
            "전세실거래가":39900.0,
            "전세가율":39.9,
            "장기전세가율평균":71.38,
            "전세가율거품지수":31.48,
            "검색코드":102624,
            "세대수":555.0,
            "준공년월":"2011-12-15",
            "준공년차":12.0,
            "가까운역이름":"광교",
            "가까운역거리":583.63,
            "역세권여부":"준역세권",
            "30분이내주요거점역":0,
            "30분거점역이름":"[]",
            "1시간이내주요거점역":8,
            "1시간거점역이름":"['강남', '역삼', '판교', '양재', '정자', '수원시청', '수원', '서현']",
            "3km이내백화점수":1,
            "5km이내아울렛몰수":2,
            "1km이내대형먀트수":0,
            "500m이내은행수":0,
            "500m이내병원수":4,
            "5km이내대형병원수":4,
            "500m이내공원수":2,
            "3km이내혐오시설수":0,
            "초등학교학업성취도":89.98,
            "중학교학업성취도":92.6,
            "용적률":99,
            "건폐율":10,
            "Y":37.307307,
            "X":127.043559,
            "rank":39.0,
            "area_info":"32평(106.32), 32평(106.53), 32평(106.57), 44평(146.92), 44평(147.6), 47평(155.57), 47평(155.39)",
            "last_sales":"2022-01-14,100000.0,32평(106.32)",
            "rank_history":[
                [
                    "202202",
                    39
                ],
                [
                    "202201",
                    40
                ]
            ],
            "rank_gap":1
        },
        {
            "index":393,
            "아파트명":"주공",
            "투자타입":"재건축",
            "전용면적(m2)":"45.95",
            "전용면적(평)":"13평",
            "법정동주소":"경기도 수원시 영통구 원천동 35",
            "도로명주소":"경기도 수원시 영통구 중부대로271번길 27-9",
            "세대수":90,
            "입주년차":"--",
            "용적률점수":60,
            "건폐율점수":100,
            "세대당주차수":"--",
            "난방방식":"--",
            "공급면적":50,
            "전용률":60,
            "욕실수":"--",
            "현관타입":"--",
            "주거총점":76.5,
            "지역구공급총점":0.0,
            "역세권":0,
            "30분내 이동가능 거점":20,
            "1시간내 이동가능 거점":60,
            "교통총점":18.0,
            "백화점":100,
            "아울렛몰":100,
            "대형마트":80,
            "은행":70,
            "병원":80,
            "종합병원":100,
            "공원":100,
            "혐오시설":0,
            "인프라총점":90.0,
            "초등학군":90.0,
            "중학군":46.28,
            "학군총점":55.024,
            "인구수":42.64,
            "인구증감":-10.11,
            "인구총점":26.815,
            "일자리":18.77,
            "소득수준":100.0,
            "일자리총점":43.139,
            "가치 총점":56.8536,
            "매매실거래년":20211216.0,
            "매매실거래가":43300.0,
            "전세실거래년":20220115.0,
            "전세실거래가":19000.0,
            "전세가율":50.13,
            "장기전세가율평균":71.38,
            "전세가율거품지수":21.25,
            "검색코드":1825,
            "세대수":1320.0,
            "준공년월":"1987-07-14",
            "준공년차":36.0,
            "가까운역이름":"광교중앙",
            "가까운역거리":1297.08,
            "역세권여부":"비역세권",
            "30분이내주요거점역":1,
            "30분거점역이름":"['수원시청']",
            "1시간이내주요거점역":6,
            "1시간거점역이름":"['판교', '양재', '정자', '수원시청', '수원', '서현']",
            "3km이내백화점수":1,
            "5km이내아울렛몰수":3,
            "1km이내대형먀트수":1,
            "500m이내은행수":3,
            "500m이내병원수":58,
            "5km이내대형병원수":4,
            "500m이내공원수":2,
            "3km이내혐오시설수":0,
            "초등학교학업성취도":90.0,
            "중학교학업성취도":76.6,
            "용적률":188,
            "건폐율":12,
            "Y":37.277526,
            "X":127.046936,
            "rank":40.0,
            "area_info":"13평(45.95), 17평(56.97), 20평(68.89), 25평(84.08), 27평(90.97), 27평(90.34), 27평(91.95)",
            "last_sales":"2021-12-16,43300.0,17평(56.97)",
            "rank_history":[
                [
                    "202202",
                    40
                ],
                [
                    "202201",
                    39
                ]
            ],
            "rank_gap":-1
        },
        {
            "index":136,
            "아파트명":"삼성1차",
            "투자타입":"재건축",
            "전용면적(m2)":"62.29",
            "전용면적(평)":"18평",
            "법정동주소":"경기도 수원시 영통구 매탄동 810-3",
            "도로명주소":"경기도 수원시 영통구 인계로 219",
            "세대수":90,
            "입주년차":"--",
            "용적률점수":20,
            "건폐율점수":100,
            "세대당주차수":"--",
            "난방방식":"--",
            "공급면적":50,
            "전용률":60,
            "욕실수":"--",
            "현관타입":"--",
            "주거총점":60.5,
            "지역구공급총점":0.0,
            "역세권":0,
            "30분내 이동가능 거점":40,
            "1시간내 이동가능 거점":90,
            "교통총점":30.0,
            "백화점":100,
            "아울렛몰":100,
            "대형마트":100,
            "은행":20,
            "병원":60,
            "종합병원":100,
            "공원":100,
            "혐오시설":0,
            "인프라총점":86.0,
            "초등학군":89.99,
            "중학군":46.82,
            "학군총점":55.454,
            "인구수":42.64,
            "인구증감":-10.11,
            "인구총점":26.815,
            "일자리":18.77,
            "소득수준":100.0,
            "일자리총점":43.139,
            "가치 총점":56.7181,
            "매매실거래년":20220117.0,
            "매매실거래가":40000.0,
            "전세실거래년":20220121.0,
            "전세실거래가":20000.0,
            "전세가율":52.63,
            "장기전세가율평균":71.38,
            "전세가율거품지수":18.75,
            "검색코드":1784,
            "세대수":930.0,
            "준공년월":"1988-10-27",
            "준공년차":35.0,
            "가까운역이름":"수원시청",
            "가까운역거리":1080.03,
            "역세권여부":"비역세권",
            "30분이내주요거점역":2,
            "30분거점역이름":"['수원시청', '수원']",
            "1시간이내주요거점역":9,
            "1시간거점역이름":"['강남', '판교', '양재', '정자', '수원시청', '평촌', '수원', '안산', '서현']",
            "3km이내백화점수":1,
            "5km이내아울렛몰수":2,
            "1km이내대형먀트수":3,
            "500m이내은행수":2,
            "500m이내병원수":22,
            "5km이내대형병원수":4,
            "500m이내공원수":4,
            "3km이내혐오시설수":0,
            "초등학교학업성취도":89.99,
            "중학교학업성취도":77.5,
            "용적률":216,
            "건폐율":14,
            "Y":37.265862,
            "X":127.041885,
            "rank":41.0,
            "area_info":"18평(62.29), 22평(75.6), 27평(91.94), 33평(111.43)",
            "last_sales":"2022-01-17,40000.0,22평(75.6)",
            "rank_history":[
                [
                    "202202",
                    41
                ],
                [
                    "202201",
                    41
                ]
            ],
            "rank_gap":0
        },
        {
            "index":107,
            "아파트명":"동남(197)",
            "투자타입":"재건축",
            "전용면적(m2)":"83.2",
            "전용면적(평)":"25평",
            "법정동주소":"경기도 수원시 영통구 매탄동 197",
            "도로명주소":"경기도 수원시 영통구 매영로 9",
            "세대수":50,
            "입주년차":"--",
            "용적률점수":100,
            "건폐율점수":80,
            "세대당주차수":"--",
            "난방방식":"--",
            "공급면적":70,
            "전용률":60,
            "욕실수":"--",
            "현관타입":"--",
            "주거총점":77.5,
            "지역구공급총점":0.0,
            "역세권":0,
            "30분내 이동가능 거점":20,
            "1시간내 이동가능 거점":50,
            "교통총점":16.0,
            "백화점":100,
            "아울렛몰":100,
            "대형마트":100,
            "은행":20,
            "병원":100,
            "종합병원":100,
            "공원":100,
            "혐오시설":0,
            "인프라총점":90.0,
            "초등학군":89.98,
            "중학군":46.82,
            "학군총점":55.452,
            "인구수":42.64,
            "인구증감":-10.11,
            "인구총점":26.815,
            "일자리":18.77,
            "소득수준":100.0,
            "일자리총점":43.139,
            "가치 총점":56.4178,
            "매매실거래년":"18000101",
            "매매실거래가":null,
            "전세실거래년":null,
            "전세실거래가":null,
            "전세가율":null,
            "장기전세가율평균":71.38,
            "전세가율거품지수":null,
            "검색코드":11743,
            "세대수":496.0,
            "준공년월":"1992-07-21",
            "준공년차":31.0,
            "가까운역이름":"수원시청",
            "가까운역거리":1536.87,
            "역세권여부":"비역세권",
            "30분이내주요거점역":1,
            "30분거점역이름":"['수원시청']",
            "1시간이내주요거점역":5,
            "1시간거점역이름":"['판교', '양재', '정자', '수원시청', '수원']",
            "3km이내백화점수":1,
            "5km이내아울렛몰수":2,
            "1km이내대형먀트수":3,
            "500m이내은행수":2,
            "500m이내병원수":62,
            "5km이내대형병원수":4,
            "500m이내공원수":4,
            "3km이내혐오시설수":0,
            "초등학교학업성취도":89.98,
            "중학교학업성취도":77.5,
            "용적률":115,
            "건폐율":28,
            "Y":37.270835,
            "X":127.043998,
            "rank":42.0,
            "area_info":"25평(83.2)",
            "last_sales":"1800-01-01,nan,25평(83.2)",
            "rank_history":[
                [
                    "202202",
                    42
                ],
                [
                    "202201",
                    45
                ]
            ],
            "rank_gap":3
        },
        {
            "index":467,
            "아파트명":"광교아르데코(실버주택)",
            "투자타입":"일반",
            "전용면적(m2)":"80.51",
            "전용면적(평)":"24평",
            "법정동주소":"경기도 수원시 영통구 이의동 1358",
            "도로명주소":"경기도 수원시 영통구 광교로42번길 80",
            "세대수":0,
            "입주년차":80,
            "용적률점수":"--",
            "건폐율점수":"--",
            "세대당주차수":0,
            "난방방식":100,
            "공급면적":"--",
            "전용률":"--",
            "욕실수":100,
            "현관타입":100,
            "주거총점":46.0,
            "지역구공급총점":0.0,
            "역세권":50,
            "30분내 이동가능 거점":0,
            "1시간내 이동가능 거점":80,
            "교통총점":41.0,
            "백화점":100,
            "아울렛몰":100,
            "대형마트":80,
            "은행":0,
            "병원":30,
            "종합병원":100,
            "공원":100,
            "혐오시설":0,
            "인프라총점":78.0,
            "초등학군":89.98,
            "중학군":56.16,
            "학군총점":62.924,
            "인구수":42.64,
            "인구증감":-10.11,
            "인구총점":26.815,
            "일자리":18.77,
            "소득수준":100.0,
            "일자리총점":43.139,
            "가치 총점":56.3886,
            "매매실거래년":20200310.0,
            "매매실거래가":40600.0,
            "전세실거래년":20200730.0,
            "전세실거래가":22000.0,
            "전세가율":null,
            "장기전세가율평균":71.38,
            "전세가율거품지수":null,
            "검색코드":112443,
            "세대수":261.0,
            "준공년월":"2017-08-29",
            "준공년차":6.0,
            "가까운역이름":"광교중앙",
            "가까운역거리":681.03,
            "역세권여부":"준역세권",
            "30분이내주요거점역":0,
            "30분거점역이름":"[]",
            "1시간이내주요거점역":8,
            "1시간거점역이름":"['강남', '역삼', '판교', '양재', '정자', '수원시청', '수원', '서현']",
            "3km이내백화점수":1,
            "5km이내아울렛몰수":3,
            "1km이내대형먀트수":1,
            "500m이내은행수":1,
            "500m이내병원수":8,
            "5km이내대형병원수":4,
            "500m이내공원수":2,
            "3km이내혐오시설수":0,
            "초등학교학업성취도":89.98,
            "중학교학업성취도":91.6,
            "용적률":399,
            "건폐율":39,
            "Y":37.286408,
            "X":127.044298,
            "rank":43.0,
            "area_info":"24평(80.51), 28평(94.66), 29평(95.9), 29평(98.3), 29평(98.3)",
            "last_sales":"2020-03-10,40600.0,29평(98.3)",
            "rank_history":[
                [
                    "202202",
                    43
                ],
                [
                    "202201",
                    42
                ]
            ],
            "rank_gap":-1
        },
        {
            "index":285,
            "아파트명":"영통대우월드마크",
            "투자타입":"일반",
            "전용면적(m2)":"156.57",
            "전용면적(평)":"47평",
            "법정동주소":"경기도 수원시 영통구 영통동 996-3",
            "도로명주소":"경기도 수원시 영통구 봉영로 1620",
            "세대수":0,
            "입주년차":40,
            "용적률점수":"--",
            "건폐율점수":"--",
            "세대당주차수":60,
            "난방방식":100,
            "공급면적":"--",
            "전용률":"--",
            "욕실수":100,
            "현관타입":100,
            "주거총점":47.0,
            "지역구공급총점":0.0,
            "역세권":50,
            "30분내 이동가능 거점":40,
            "1시간내 이동가능 거점":70,
            "교통총점":51.0,
            "백화점":0,
            "아울렛몰":80,
            "대형마트":100,
            "은행":100,
            "병원":100,
            "종합병원":100,
            "공원":100,
            "혐오시설":-50,
            "인프라총점":65.0,
            "초등학군":90.0,
            "중학군":57.42,
            "학군총점":63.936,
            "인구수":42.64,
            "인구증감":-10.11,
            "인구총점":26.815,
            "일자리":18.77,
            "소득수준":100.0,
            "일자리총점":43.139,
            "가치 총점":56.3404,
            "매매실거래년":20220107.0,
            "매매실거래가":78500.0,
            "전세실거래년":20210713.0,
            "전세실거래가":42000.0,
            "전세가율":56.76,
            "장기전세가율평균":71.38,
            "전세가율거품지수":14.62,
            "검색코드":26780,
            "세대수":208.0,
            "준공년월":"2008-06-09",
            "준공년차":15.0,
            "가까운역이름":"영통",
            "가까운역거리":544.98,
            "역세권여부":"준역세권",
            "30분이내주요거점역":2,
            "30분거점역이름":"['수원시청', '수원']",
            "1시간이내주요거점역":7,
            "1시간거점역이름":"['판교', '양재', '정자', '수원시청', '수원', '안산', '서현']",
            "3km이내백화점수":0,
            "5km이내아울렛몰수":1,
            "1km이내대형먀트수":3,
            "500m이내은행수":5,
            "500m이내병원수":76,
            "5km이내대형병원수":5,
            "500m이내공원수":4,
            "3km이내혐오시설수":1,
            "초등학교학업성취도":90.0,
            "중학교학업성취도":94.3,
            "용적률":0,
            "건폐율":47,
            "Y":37.255128,
            "X":127.075626,
            "rank":44.0,
            "area_info":"47평(156.57), 51평(168.66)",
            "last_sales":"2022-01-07,78500.0,51평(168.66)",
            "rank_history":[
                [
                    "202202",
                    44
                ],
                [
                    "202201",
                    49
                ]
            ],
            "rank_gap":5
        },
        {
            "index":420,
            "아파트명":"e편한세상테라스광교웨스트힐",
            "투자타입":"일반",
            "전용면적(m2)":"106.07",
            "전용면적(평)":"32평",
            "법정동주소":"경기도 수원시 영통구 이의동 1197",
            "도로명주소":"경기도 수원시 영통구 웰빙타운로56번길 76",
            "세대수":30,
            "입주년차":80,
            "용적률점수":"--",
            "건폐율점수":"--",
            "세대당주차수":60,
            "난방방식":100,
            "공급면적":"--",
            "전용률":"--",
            "욕실수":100,
            "현관타입":100,
            "주거총점":65.5,
            "지역구공급총점":0.0,
            "역세권":50,
            "30분내 이동가능 거점":0,
            "1시간내 이동가능 거점":80,
            "교통총점":41.0,
            "백화점":100,
            "아울렛몰":100,
            "대형마트":0,
            "은행":0,
            "병원":10,
            "종합병원":100,
            "공원":100,
            "혐오시설":0,
            "인프라총점":64.0,
            "초등학군":89.98,
            "중학군":57.72,
            "학군총점":64.172,
            "인구수":42.64,
            "인구증감":-10.11,
            "인구총점":26.815,
            "일자리":18.77,
            "소득수준":100.0,
            "일자리총점":43.139,
            "가치 총점":56.2758,
            "매매실거래년":"18000101",
            "매매실거래가":null,
            "전세실거래년":null,
            "전세실거래가":null,
            "전세가율":null,
            "장기전세가율평균":71.38,
            "전세가율거품지수":null,
            "검색코드":110731,
            "세대수":317.0,
            "준공년월":"2017-04-04",
            "준공년차":6.0,
            "가까운역이름":"광교",
            "가까운역거리":773.39,
            "역세권여부":"준역세권",
            "30분이내주요거점역":0,
            "30분거점역이름":"[]",
            "1시간이내주요거점역":8,
            "1시간거점역이름":"['강남', '역삼', '판교', '양재', '정자', '수원시청', '수원', '서현']",
            "3km이내백화점수":1,
            "5km이내아울렛몰수":2,
            "1km이내대형먀트수":0,
            "500m이내은행수":0,
            "500m이내병원수":3,
            "5km이내대형병원수":4,
            "500m이내공원수":3,
            "3km이내혐오시설수":0,
            "초등학교학업성취도":89.98,
            "중학교학업성취도":92.6,
            "용적률":70,
            "건폐율":37,
            "Y":37.308992,
            "X":127.045749,
            "rank":45.0,
            "area_info":"32평(106.07), 32평(106.74), 32평(106.07), 32평(106.07), 41평(136.62), 42평(140.26), 43평(142.83), 44평(146.19), 45평(148.78), 47평(156.7), 47평(156.43), 49평(162.63), 49평(162.44), 56평(186.48), 57평(190.03), 62평(206.85), 63평(210.9), 70평(232.8), 102평(338.21)",
            "last_sales":"1800-01-01,nan,32평(106.07)",
            "rank_history":[
                [
                    "202202",
                    45
                ],
                [
                    "202201",
                    43
                ]
            ],
            "rank_gap":-2
        },
        {
            "index":463,
            "아파트명":"광교신도시호반가든하임",
            "투자타입":"일반",
            "전용면적(m2)":"140.55",
            "전용면적(평)":"42평",
            "법정동주소":"경기도 수원시 영통구 이의동 1212",
            "도로명주소":"경기도 수원시 영통구 웰빙타운로 20",
            "세대수":30,
            "입주년차":60,
            "용적률점수":"--",
            "건폐율점수":"--",
            "세대당주차수":80,
            "난방방식":100,
            "공급면적":"--",
            "전용률":"--",
            "욕실수":100,
            "현관타입":100,
            "주거총점":64.5,
            "지역구공급총점":0.0,
            "역세권":50,
            "30분내 이동가능 거점":0,
            "1시간내 이동가능 거점":80,
            "교통총점":41.0,
            "백화점":100,
            "아울렛몰":100,
            "대형마트":0,
            "은행":0,
            "병원":10,
            "종합병원":100,
            "공원":100,
            "혐오시설":0,
            "인프라총점":64.0,
            "초등학군":89.98,
            "중학군":57.72,
            "학군총점":64.172,
            "인구수":42.64,
            "인구증감":-10.11,
            "인구총점":26.815,
            "일자리":18.77,
            "소득수준":100.0,
            "일자리총점":43.139,
            "가치 총점":56.0758,
            "매매실거래년":20111211.0,
            "매매실거래가":76210.0,
            "전세실거래년":null,
            "전세실거래가":null,
            "전세가율":null,
            "장기전세가율평균":71.38,
            "전세가율거품지수":null,
            "검색코드":103360,
            "세대수":320.0,
            "준공년월":"2011-12-15",
            "준공년차":12.0,
            "가까운역이름":"광교",
            "가까운역거리":641.88,
            "역세권여부":"준역세권",
            "30분이내주요거점역":0,
            "30분거점역이름":"[]",
            "1시간이내주요거점역":8,
            "1시간거점역이름":"['강남', '역삼', '판교', '양재', '정자', '수원시청', '수원', '서현']",
            "3km이내백화점수":1,
            "5km이내아울렛몰수":2,
            "1km이내대형먀트수":0,
            "500m이내은행수":0,
            "500m이내병원수":4,
            "5km이내대형병원수":4,
            "500m이내공원수":2,
            "3km이내혐오시설수":0,
            "초등학교학업성취도":89.98,
            "중학교학업성취도":92.6,
            "용적률":98,
            "건폐율":37,
            "Y":37.306443,
            "X":127.049278,
            "rank":46.0,
            "area_info":"42평(140.55), 45평(151.1), 48평(159.36), 51평(170.21)",
            "last_sales":"2011-12-11,76210.0,51평(170.21)",
            "rank_history":[
                [
                    "202202",
                    46
                ],
                [
                    "202201",
                    44
                ]
            ],
            "rank_gap":-2
        },
        {
            "index":155,
            "아파트명":"우남퍼스트빌",
            "투자타입":"일반",
            "전용면적(m2)":"136.87",
            "전용면적(평)":"41평",
            "법정동주소":"경기도 수원시 영통구 매탄동 1274",
            "도로명주소":"경기도 수원시 영통구 매탄로 82",
            "세대수":50,
            "입주년차":20,
            "용적률점수":"--",
            "건폐율점수":"--",
            "세대당주차수":60,
            "난방방식":100,
            "공급면적":"--",
            "전용률":"--",
            "욕실수":100,
            "현관타입":100,
            "주거총점":60.5,
            "지역구공급총점":0.0,
            "역세권":50,
            "30분내 이동가능 거점":40,
            "1시간내 이동가능 거점":70,
            "교통총점":51.0,
            "백화점":0,
            "아울렛몰":100,
            "대형마트":80,
            "은행":70,
            "병원":60,
            "종합병원":100,
            "공원":100,
            "혐오시설":0,
            "인프라총점":58.0,
            "초등학군":89.97,
            "중학군":50.02,
            "학군총점":58.01,
            "인구수":42.64,
            "인구증감":-10.11,
            "인구총점":26.815,
            "일자리":18.77,
            "소득수준":100.0,
            "일자리총점":43.139,
            "가치 총점":56.0515,
            "매매실거래년":20211004.0,
            "매매실거래가":78000.0,
            "전세실거래년":20220115.0,
            "전세실거래가":39900.0,
            "전세가율":51.15,
            "장기전세가율평균":71.38,
            "전세가율거품지수":20.23,
            "검색코드":8172,
            "세대수":456.0,
            "준공년월":"2002-01-29",
            "준공년차":21.0,
            "가까운역이름":"매탄권선",
            "가까운역거리":624.85,
            "역세권여부":"준역세권",
            "30분이내주요거점역":2,
            "30분거점역이름":"['수원시청', '수원']",
            "1시간이내주요거점역":7,
            "1시간거점역이름":"['판교', '정자', '수원시청', '평촌', '수원', '안산', '서현']",
            "3km이내백화점수":0,
            "5km이내아울렛몰수":2,
            "1km이내대형먀트수":1,
            "500m이내은행수":4,
            "500m이내병원수":28,
            "5km이내대형병원수":3,
            "500m이내공원수":8,
            "3km이내혐오시설수":0,
            "초등학교학업성취도":89.97,
            "중학교학업성취도":81.9,
            "용적률":228,
            "건폐율":16,
            "Y":37.258031,
            "X":127.04301,
            "rank":47.0,
            "area_info":"41평(136.87), 51평(168.86)",
            "last_sales":"2021-10-04,78000.0,41평(136.87)",
            "rank_history":[
                [
                    "202202",
                    47
                ],
                [
                    "202201",
                    46
                ]
            ],
            "rank_gap":-1
        },
        {
            "index":312,
            "아파트명":"황골마을주공1단지",
            "투자타입":"일반",
            "전용면적(m2)":"65.91",
            "전용면적(평)":"19평",
            "법정동주소":"경기도 수원시 영통구 영통동 955-1",
            "도로명주소":"경기도 수원시 영통구 영통로 498",
            "세대수":100,
            "입주년차":0,
            "용적률점수":"--",
            "건폐율점수":"--",
            "세대당주차수":0,
            "난방방식":100,
            "공급면적":"--",
            "전용률":"--",
            "욕실수":50,
            "현관타입":100,
            "주거총점":60.0,
            "지역구공급총점":0.0,
            "역세권":80,
            "30분내 이동가능 거점":40,
            "1시간내 이동가능 거점":80,
            "교통총점":68.0,
            "백화점":0,
            "아울렛몰":80,
            "대형마트":0,
            "은행":0,
            "병원":60,
            "종합병원":100,
            "공원":100,
            "혐오시설":0,
            "인프라총점":37.0,
            "초등학군":89.96,
            "중학군":52.28,
            "학군총점":59.816,
            "인구수":42.64,
            "인구증감":-10.11,
            "인구총점":26.815,
            "일자리":18.77,
            "소득수준":100.0,
            "일자리총점":43.139,
            "가치 총점":55.8724,
            "매매실거래년":20220107.0,
            "매매실거래가":48300.0,
            "전세실거래년":20220106.0,
            "전세실거래가":18900.0,
            "전세가율":54.0,
            "장기전세가율평균":71.38,
            "전세가율거품지수":17.38,
            "검색코드":1808,
            "세대수":3129.0,
            "준공년월":"1997-12-16",
            "준공년차":26.0,
            "가까운역이름":"청명",
            "가까운역거리":327.54,
            "역세권여부":"역세권",
            "30분이내주요거점역":2,
            "30분거점역이름":"['수원시청', '수원']",
            "1시간이내주요거점역":8,
            "1시간거점역이름":"['강남', '판교', '양재', '정자', '수원시청', '수원', '안산', '서현']",
            "3km이내백화점수":0,
            "5km이내아울렛몰수":1,
            "1km이내대형먀트수":0,
            "500m이내은행수":0,
            "500m이내병원수":13,
            "5km이내대형병원수":4,
            "500m이내공원수":5,
            "3km이내혐오시설수":0,
            "초등학교학업성취도":89.96,
            "중학교학업성취도":84.4,
            "용적률":215,
            "건폐율":16,
            "Y":37.2624,
            "X":127.0795,
            "rank":48.0,
            "area_info":"19평(65.91), 20평(68.96), 20평(68.99), 23평(77.29), 24평(79.72), 24평(82.59), 24평(82.62), 24평(82.62), 25평(82.65), 24평(82.55), 24평(82.59), 25평(83.14), 25평(83.17), 25평(83.14)",
            "last_sales":"2022-01-07,48300.0,25평(83.17)",
            "rank_history":[
                [
                    "202202",
                    48
                ],
                [
                    "202201",
                    47
                ]
            ],
            "rank_gap":-1
        },
        {
            "index":507,
            "아파트명":"광교해모로",
            "투자타입":"일반",
            "전용면적(m2)":"98.99",
            "전용면적(평)":"29평",
            "법정동주소":"경기도 수원시 영통구 이의동 1226",
            "도로명주소":"경기도 수원시 영통구 광교로 286",
            "세대수":50,
            "입주년차":60,
            "용적률점수":"--",
            "건폐율점수":"--",
            "세대당주차수":60,
            "난방방식":100,
            "공급면적":"--",
            "전용률":"--",
            "욕실수":100,
            "현관타입":100,
            "주거총점":68.5,
            "지역구공급총점":0.0,
            "역세권":50,
            "30분내 이동가능 거점":0,
            "1시간내 이동가능 거점":70,
            "교통총점":39.0,
            "백화점":100,
            "아울렛몰":100,
            "대형마트":0,
            "은행":0,
            "병원":0,
            "종합병원":100,
            "공원":80,
            "혐오시설":0,
            "인프라총점":62.4,
            "초등학군":89.98,
            "중학군":57.72,
            "학군총점":64.172,
            "인구수":42.64,
            "인구증감":-10.11,
            "인구총점":26.815,
            "일자리":18.77,
            "소득수준":100.0,
            "일자리총점":43.139,
            "가치 총점":55.6958,
            "매매실거래년":20210806.0,
            "매매실거래가":81000.0,
            "전세실거래년":20211001.0,
            "전세실거래가":53000.0,
            "전세가율":73.1,
            "장기전세가율평균":71.38,
            "전세가율거품지수":-1.72,
            "검색코드":103034,
            "세대수":466.0,
            "준공년월":"2011-10-07",
            "준공년차":12.0,
            "가까운역이름":"광교",
            "가까운역거리":903.81,
            "역세권여부":"준역세권",
            "30분이내주요거점역":0,
            "30분거점역이름":"[]",
            "1시간이내주요거점역":7,
            "1시간거점역이름":"['강남', '판교', '양재', '정자', '수원시청', '수원', '서현']",
            "3km이내백화점수":1,
            "5km이내아울렛몰수":2,
            "1km이내대형먀트수":0,
            "500m이내은행수":0,
            "500m이내병원수":0,
            "5km이내대형병원수":3,
            "500m이내공원수":1,
            "3km이내혐오시설수":0,
            "초등학교학업성취도":89.98,
            "중학교학업성취도":92.6,
            "용적률":118,
            "건폐율":14,
            "Y":37.30703,
            "X":127.052617,
            "rank":49.0,
            "area_info":"29평(98.99), 29평(98.99), 30평(99.46), 34평(112.55), 34평(112.79), 33평(112.33), 34평(112.63), 34평(112.67), 33평(112.37), 34평(112.72), 33평(112.33)",
            "last_sales":"2021-08-06,81000.0,34평(112.72)",
            "rank_history":[
                [
                    "202202",
                    49
                ],
                [
                    "202201",
                    48
                ]
            ],
            "rank_gap":-1
        },
        {
            "index":306,
            "아파트명":"청명센트레빌",
            "투자타입":"일반",
            "전용면적(m2)":"109.21",
            "전용면적(평)":"33평",
            "법정동주소":"경기도 수원시 영통구 영통동 1166",
            "도로명주소":"경기도 수원시 영통구 영통로525번길 35",
            "세대수":0,
            "입주년차":60,
            "용적률점수":"--",
            "건폐율점수":"--",
            "세대당주차수":30,
            "난방방식":100,
            "공급면적":"--",
            "전용률":"--",
            "욕실수":100,
            "현관타입":100,
            "주거총점":46.5,
            "지역구공급총점":0.0,
            "역세권":50,
            "30분내 이동가능 거점":40,
            "1시간내 이동가능 거점":70,
            "교통총점":51.0,
            "백화점":100,
            "아울렛몰":80,
            "대형마트":0,
            "은행":0,
            "병원":30,
            "종합병원":100,
            "공원":100,
            "혐오시설":0,
            "인프라총점":64.0,
            "초등학군":89.96,
            "중학군":52.28,
            "학군총점":59.816,
            "인구수":42.64,
            "인구증감":-10.11,
            "인구총점":26.815,
            "일자리":18.77,
            "소득수준":100.0,
            "일자리총점":43.139,
            "가치 총점":55.3224,
            "매매실거래년":20210917.0,
            "매매실거래가":81000.0,
            "전세실거래년":20211208.0,
            "전세실거래가":45000.0,
            "전세가율":55.56,
            "장기전세가율평균":71.38,
            "전세가율거품지수":15.82,
            "검색코드":103509,
            "세대수":233.0,
            "준공년월":"2013-06-04",
            "준공년차":10.0,
            "가까운역이름":"청명",
            "가까운역거리":737.45,
            "역세권여부":"준역세권",
            "30분이내주요거점역":2,
            "30분거점역이름":"['수원시청', '수원']",
            "1시간이내주요거점역":7,
            "1시간거점역이름":"['강남', '판교', '양재', '정자', '수원시청', '수원', '서현']",
            "3km이내백화점수":1,
            "5km이내아울렛몰수":1,
            "1km이내대형먀트수":0,
            "500m이내은행수":0,
            "500m이내병원수":7,
            "5km이내대형병원수":4,
            "500m이내공원수":4,
            "3km이내혐오시설수":0,
            "초등학교학업성취도":89.96,
            "중학교학업성취도":84.4,
            "용적률":229,
            "건폐율":18,
            "Y":37.265663,
            "X":127.075891,
            "rank":50.0,
            "area_info":"33평(109.21), 39평(131.33), 39평(131.07)",
            "last_sales":"2021-09-17,81000.0,33평(109.21)",
            "rank_history":[
                [
                    "202202",
                    50
                ],
                [
                    "202201",
                    50
                ]
            ],
            "rank_gap":0
        },
        {
            "index":11,
            "아파트명":"그대가센트럴파크",
            "투자타입":"일반",
            "전용면적(m2)":"142.75",
            "전용면적(평)":"43평",
            "법정동주소":"경기도 수원시 영통구 망포동 722",
            "도로명주소":"경기도 수원시 영통구 영통로174번길 12",
            "세대수":0,
            "입주년차":60,
            "용적률점수":"--",
            "건폐율점수":"--",
            "세대당주차수":80,
            "난방방식":100,
            "공급면적":"--",
            "전용률":"--",
            "욕실수":100,
            "현관타입":50,
            "주거총점":49.0,
            "지역구공급총점":0.0,
            "역세권":80,
            "30분내 이동가능 거점":40,
            "1시간내 이동가능 거점":70,
            "교통총점":66.0,
            "백화점":0,
            "아울렛몰":80,
            "대형마트":0,
            "은행":20,
            "병원":100,
            "종합병원":100,
            "공원":100,
            "혐오시설":0,
            "인프라총점":43.0,
            "초등학군":89.99,
            "중학군":55.46,
            "학군총점":62.366,
            "인구수":42.64,
            "인구증감":-10.11,
            "인구총점":26.815,
            "일자리":18.77,
            "소득수준":100.0,
            "일자리총점":43.139,
            "가치 총점":55.1549,
            "매매실거래년":20211206.0,
            "매매실거래가":109700.0,
            "전세실거래년":20211229.0,
            "전세실거래가":43000.0,
            "전세가율":50.59,
            "장기전세가율평균":71.38,
            "전세가율거품지수":20.79,
            "검색코드":26763,
            "세대수":270.0,
            "준공년월":"2010-08-31",
            "준공년차":13.0,
            "가까운역이름":"망포",
            "가까운역거리":402.89,
            "역세권여부":"역세권",
            "30분이내주요거점역":2,
            "30분거점역이름":"['수원시청', '수원']",
            "1시간이내주요거점역":7,
            "1시간거점역이름":"['판교', '정자', '수원시청', '평촌', '수원', '안산', '서현']",
            "3km이내백화점수":0,
            "5km이내아울렛몰수":1,
            "1km이내대형먀트수":0,
            "500m이내은행수":2,
            "500m이내병원수":71,
            "5km이내대형병원수":4,
            "500m이내공원수":9,
            "3km이내혐오시설수":0,
            "초등학교학업성취도":89.99,
            "중학교학업성취도":91.3,
            "용적률":210,
            "건폐율":14,
            "Y":37.242296,
            "X":127.056171,
            "rank":51.0,
            "area_info":"43평(142.75), 48평(160.67), 54평(179.07)",
            "last_sales":"2021-12-06,109700.0,48평(160.67)",
            "rank_history":[
                [
                    "202202",
                    51
                ],
                [
                    "202201",
                    53
                ]
            ],
            "rank_gap":2
        },
        {
            "index":182,
            "아파트명":"주공그린빌3단지",
            "투자타입":"일반",
            "전용면적(m2)":"107.28",
            "전용면적(평)":"32평",
            "법정동주소":"경기도 수원시 영통구 매탄동 1277",
            "도로명주소":"경기도 수원시 영통구 동탄원천로915번길 36",
            "세대수":50,
            "입주년차":20,
            "용적률점수":"--",
            "건폐율점수":"--",
            "세대당주차수":30,
            "난방방식":100,
            "공급면적":"--",
            "전용률":"--",
            "욕실수":100,
            "현관타입":100,
            "주거총점":56.0,
            "지역구공급총점":0.0,
            "역세권":50,
            "30분내 이동가능 거점":40,
            "1시간내 이동가능 거점":70,
            "교통총점":51.0,
            "백화점":0,
            "아울렛몰":100,
            "대형마트":80,
            "은행":70,
            "병원":60,
            "종합병원":100,
            "공원":100,
            "혐오시설":0,
            "인프라총점":58.0,
            "초등학군":89.97,
            "중학군":50.02,
            "학군총점":58.01,
            "인구수":42.64,
            "인구증감":-10.11,
            "인구총점":26.815,
            "일자리":18.77,
            "소득수준":100.0,
            "일자리총점":43.139,
            "가치 총점":55.1515,
            "매매실거래년":20220104.0,
            "매매실거래가":50000.0,
            "전세실거래년":20211201.0,
            "전세실거래가":26250.0,
            "전세가율":52.5,
            "장기전세가율평균":71.38,
            "전세가율거품지수":18.88,
            "검색코드":3635,
            "세대수":656.0,
            "준공년월":"2002-05-07",
            "준공년차":21.0,
            "가까운역이름":"매탄권선",
            "가까운역거리":569.01,
            "역세권여부":"준역세권",
            "30분이내주요거점역":2,
            "30분거점역이름":"['수원시청', '수원']",
            "1시간이내주요거점역":7,
            "1시간거점역이름":"['판교', '정자', '수원시청', '평촌', '수원', '안산', '서현']",
            "3km이내백화점수":0,
            "5km이내아울렛몰수":2,
            "1km이내대형먀트수":1,
            "500m이내은행수":3,
            "500m이내병원수":22,
            "5km이내대형병원수":3,
            "500m이내공원수":8,
            "3km이내혐오시설수":0,
            "초등학교학업성취도":89.97,
            "중학교학업성취도":81.9,
            "용적률":217,
            "건폐율":17,
            "Y":37.256853,
            "X":127.044423,
            "rank":52.0,
            "area_info":"32평(107.28), 32평(107.36), 32평(107.97), 32평(107.61)",
            "last_sales":"2022-01-04,50000.0,32평(107.28)",
            "rank_history":[
                [
                    "202202",
                    52
                ],
                [
                    "202201",
                    51
                ]
            ],
            "rank_gap":-1
        },
        {
            "index":267,
            "아파트명":"신나무실6단지동보,신명",
            "투자타입":"일반",
            "전용면적(m2)":"106.68",
            "전용면적(평)":"32평",
            "법정동주소":"경기도 수원시 영통구 영통동 968",
            "도로명주소":"경기도 수원시 영통구 봉영로1517번길 76",
            "세대수":80,
            "입주년차":0,
            "용적률점수":"--",
            "건폐율점수":"--",
            "세대당주차수":30,
            "난방방식":100,
            "공급면적":"--",
            "전용률":"--",
            "욕실수":100,
            "현관타입":100,
            "주거총점":62.5,
            "지역구공급총점":0.0,
            "역세권":50,
            "30분내 이동가능 거점":40,
            "1시간내 이동가능 거점":70,
            "교통총점":51.0,
            "백화점":0,
            "아울렛몰":80,
            "대형마트":100,
            "은행":0,
            "병원":60,
            "종합병원":100,
            "공원":100,
            "혐오시설":-50,
            "인프라총점":51.0,
            "초등학군":90.0,
            "중학군":54.0,
            "학군총점":61.2,
            "인구수":42.64,
            "인구증감":-10.11,
            "인구총점":26.815,
            "일자리":18.77,
            "소득수준":100.0,
            "일자리총점":43.139,
            "가치 총점":54.83,
            "매매실거래년":20211113.0,
            "매매실거래가":72000.0,
            "전세실거래년":20220115.0,
            "전세실거래가":31500.0,
            "전세가율":43.75,
            "장기전세가율평균":71.38,
            "전세가율거품지수":27.63,
            "검색코드":12042,
            "세대수":836.0,
            "준공년월":"1997-12-16",
            "준공년차":26.0,
            "가까운역이름":"영통",
            "가까운역거리":564.54,
            "역세권여부":"준역세권",
            "30분이내주요거점역":2,
            "30분거점역이름":"['수원시청', '수원']",
            "1시간이내주요거점역":7,
            "1시간거점역이름":"['판교', '양재', '정자', '수원시청', '수원', '안산', '서현']",
            "3km이내백화점수":0,
            "5km이내아울렛몰수":1,
            "1km이내대형먀트수":2,
            "500m이내은행수":1,
            "500m이내병원수":12,
            "5km이내대형병원수":5,
            "500m이내공원수":5,
            "3km이내혐오시설수":1,
            "초등학교학업성취도":90.0,
            "중학교학업성취도":89.2,
            "용적률":219,
            "건폐율":17,
            "Y":37.251206,
            "X":127.065032,
            "rank":53.0,
            "area_info":"32평(106.68)",
            "last_sales":"2021-11-13,72000.0,32평(106.68)",
            "rank_history":[
                [
                    "202202",
                    53
                ],
                [
                    "202201",
                    57
                ]
            ],
            "rank_gap":4
        },
        {
            "index":159,
            "아파트명":"임광",
            "투자타입":"재건축",
            "전용면적(m2)":"89.84",
            "전용면적(평)":"27평",
            "법정동주소":"경기도 수원시 영통구 매탄동 1162",
            "도로명주소":"경기도 수원시 영통구 동수원로 316",
            "세대수":90,
            "입주년차":"--",
            "용적률점수":0,
            "건폐율점수":100,
            "세대당주차수":"--",
            "난방방식":"--",
            "공급면적":70,
            "전용률":80,
            "욕실수":"--",
            "현관타입":"--",
            "주거총점":54.5,
            "지역구공급총점":0.0,
            "역세권":50,
            "30분내 이동가능 거점":40,
            "1시간내 이동가능 거점":70,
            "교통총점":51.0,
            "백화점":0,
            "아울렛몰":100,
            "대형마트":100,
            "은행":20,
            "병원":60,
            "종합병원":100,
            "공원":100,
            "혐오시설":0,
            "인프라총점":56.0,
            "초등학군":89.99,
            "중학군":54.1,
            "학군총점":61.278,
            "인구수":42.64,
            "인구증감":-10.11,
            "인구총점":26.815,
            "일자리":18.77,
            "소득수준":100.0,
            "일자리총점":43.139,
            "가치 총점":54.7417,
            "매매실거래년":20220112.0,
            "매매실거래가":47000.0,
            "전세실거래년":20220125.0,
            "전세실거래가":22000.0,
            "전세가율":46.81,
            "장기전세가율평균":71.38,
            "전세가율거품지수":24.57,
            "검색코드":1788,
            "세대수":1320.0,
            "준공년월":"1990-12-28",
            "준공년차":33.0,
            "가까운역이름":"매탄권선",
            "가까운역거리":580.61,
            "역세권여부":"준역세권",
            "30분이내주요거점역":2,
            "30분거점역이름":"['수원시청', '수원']",
            "1시간이내주요거점역":7,
            "1시간거점역이름":"['판교', '정자', '수원시청', '평촌', '수원', '안산', '서현']",
            "3km이내백화점수":0,
            "5km이내아울렛몰수":2,
            "1km이내대형먀트수":3,
            "500m이내은행수":2,
            "500m이내병원수":11,
            "5km이내대형병원수":3,
            "500m이내공원수":9,
            "3km이내혐오시설수":0,
            "초등학교학업성취도":89.99,
            "중학교학업성취도":89.5,
            "용적률":232,
            "건폐율":19,
            "Y":37.257725,
            "X":127.038539,
            "rank":54.0,
            "area_info":"27평(89.84), 27평(90.4), 30평(101.56), 30평(101.83), 38평(126.21), 43평(144.42)",
            "last_sales":"2022-01-12,47000.0,27평(89.84)",
            "rank_history":[
                [
                    "202202",
                    54
                ],
                [
                    "202201",
                    58
                ]
            ],
            "rank_gap":4
        },
        {
            "index":275,
            "아파트명":"신성,신안,쌍용,진흥",
            "투자타입":"일반",
            "전용면적(m2)":"80.8",
            "전용면적(평)":"24평",
            "법정동주소":"경기도 수원시 영통구 영통동 963-2",
            "도로명주소":"경기도 수원시 영통구 매영로310번길 12",
            "세대수":100,
            "입주년차":0,
            "용적률점수":"--",
            "건폐율점수":"--",
            "세대당주차수":30,
            "난방방식":100,
            "공급면적":"--",
            "전용률":"--",
            "욕실수":50,
            "현관타입":100,
            "주거총점":64.5,
            "지역구공급총점":0.0,
            "역세권":50,
            "30분내 이동가능 거점":40,
            "1시간내 이동가능 거점":80,
            "교통총점":53.0,
            "백화점":0,
            "아울렛몰":80,
            "대형마트":100,
            "은행":0,
            "병원":30,
            "종합병원":100,
            "공원":80,
            "혐오시설":-50,
            "인프라총점":47.4,
            "초등학군":89.98,
            "중학군":52.06,
            "학군총점":59.644,
            "인구수":42.64,
            "인구증감":-10.11,
            "인구총점":26.815,
            "일자리":18.77,
            "소득수준":100.0,
            "일자리총점":43.139,
            "가치 총점":54.6166,
            "매매실거래년":20211224.0,
            "매매실거래가":50000.0,
            "전세실거래년":20220124.0,
            "전세실거래가":23100.0,
            "전세가율":46.2,
            "장기전세가율평균":71.38,
            "전세가율거품지수":25.18,
            "검색코드":7954,
            "세대수":1616.0,
            "준공년월":"1997-12-16",
            "준공년차":26.0,
            "가까운역이름":"영통",
            "가까운역거리":630.59,
            "역세권여부":"준역세권",
            "30분이내주요거점역":2,
            "30분거점역이름":"['수원시청', '수원']",
            "1시간이내주요거점역":8,
            "1시간거점역이름":"['강남', '판교', '양재', '정자', '수원시청', '수원', '안산', '서현']",
            "3km이내백화점수":0,
            "5km이내아울렛몰수":1,
            "1km이내대형먀트수":2,
            "500m이내은행수":1,
            "500m이내병원수":8,
            "5km이내대형병원수":5,
            "500m이내공원수":1,
            "3km이내혐오시설수":1,
            "초등학교학업성취도":89.98,
            "중학교학업성취도":86.3,
            "용적률":219,
            "건폐율":18,
            "Y":37.254442,
            "X":127.065252,
            "rank":55.0,
            "area_info":"24평(80.8)",
            "last_sales":"2021-12-24,50000.0,24평(80.8)",
            "rank_history":[
                [
                    "202202",
                    55
                ],
                [
                    "202201",
                    52
                ]
            ],
            "rank_gap":-3
        },
        {
            "index":65,
            "아파트명":"영통SK뷰",
            "투자타입":"일반",
            "전용면적(m2)":"84.79",
            "전용면적(평)":"25평",
            "법정동주소":"경기도 수원시 영통구 망포동 725",
            "도로명주소":"경기도 수원시 영통구 영통로200번길 112",
            "세대수":80,
            "입주년차":80,
            "용적률점수":"--",
            "건폐율점수":"--",
            "세대당주차수":30,
            "난방방식":100,
            "공급면적":"--",
            "전용률":"--",
            "욕실수":100,
            "현관타입":100,
            "주거총점":78.5,
            "지역구공급총점":0.0,
            "역세권":50,
            "30분내 이동가능 거점":40,
            "1시간내 이동가능 거점":70,
            "교통총점":51.0,
            "백화점":0,
            "아울렛몰":80,
            "대형마트":0,
            "은행":20,
            "병원":60,
            "종합병원":100,
            "공원":100,
            "혐오시설":0,
            "인프라총점":39.0,
            "초등학군":89.97,
            "중학군":54.0,
            "학군총점":61.194,
            "인구수":42.64,
            "인구증감":-10.11,
            "인구총점":26.815,
            "일자리":18.77,
            "소득수준":100.0,
            "일자리총점":43.139,
            "가치 총점":54.4291,
            "매매실거래년":20220115.0,
            "매매실거래가":65000.0,
            "전세실거래년":20211210.0,
            "전세실거래가":36400.0,
            "전세가율":56.0,
            "장기전세가율평균":71.38,
            "전세가율거품지수":15.38,
            "검색코드":107825,
            "세대수":710.0,
            "준공년월":"2016-06-10",
            "준공년차":7.0,
            "가까운역이름":"망포",
            "가까운역거리":530.96,
            "역세권여부":"준역세권",
            "30분이내주요거점역":2,
            "30분거점역이름":"['수원시청', '수원']",
            "1시간이내주요거점역":7,
            "1시간거점역이름":"['판교', '정자', '수원시청', '평촌', '수원', '안산', '서현']",
            "3km이내백화점수":0,
            "5km이내아울렛몰수":1,
            "1km이내대형먀트수":0,
            "500m이내은행수":2,
            "500m이내병원수":13,
            "5km이내대형병원수":4,
            "500m이내공원수":9,
            "3km이내혐오시설수":0,
            "초등학교학업성취도":89.97,
            "중학교학업성취도":89.2,
            "용적률":209,
            "건폐율":17,
            "Y":37.243015,
            "X":127.06223,
            "rank":56.0,
            "area_info":"25평(84.79), 25평(84.97), 25평(85.46), 34평(112.67), 34평(113.17), 34평(113.05)",
            "last_sales":"2022-01-15,65000.0,25평(84.79)",
            "rank_history":[
                [
                    "202202",
                    56
                ],
                [
                    "202201",
                    59
                ]
            ],
            "rank_gap":3
        },
        {
            "index":439,
            "아파트명":"e편한세상테라스광교이스트힐",
            "투자타입":"일반",
            "전용면적(m2)":"136.97",
            "전용면적(평)":"41평",
            "법정동주소":"경기도 수원시 영통구 이의동 1214",
            "도로명주소":"경기도 수원시 영통구 웰빙타운로36번길 46-23",
            "세대수":0,
            "입주년차":80,
            "용적률점수":"--",
            "건폐율점수":"--",
            "세대당주차수":60,
            "난방방식":100,
            "공급면적":"--",
            "전용률":"--",
            "욕실수":100,
            "현관타입":100,
            "주거총점":55.0,
            "지역구공급총점":0.0,
            "역세권":50,
            "30분내 이동가능 거점":0,
            "1시간내 이동가능 거점":80,
            "교통총점":41.0,
            "백화점":100,
            "아울렛몰":100,
            "대형마트":0,
            "은행":0,
            "병원":10,
            "종합병원":100,
            "공원":100,
            "혐오시설":0,
            "인프라총점":64.0,
            "초등학군":89.98,
            "중학군":57.72,
            "학군총점":64.172,
            "인구수":42.64,
            "인구증감":-10.11,
            "인구총점":26.815,
            "일자리":18.77,
            "소득수준":100.0,
            "일자리총점":43.139,
            "가치 총점":54.1758,
            "매매실거래년":"18000101",
            "매매실거래가":null,
            "전세실거래년":null,
            "전세실거래가":null,
            "전세가율":null,
            "장기전세가율평균":71.38,
            "전세가율거품지수":null,
            "검색코드":110740,
            "세대수":259.0,
            "준공년월":"2017-04-04",
            "준공년차":6.0,
            "가까운역이름":"광교",
            "가까운역거리":823.09,
            "역세권여부":"준역세권",
            "30분이내주요거점역":0,
            "30분거점역이름":"[]",
            "1시간이내주요거점역":8,
            "1시간거점역이름":"['강남', '역삼', '판교', '양재', '정자', '수원시청', '수원', '서현']",
            "3km이내백화점수":1,
            "5km이내아울렛몰수":2,
            "1km이내대형먀트수":0,
            "500m이내은행수":0,
            "500m이내병원수":4,
            "5km이내대형병원수":3,
            "500m이내공원수":2,
            "3km이내혐오시설수":0,
            "초등학교학업성취도":89.98,
            "중학교학업성취도":92.6,
            "용적률":99,
            "건폐율":42,
            "Y":37.308328,
            "X":127.049532,
            "rank":57.0,
            "area_info":"41평(136.97), 42평(139.43), 42평(140.16), 43평(142.73), 43평(143.38), 44평(146.27), 46평(155.35), 47평(155.79), 47평(156.59), 47평(156.32), 49평(164.12), 50평(167.42), 56평(187.9), 60평(200.15), 62평(206.71)",
            "last_sales":"1800-01-01,nan,41평(136.97)",
            "rank_history":[
                [
                    "202202",
                    57
                ],
                [
                    "202201",
                    54
                ]
            ],
            "rank_gap":-3
        },
        {
            "index":96,
            "아파트명":"힐스테이트영통",
            "투자타입":"일반",
            "전용면적(m2)":"87.75",
            "전용면적(평)":"26평",
            "법정동주소":"경기도 수원시 영통구 망포동 728",
            "도로명주소":"경기도 수원시 영통구 덕영대로 1462-14",
            "세대수":100,
            "입주년차":80,
            "용적률점수":"--",
            "건폐율점수":"--",
            "세대당주차수":30,
            "난방방식":100,
            "공급면적":"--",
            "전용률":"--",
            "욕실수":100,
            "현관타입":100,
            "주거총점":85.5,
            "지역구공급총점":0.0,
            "역세권":50,
            "30분내 이동가능 거점":40,
            "1시간내 이동가능 거점":60,
            "교통총점":49.0,
            "백화점":0,
            "아울렛몰":80,
            "대형마트":0,
            "은행":20,
            "병원":30,
            "종합병원":100,
            "공원":100,
            "혐오시설":0,
            "인프라총점":36.0,
            "초등학군":90.01,
            "중학군":52.3,
            "학군총점":59.842,
            "인구수":42.64,
            "인구증감":-10.11,
            "인구총점":26.815,
            "일자리":18.77,
            "소득수준":100.0,
            "일자리총점":43.139,
            "가치 총점":54.0263,
            "매매실거래년":20220111.0,
            "매매실거래가":100300.0,
            "전세실거래년":20220107.0,
            "전세실거래가":42000.0,
            "전세가율":59.83,
            "장기전세가율평균":71.38,
            "전세가율거품지수":11.55,
            "검색코드":109412,
            "세대수":2140.0,
            "준공년월":"2017-08-30",
            "준공년차":6.0,
            "가까운역이름":"망포",
            "가까운역거리":763.2,
            "역세권여부":"준역세권",
            "30분이내주요거점역":2,
            "30분거점역이름":"['수원시청', '수원']",
            "1시간이내주요거점역":6,
            "1시간거점역이름":"['판교', '정자', '수원시청', '수원', '안산', '서현']",
            "3km이내백화점수":0,
            "5km이내아울렛몰수":1,
            "1km이내대형먀트수":0,
            "500m이내은행수":2,
            "500m이내병원수":8,
            "5km이내대형병원수":4,
            "500m이내공원수":2,
            "3km이내혐오시설수":0,
            "초등학교학업성취도":90.01,
            "중학교학업성취도":86.1,
            "용적률":199,
            "건폐율":12,
            "Y":37.243827,
            "X":127.049093,
            "rank":58.0,
            "area_info":"26평(87.75), 26평(87.12), 26평(87.87), 29평(96.45), 33평(110.94), 33평(111.31), 41평(137.7)",
            "last_sales":"2022-01-11,100300.0,33평(111.31)",
            "rank_history":[
                [
                    "202202",
                    58
                ],
                [
                    "202201",
                    55
                ]
            ],
            "rank_gap":-3
        },
        {
            "index":244,
            "아파트명":"벽적골9단지주공",
            "투자타입":"일반",
            "전용면적(m2)":"68.31",
            "전용면적(평)":"20평",
            "법정동주소":"경기도 수원시 영통구 영통동 970-3",
            "도로명주소":"경기도 수원시 영통구 봉영로1517번길 27",
            "세대수":90,
            "입주년차":20,
            "용적률점수":"--",
            "건폐율점수":"--",
            "세대당주차수":30,
            "난방방식":100,
            "공급면적":"--",
            "전용률":"--",
            "욕실수":50,
            "현관타입":10,
            "주거총점":56.0,
            "지역구공급총점":0.0,
            "역세권":50,
            "30분내 이동가능 거점":40,
            "1시간내 이동가능 거점":60,
            "교통총점":49.0,
            "백화점":0,
            "아울렛몰":80,
            "대형마트":100,
            "은행":20,
            "병원":60,
            "종합병원":100,
            "공원":100,
            "혐오시설":0,
            "인프라총점":54.0,
            "초등학군":90.0,
            "중학군":54.0,
            "학군총점":61.2,
            "인구수":42.64,
            "인구증감":-10.11,
            "인구총점":26.815,
            "일자리":18.77,
            "소득수준":100.0,
            "일자리총점":43.139,
            "가치 총점":53.73,
            "매매실거래년":20210813.0,
            "매매실거래가":56000.0,
            "전세실거래년":20220127.0,
            "전세실거래가":28000.0,
            "전세가율":74.87,
            "장기전세가율평균":71.38,
            "전세가율거품지수":-3.49,
            "검색코드":3991,
            "세대수":1265.0,
            "준공년월":"1999-11-10",
            "준공년차":24.0,
            "가까운역이름":"영통",
            "가까운역거리":665.51,
            "역세권여부":"준역세권",
            "30분이내주요거점역":2,
            "30분거점역이름":"['수원시청', '수원']",
            "1시간이내주요거점역":6,
            "1시간거점역이름":"['판교', '정자', '수원시청', '수원', '안산', '서현']",
            "3km이내백화점수":0,
            "5km이내아울렛몰수":1,
            "1km이내대형먀트수":2,
            "500m이내은행수":2,
            "500m이내병원수":11,
            "5km이내대형병원수":5,
            "500m이내공원수":8,
            "3km이내혐오시설수":0,
            "초등학교학업성취도":90.0,
            "중학교학업성취도":89.2,
            "용적률":218,
            "건폐율":17,
            "Y":37.2475,
            "X":127.065879,
            "rank":59.0,
            "area_info":"20평(68.31), 20평(68.6), 22평(73.43), 24평(80.96), 24평(81.74), 24평(81.01)",
            "last_sales":"2021-08-13,56000.0,24평(81.01)",
            "rank_history":[
                [
                    "202202",
                    59
                ],
                [
                    "202201",
                    63
                ]
            ],
            "rank_gap":4
        },
        {
            "index":175,
            "아파트명":"주공그린빌1단지",
            "투자타입":"일반",
            "전용면적(m2)":"106.35",
            "전용면적(평)":"32평",
            "법정동주소":"경기도 수원시 영통구 매탄동 1258",
            "도로명주소":"경기도 수원시 영통구 매탄로126번길 22",
            "세대수":50,
            "입주년차":20,
            "용적률점수":"--",
            "건폐율점수":"--",
            "세대당주차수":30,
            "난방방식":100,
            "공급면적":"--",
            "전용률":"--",
            "욕실수":100,
            "현관타입":100,
            "주거총점":56.0,
            "지역구공급총점":0.0,
            "역세권":0,
            "30분내 이동가능 거점":20,
            "1시간내 이동가능 거점":60,
            "교통총점":18.0,
            "백화점":100,
            "아울렛몰":100,
            "대형마트":80,
            "은행":70,
            "병원":80,
            "종합병원":100,
            "공원":100,
            "혐오시설":0,
            "인프라총점":90.0,
            "초등학군":90.0,
            "중학군":54.1,
            "학군총점":61.28,
            "인구수":42.64,
            "인구증감":-10.11,
            "인구총점":26.815,
            "일자리":18.77,
            "소득수준":100.0,
            "일자리총점":43.139,
            "가치 총점":53.692,
            "매매실거래년":20211220.0,
            "매매실거래가":55000.0,
            "전세실거래년":20220119.0,
            "전세실거래가":29400.0,
            "전세가율":54.44,
            "장기전세가율평균":71.38,
            "전세가율거품지수":16.94,
            "검색코드":3633,
            "세대수":659.0,
            "준공년월":"2002-01-19",
            "준공년차":21.0,
            "가까운역이름":"매탄권선",
            "가까운역거리":1022.36,
            "역세권여부":"비역세권",
            "30분이내주요거점역":1,
            "30분거점역이름":"['수원시청']",
            "1시간이내주요거점역":6,
            "1시간거점역이름":"['판교', '정자', '수원시청', '평촌', '수원', '서현']",
            "3km이내백화점수":1,
            "5km이내아울렛몰수":2,
            "1km이내대형먀트수":1,
            "500m이내은행수":4,
            "500m이내병원수":32,
            "5km이내대형병원수":3,
            "500m이내공원수":8,
            "3km이내혐오시설수":0,
            "초등학교학업성취도":90.0,
            "중학교학업성취도":89.5,
            "용적률":211,
            "건폐율":18,
            "Y":37.26129,
            "X":127.044874,
            "rank":60.0,
            "area_info":"32평(106.35), 32평(106.42), 32평(106.67), 32평(107.03)",
            "last_sales":"2021-12-20,55000.0,32평(106.42)",
            "rank_history":[
                [
                    "202202",
                    60
                ],
                [
                    "202201",
                    61
                ]
            ],
            "rank_gap":1
        },
        {
            "index":259,
            "아파트명":"삼성,태영",
            "투자타입":"일반",
            "전용면적(m2)":"107.82",
            "전용면적(평)":"32평",
            "법정동주소":"경기도 수원시 영통구 영통동 969-1",
            "도로명주소":"경기도 수원시 영통구 봉영로1517번길 73",
            "세대수":80,
            "입주년차":0,
            "용적률점수":"--",
            "건폐율점수":"--",
            "세대당주차수":0,
            "난방방식":100,
            "공급면적":"--",
            "전용률":"--",
            "욕실수":100,
            "현관타입":100,
            "주거총점":58.0,
            "지역구공급총점":0.0,
            "역세권":50,
            "30분내 이동가능 거점":20,
            "1시간내 이동가능 거점":60,
            "교통총점":43.0,
            "백화점":0,
            "아울렛몰":80,
            "대형마트":100,
            "은행":70,
            "병원":60,
            "종합병원":100,
            "공원":100,
            "혐오시설":0,
            "인프라총점":59.0,
            "초등학군":90.0,
            "중학군":54.0,
            "학군총점":61.2,
            "인구수":42.64,
            "인구증감":-10.11,
            "인구총점":26.815,
            "일자리":18.77,
            "소득수준":100.0,
            "일자리총점":43.139,
            "가치 총점":53.53,
            "매매실거래년":20220113.0,
            "매매실거래가":57000.0,
            "전세실거래년":20211218.0,
            "전세실거래가":31500.0,
            "전세가율":39.52,
            "장기전세가율평균":71.38,
            "전세가율거품지수":31.86,
            "검색코드":1803,
            "세대수":832.0,
            "준공년월":"1997-12-12",
            "준공년차":26.0,
            "가까운역이름":"망포",
            "가까운역거리":674.04,
            "역세권여부":"준역세권",
            "30분이내주요거점역":1,
            "30분거점역이름":"['수원시청']",
            "1시간이내주요거점역":6,
            "1시간거점역이름":"['판교', '정자', '수원시청', '수원', '안산', '서현']",
            "3km이내백화점수":0,
            "5km이내아울렛몰수":1,
            "1km이내대형먀트수":2,
            "500m이내은행수":3,
            "500m이내병원수":16,
            "5km이내대형병원수":4,
            "500m이내공원수":6,
            "3km이내혐오시설수":0,
            "초등학교학업성취도":90.0,
            "중학교학업성취도":89.2,
            "용적률":218,
            "건폐율":18,
            "Y":37.249373,
            "X":127.0635,
            "rank":61.0,
            "area_info":"32평(107.82), 32평(108.3), 33평(109.49), 33평(109.96)",
            "last_sales":"2022-01-13,57000.0,33평(109.96)",
            "rank_history":[
                [
                    "202202",
                    61
                ],
                [
                    "202201",
                    60
                ]
            ],
            "rank_gap":-1
        },
        {
            "index":457,
            "아파트명":"광교대광로제비앙",
            "투자타입":"일반",
            "전용면적(m2)":"109.22",
            "전용면적(평)":"33평",
            "법정동주소":"경기도 수원시 영통구 이의동 1182",
            "도로명주소":"경기도 수원시 영통구 웰빙타운로 106",
            "세대수":0,
            "입주년차":60,
            "용적률점수":"--",
            "건폐율점수":"--",
            "세대당주차수":60,
            "난방방식":100,
            "공급면적":"--",
            "전용률":"--",
            "욕실수":100,
            "현관타입":100,
            "주거총점":51.0,
            "지역구공급총점":0.0,
            "역세권":50,
            "30분내 이동가능 거점":0,
            "1시간내 이동가능 거점":80,
            "교통총점":41.0,
            "백화점":100,
            "아울렛몰":100,
            "대형마트":0,
            "은행":0,
            "병원":0,
            "종합병원":100,
            "공원":80,
            "혐오시설":0,
            "인프라총점":62.4,
            "초등학군":89.98,
            "중학군":57.72,
            "학군총점":64.172,
            "인구수":42.64,
            "인구증감":-10.11,
            "인구총점":26.815,
            "일자리":18.77,
            "소득수준":100.0,
            "일자리총점":43.139,
            "가치 총점":52.8958,
            "매매실거래년":20211204.0,
            "매매실거래가":85000.0,
            "전세실거래년":20211201.0,
            "전세실거래가":32000.0,
            "전세가율":37.65,
            "장기전세가율평균":71.38,
            "전세가율거품지수":33.73,
            "검색코드":102116,
            "세대수":145.0,
            "준공년월":"2012-06-28",
            "준공년차":11.0,
            "가까운역이름":"광교",
            "가까운역거리":710.37,
            "역세권여부":"준역세권",
            "30분이내주요거점역":0,
            "30분거점역이름":"[]",
            "1시간이내주요거점역":8,
            "1시간거점역이름":"['강남', '역삼', '판교', '양재', '정자', '수원시청', '수원', '서현']",
            "3km이내백화점수":1,
            "5km이내아울렛몰수":2,
            "1km이내대형먀트수":0,
            "500m이내은행수":0,
            "500m이내병원수":0,
            "5km이내대형병원수":4,
            "500m이내공원수":1,
            "3km이내혐오시설수":0,
            "초등학교학업성취도":89.98,
            "중학교학업성취도":92.6,
            "용적률":79,
            "건폐율":22,
            "Y":37.307551,
            "X":127.040274,
            "rank":62.0,
            "area_info":"33평(109.22), 33평(110.05)",
            "last_sales":"2021-12-04,85000.0,33평(109.22)",
            "rank_history":[
                [
                    "202202",
                    62
                ],
                [
                    "202201",
                    62
                ]
            ],
            "rank_gap":0
        },
        {
            "index":335,
            "아파트명":"광교두산위브(실버주택)",
            "투자타입":"일반",
            "전용면적(m2)":"77.07",
            "전용면적(평)":"23평",
            "법정동주소":"경기도 수원시 영통구 원천동 556",
            "도로명주소":"경기도 수원시 영통구 광교중앙로 55",
            "세대수":50,
            "입주년차":80,
            "용적률점수":"--",
            "건폐율점수":"--",
            "세대당주차수":0,
            "난방방식":100,
            "공급면적":"--",
            "전용률":"--",
            "욕실수":50,
            "현관타입":10,
            "주거총점":49.5,
            "지역구공급총점":0.0,
            "역세권":50,
            "30분내 이동가능 거점":0,
            "1시간내 이동가능 거점":80,
            "교통총점":41.0,
            "백화점":100,
            "아울렛몰":100,
            "대형마트":0,
            "은행":0,
            "병원":10,
            "종합병원":100,
            "공원":100,
            "혐오시설":0,
            "인프라총점":64.0,
            "초등학군":90.0,
            "중학군":56.16,
            "학군총점":62.928,
            "인구수":42.64,
            "인구증감":-10.11,
            "인구총점":26.815,
            "일자리":18.77,
            "소득수준":100.0,
            "일자리총점":43.139,
            "가치 총점":52.8892,
            "매매실거래년":20180928.0,
            "매매실거래가":26460.0,
            "전세실거래년":20200709.0,
            "전세실거래가":23000.0,
            "전세가율":86.92,
            "장기전세가율평균":71.38,
            "전세가율거품지수":-15.54,
            "검색코드":112441,
            "세대수":547.0,
            "준공년월":"2018-05-29",
            "준공년차":5.0,
            "가까운역이름":"광교중앙",
            "가까운역거리":900.14,
            "역세권여부":"준역세권",
            "30분이내주요거점역":0,
            "30분거점역이름":"[]",
            "1시간이내주요거점역":8,
            "1시간거점역이름":"['강남', '역삼', '판교', '양재', '정자', '수원시청', '수원', '서현']",
            "3km이내백화점수":1,
            "5km이내아울렛몰수":2,
            "1km이내대형먀트수":0,
            "500m이내은행수":1,
            "500m이내병원수":2,
            "5km이내대형병원수":3,
            "500m이내공원수":2,
            "3km이내혐오시설수":0,
            "초등학교학업성취도":90.0,
            "중학교학업성취도":91.6,
            "용적률":323,
            "건폐율":56,
            "Y":37.280525,
            "X":127.051194,
            "rank":63.0,
            "area_info":"23평(77.07), 23평(77.07), 27평(92.35), 28평(92.9), 30평(102.33), 30평(102.32), 35평(117.92), 35평(117.92)",
            "last_sales":"2018-09-28,26460.0,23평(77.07)",
            "rank_history":[
                [
                    "202202",
                    63
                ],
                [
                    "202201",
                    65
                ]
            ],
            "rank_gap":2
        },
        {
            "index":241,
            "아파트명":"벽적골8단지주공",
            "투자타입":"일반",
            "전용면적(m2)":"73.95",
            "전용면적(평)":"22평",
            "법정동주소":"경기도 수원시 영통구 영통동 972-2",
            "도로명주소":"경기도 수원시 영통구 영통로290번길 26",
            "세대수":100,
            "입주년차":0,
            "용적률점수":"--",
            "건폐율점수":"--",
            "세대당주차수":0,
            "난방방식":100,
            "공급면적":"--",
            "전용률":"--",
            "욕실수":50,
            "현관타입":100,
            "주거총점":60.0,
            "지역구공급총점":0.0,
            "역세권":50,
            "30분내 이동가능 거점":40,
            "1시간내 이동가능 거점":60,
            "교통총점":49.0,
            "백화점":0,
            "아울렛몰":80,
            "대형마트":80,
            "은행":0,
            "병원":60,
            "종합병원":100,
            "공원":100,
            "혐오시설":0,
            "인프라총점":49.0,
            "초등학군":89.96,
            "중학군":52.06,
            "학군총점":59.64,
            "인구수":42.64,
            "인구증감":-10.11,
            "인구총점":26.815,
            "일자리":18.77,
            "소득수준":100.0,
            "일자리총점":43.139,
            "가치 총점":52.796,
            "매매실거래년":20220121.0,
            "매매실거래가":43000.0,
            "전세실거래년":20220124.0,
            "전세실거래가":18900.0,
            "전세가율":43.95,
            "장기전세가율평균":71.38,
            "전세가율거품지수":27.43,
            "검색코드":3988,
            "세대수":1548.0,
            "준공년월":"1997-12-10",
            "준공년차":26.0,
            "가까운역이름":"망포",
            "가까운역거리":703.8,
            "역세권여부":"준역세권",
            "30분이내주요거점역":2,
            "30분거점역이름":"['수원시청', '수원']",
            "1시간이내주요거점역":6,
            "1시간거점역이름":"['판교', '정자', '수원시청', '수원', '안산', '서현']",
            "3km이내백화점수":0,
            "5km이내아울렛몰수":1,
            "1km이내대형먀트수":1,
            "500m이내은행수":1,
            "500m이내병원수":13,
            "5km이내대형병원수":4,
            "500m이내공원수":5,
            "3km이내혐오시설수":0,
            "초등학교학업성취도":89.96,
            "중학교학업성취도":86.3,
            "용적률":196,
            "건폐율":13,
            "Y":37.25116,
            "X":127.061572,
            "rank":64.0,
            "area_info":"22평(73.95), 24평(82.59), 24평(82.59)",
            "last_sales":"2022-01-21,43000.0,22평(73.95)",
            "rank_history":[
                [
                    "202202",
                    64
                ],
                [
                    "202201",
                    66
                ]
            ],
            "rank_gap":2
        },
        {
            "index":148,
            "아파트명":"성일(1199)",
            "투자타입":"재건축",
            "전용면적(m2)":"60.5",
            "전용면적(평)":"18평",
            "법정동주소":"경기도 수원시 영통구 매탄동 1199",
            "도로명주소":"경기도 수원시 영통구 동탄원천로1109번길 42",
            "세대수":80,
            "입주년차":"--",
            "용적률점수":80,
            "건폐율점수":80,
            "세대당주차수":"--",
            "난방방식":"--",
            "공급면적":50,
            "전용률":60,
            "욕실수":"--",
            "현관타입":"--",
            "주거총점":77.5,
            "지역구공급총점":0.0,
            "역세권":0,
            "30분내 이동가능 거점":20,
            "1시간내 이동가능 거점":60,
            "교통총점":18.0,
            "백화점":100,
            "아울렛몰":80,
            "대형마트":80,
            "은행":0,
            "병원":60,
            "종합병원":100,
            "공원":100,
            "혐오시설":0,
            "인프라총점":79.0,
            "초등학군":89.97,
            "중학군":37.78,
            "학군총점":48.218,
            "인구수":42.64,
            "인구증감":-10.11,
            "인구총점":26.815,
            "일자리":18.77,
            "소득수준":100.0,
            "일자리총점":43.139,
            "가치 총점":52.7327,
            "매매실거래년":20211230.0,
            "매매실거래가":48000.0,
            "전세실거래년":null,
            "전세실거래가":null,
            "전세가율":null,
            "장기전세가율평균":71.38,
            "전세가율거품지수":null,
            "검색코드":1795,
            "세대수":850.0,
            "준공년월":"1992-12-17",
            "준공년차":31.0,
            "가까운역이름":"광교중앙",
            "가까운역거리":2054.7,
            "역세권여부":"비역세권",
            "30분이내주요거점역":1,
            "30분거점역이름":"['수원']",
            "1시간이내주요거점역":6,
            "1시간거점역이름":"['판교', '정자', '수원시청', '평촌', '수원', '서현']",
            "3km이내백화점수":1,
            "5km이내아울렛몰수":1,
            "1km이내대형먀트수":1,
            "500m이내은행수":0,
            "500m이내병원수":12,
            "5km이내대형병원수":4,
            "500m이내공원수":5,
            "3km이내혐오시설수":0,
            "초등학교학업성취도":89.97,
            "중학교학업성취도":62.5,
            "용적률":173,
            "건폐율":21,
            "Y":37.270593,
            "X":127.056596,
            "rank":65.0,
            "area_info":"18평(60.5), 18평(61.24), 20평(69.18), 21평(69.93), 21평(70.37)",
            "last_sales":"2021-12-30,48000.0,21평(70.37)",
            "rank_history":[
                [
                    "202202",
                    65
                ],
                [
                    "202201",
                    64
                ]
            ],
            "rank_gap":-1
        },
        {
            "index":383,
            "아파트명":"아주",
            "투자타입":"재건축",
            "전용면적(m2)":"65.01",
            "전용면적(평)":"19평",
            "법정동주소":"경기도 수원시 영통구 원천동 71-1",
            "도로명주소":"경기도 수원시 영통구 동수원로537번길 50",
            "세대수":0,
            "입주년차":"--",
            "용적률점수":80,
            "건폐율점수":80,
            "세대당주차수":"--",
            "난방방식":"--",
            "공급면적":50,
            "전용률":80,
            "욕실수":"--",
            "현관타입":"--",
            "주거총점":54.5,
            "지역구공급총점":0.0,
            "역세권":0,
            "30분내 이동가능 거점":20,
            "1시간내 이동가능 거점":50,
            "교통총점":16.0,
            "백화점":100,
            "아울렛몰":100,
            "대형마트":80,
            "은행":70,
            "병원":100,
            "종합병원":100,
            "공원":100,
            "혐오시설":0,
            "인프라총점":92.0,
            "초등학군":89.99,
            "중학군":46.28,
            "학군총점":55.022,
            "인구수":42.64,
            "인구증감":-10.11,
            "인구총점":26.815,
            "일자리":18.77,
            "소득수준":100.0,
            "일자리총점":43.139,
            "가치 총점":52.3533,
            "매매실거래년":20211126.0,
            "매매실거래가":41300.0,
            "전세실거래년":20210904.0,
            "전세실거래가":20000.0,
            "전세가율":48.43,
            "장기전세가율평균":71.38,
            "전세가율거품지수":22.95,
            "검색코드":8474,
            "세대수":228.0,
            "준공년월":"1983-12-24",
            "준공년차":40.0,
            "가까운역이름":"광교중앙",
            "가까운역거리":1557.93,
            "역세권여부":"비역세권",
            "30분이내주요거점역":1,
            "30분거점역이름":"['수원시청']",
            "1시간이내주요거점역":5,
            "1시간거점역이름":"['판교', '정자', '수원시청', '수원', '서현']",
            "3km이내백화점수":1,
            "5km이내아울렛몰수":2,
            "1km이내대형먀트수":1,
            "500m이내은행수":4,
            "500m이내병원수":80,
            "5km이내대형병원수":4,
            "500m이내공원수":4,
            "3km이내혐오시설수":0,
            "초등학교학업성취도":89.99,
            "중학교학업성취도":76.6,
            "용적률":169,
            "건폐율":28,
            "Y":37.275206,
            "X":127.046381,
            "rank":66.0,
            "area_info":"19평(65.01), 24평(80.26), 27평(91.92)",
            "last_sales":"2021-11-26,41300.0,19평(65.01)",
            "rank_history":[
                [
                    "202202",
                    66
                ],
                [
                    "202201",
                    67
                ]
            ],
            "rank_gap":1
        },
        {
            "index":263,
            "아파트명":"신나무실5단지주공",
            "투자타입":"일반",
            "전용면적(m2)":"73.95",
            "전용면적(평)":"22평",
            "법정동주소":"경기도 수원시 영통구 영통동 964-5",
            "도로명주소":"경기도 수원시 영통구 영통로290번길 25",
            "세대수":100,
            "입주년차":0,
            "용적률점수":"--",
            "건폐율점수":"--",
            "세대당주차수":0,
            "난방방식":100,
            "공급면적":"--",
            "전용률":"--",
            "욕실수":50,
            "현관타입":10,
            "주거총점":51.0,
            "지역구공급총점":0.0,
            "역세권":50,
            "30분내 이동가능 거점":40,
            "1시간내 이동가능 거점":70,
            "교통총점":51.0,
            "백화점":0,
            "아울렛몰":80,
            "대형마트":100,
            "은행":0,
            "병원":60,
            "종합병원":100,
            "공원":100,
            "혐오시설":-50,
            "인프라총점":51.0,
            "초등학군":89.98,
            "중학군":52.06,
            "학군총점":59.644,
            "인구수":42.64,
            "인구증감":-10.11,
            "인구총점":26.815,
            "일자리":18.77,
            "소득수준":100.0,
            "일자리총점":43.139,
            "가치 총점":52.2966,
            "매매실거래년":20211116.0,
            "매매실거래가":54000.0,
            "전세실거래년":20220124.0,
            "전세실거래가":20790.0,
            "전세가율":49.5,
            "장기전세가율평균":71.38,
            "전세가율거품지수":21.88,
            "검색코드":2588,
            "세대수":1504.0,
            "준공년월":"1997-12-15",
            "준공년차":26.0,
            "가까운역이름":"영통",
            "가까운역거리":710.75,
            "역세권여부":"준역세권",
            "30분이내주요거점역":2,
            "30분거점역이름":"['수원시청', '수원']",
            "1시간이내주요거점역":7,
            "1시간거점역이름":"['판교', '양재', '정자', '수원시청', '수원', '안산', '서현']",
            "3km이내백화점수":0,
            "5km이내아울렛몰수":1,
            "1km이내대형먀트수":2,
            "500m이내은행수":1,
            "500m이내병원수":12,
            "5km이내대형병원수":5,
            "500m이내공원수":5,
            "3km이내혐오시설수":1,
            "초등학교학업성취도":89.98,
            "중학교학업성취도":86.3,
            "용적률":219,
            "건폐율":17,
            "Y":37.252238,
            "X":127.063408,
            "rank":67.0,
            "area_info":"22평(73.95), 23평(77.45), 24평(82.62), 24평(82.55)",
            "last_sales":"2021-11-16,54000.0,24평(82.62)",
            "rank_history":[
                [
                    "202202",
                    67
                ],
                [
                    "202201",
                    71
                ]
            ],
            "rank_gap":4
        },
        {
            "index":108,
            "아파트명":"동남(810-2)",
            "투자타입":"재건축",
            "전용면적(m2)":"71.21",
            "전용면적(평)":"21평",
            "법정동주소":"경기도 수원시 영통구 매탄동 810-2",
            "도로명주소":"경기도 수원시 영통구 동수원로 432",
            "세대수":80,
            "입주년차":"--",
            "용적률점수":20,
            "건폐율점수":100,
            "세대당주차수":"--",
            "난방방식":"--",
            "공급면적":50,
            "전용률":60,
            "욕실수":"--",
            "현관타입":"--",
            "주거총점":57.5,
            "지역구공급총점":0.0,
            "역세권":0,
            "30분내 이동가능 거점":20,
            "1시간내 이동가능 거점":70,
            "교통총점":20.0,
            "백화점":100,
            "아울렛몰":100,
            "대형마트":100,
            "은행":0,
            "병원":60,
            "종합병원":100,
            "공원":100,
            "혐오시설":0,
            "인프라총점":84.0,
            "초등학군":89.99,
            "중학군":46.82,
            "학군총점":55.454,
            "인구수":42.64,
            "인구증감":-10.11,
            "인구총점":26.815,
            "일자리":18.77,
            "소득수준":100.0,
            "일자리총점":43.139,
            "가치 총점":52.0181,
            "매매실거래년":20211013.0,
            "매매실거래가":45400.0,
            "전세실거래년":20220125.0,
            "전세실거래가":14700.0,
            "전세가율":32.38,
            "장기전세가율평균":71.38,
            "전세가율거품지수":39.0,
            "검색코드":1782,
            "세대수":892.0,
            "준공년월":"1989-07-05",
            "준공년차":34.0,
            "가까운역이름":"수원시청",
            "가까운역거리":1202.88,
            "역세권여부":"비역세권",
            "30분이내주요거점역":1,
            "30분거점역이름":"['수원시청']",
            "1시간이내주요거점역":7,
            "1시간거점역이름":"['판교', '양재', '정자', '수원시청', '평촌', '수원', '서현']",
            "3km이내백화점수":1,
            "5km이내아울렛몰수":2,
            "1km이내대형먀트수":3,
            "500m이내은행수":1,
            "500m이내병원수":18,
            "5km이내대형병원수":4,
            "500m이내공원수":4,
            "3km이내혐오시설수":0,
            "초등학교학업성취도":89.99,
            "중학교학업성취도":77.5,
            "용적률":216,
            "건폐율":18,
            "Y":37.267004,
            "X":127.042728,
            "rank":68.0,
            "area_info":"21평(71.21)",
            "last_sales":"2021-10-13,45400.0,21평(71.21)",
            "rank_history":[
                [
                    "202202",
                    68
                ],
                [
                    "202201",
                    68
                ]
            ],
            "rank_gap":0
        },
        {
            "index":87,
            "아파트명":"청와",
            "투자타입":"재건축",
            "전용면적(m2)":"49.4",
            "전용면적(평)":"14평",
            "법정동주소":"경기도 수원시 영통구 망포동 291",
            "도로명주소":"경기도 수원시 영통구 영통로173번길 23-26",
            "세대수":0,
            "입주년차":"--",
            "용적률점수":100,
            "건폐율점수":80,
            "세대당주차수":"--",
            "난방방식":"--",
            "공급면적":50,
            "전용률":80,
            "욕실수":"--",
            "현관타입":"--",
            "주거총점":62.5,
            "지역구공급총점":0.0,
            "역세권":50,
            "30분내 이동가능 거점":40,
            "1시간내 이동가능 거점":70,
            "교통총점":51.0,
            "백화점":0,
            "아울렛몰":80,
            "대형마트":0,
            "은행":20,
            "병원":80,
            "종합병원":100,
            "공원":100,
            "혐오시설":0,
            "인프라총점":41.0,
            "초등학군":89.99,
            "중학군":52.3,
            "학군총점":59.838,
            "인구수":42.64,
            "인구증감":-10.11,
            "인구총점":26.815,
            "일자리":18.77,
            "소득수준":100.0,
            "일자리총점":43.139,
            "가치 총점":51.6257,
            "매매실거래년":20210605.0,
            "매매실거래가":35000.0,
            "전세실거래년":20211229.0,
            "전세실거래가":12000.0,
            "전세가율":45.28,
            "장기전세가율평균":71.38,
            "전세가율거품지수":26.1,
            "검색코드":2684,
            "세대수":250.0,
            "준공년월":"1988-12-24",
            "준공년차":35.0,
            "가까운역이름":"망포",
            "가까운역거리":602.07,
            "역세권여부":"준역세권",
            "30분이내주요거점역":2,
            "30분거점역이름":"['수원시청', '수원']",
            "1시간이내주요거점역":7,
            "1시간거점역이름":"['판교', '정자', '수원시청', '평촌', '수원', '안산', '서현']",
            "3km이내백화점수":0,
            "5km이내아울렛몰수":1,
            "1km이내대형먀트수":0,
            "500m이내은행수":2,
            "500m이내병원수":41,
            "5km이내대형병원수":4,
            "500m이내공원수":6,
            "3km이내혐오시설수":0,
            "초등학교학업성취도":89.99,
            "중학교학업성취도":86.1,
            "용적률":127,
            "건폐율":26,
            "Y":37.242175,
            "X":127.052295,
            "rank":69.0,
            "area_info":"14평(49.4), 17평(57.72), 19평(63.28)",
            "last_sales":"2021-06-05,35000.0,19평(63.28)",
            "rank_history":[
                [
                    "202202",
                    69
                ],
                [
                    "202201",
                    70
                ]
            ],
            "rank_gap":1
        },
        {
            "index":599,
            "아파트명":"광교센트럴타운62단지",
            "투자타입":"일반",
            "전용면적(m2)":"99.19",
            "전용면적(평)":"30평",
            "법정동주소":"경기도 수원시 영통구 하동 1013",
            "도로명주소":"경기도 수원시 영통구 센트럴파크로 34",
            "세대수":50,
            "입주년차":60,
            "용적률점수":"--",
            "건폐율점수":"--",
            "세대당주차수":60,
            "난방방식":100,
            "공급면적":"--",
            "전용률":"--",
            "욕실수":100,
            "현관타입":100,
            "주거총점":68.5,
            "지역구공급총점":0.0,
            "역세권":0,
            "30분내 이동가능 거점":0,
            "1시간내 이동가능 거점":80,
            "교통총점":16.0,
            "백화점":100,
            "아울렛몰":100,
            "대형마트":80,
            "은행":0,
            "병원":60,
            "종합병원":100,
            "공원":0,
            "혐오시설":-50,
            "인프라총점":77.0,
            "초등학군":89.99,
            "중학군":51.44,
            "학군총점":59.15,
            "인구수":42.64,
            "인구증감":-10.11,
            "인구총점":26.815,
            "일자리":18.77,
            "소득수준":100.0,
            "일자리총점":43.139,
            "가치 총점":51.2725,
            "매매실거래년":20220119.0,
            "매매실거래가":135000.0,
            "전세실거래년":20211026.0,
            "전세실거래가":60000.0,
            "전세가율":53.33,
            "장기전세가율평균":71.38,
            "전세가율거품지수":18.05,
            "검색코드":136913,
            "세대수":637.0,
            "준공년월":"2013-11-04",
            "준공년차":10.0,
            "가까운역이름":"광교중앙",
            "가까운역거리":1072.26,
            "역세권여부":"비역세권",
            "30분이내주요거점역":0,
            "30분거점역이름":"[]",
            "1시간이내주요거점역":8,
            "1시간거점역이름":"['강남', '역삼', '판교', '양재', '정자', '수원시청', '수원', '서현']",
            "3km이내백화점수":1,
            "5km이내아울렛몰수":2,
            "1km이내대형먀트수":1,
            "500m이내은행수":0,
            "500m이내병원수":15,
            "5km이내대형병원수":4,
            "500m이내공원수":0,
            "3km이내혐오시설수":1,
            "초등학교학업성취도":89.99,
            "중학교학업성취도":83.4,
            "용적률":182,
            "건폐율":11,
            "Y":37.289152,
            "X":127.06358,
            "rank":70.0,
            "area_info":"30평(99.19), 30평(99.19), 34평(112.5), 34평(112.64)",
            "last_sales":"2022-01-19,135000.0,34평(112.5)",
            "rank_history":[
                [
                    "202202",
                    70
                ],
                [
                    "202201",
                    72
                ]
            ],
            "rank_gap":2
        },
        {
            "index":207,
            "아파트명":"래미안영통마크원1단지",
            "투자타입":"일반",
            "전용면적(m2)":"114.48",
            "전용면적(평)":"34평",
            "법정동주소":"경기도 수원시 영통구 신동 939",
            "도로명주소":"경기도 수원시 영통구 권선로908번길 72",
            "세대수":30,
            "입주년차":60,
            "용적률점수":"--",
            "건폐율점수":"--",
            "세대당주차수":30,
            "난방방식":100,
            "공급면적":"--",
            "전용률":"--",
            "욕실수":100,
            "현관타입":100,
            "주거총점":57.0,
            "지역구공급총점":0.0,
            "역세권":50,
            "30분내 이동가능 거점":20,
            "1시간내 이동가능 거점":70,
            "교통총점":45.0,
            "백화점":0,
            "아울렛몰":100,
            "대형마트":100,
            "은행":0,
            "병원":30,
            "종합병원":100,
            "공원":100,
            "혐오시설":0,
            "인프라총점":51.0,
            "초등학군":89.99,
            "중학군":50.64,
            "학군총점":58.51,
            "인구수":42.64,
            "인구증감":-10.11,
            "인구총점":26.815,
            "일자리":18.77,
            "소득수준":100.0,
            "일자리총점":43.139,
            "가치 총점":51.2265,
            "매매실거래년":20211008.0,
            "매매실거래가":89000.0,
            "전세실거래년":20220115.0,
            "전세실거래가":44100.0,
            "전세가율":51.88,
            "장기전세가율평균":71.38,
            "전세가율거품지수":19.5,
            "검색코드":103517,
            "세대수":367.0,
            "준공년월":"2013-11-08",
            "준공년차":10.0,
            "가까운역이름":"매탄권선",
            "가까운역거리":803.12,
            "역세권여부":"준역세권",
            "30분이내주요거점역":1,
            "30분거점역이름":"['수원시청']",
            "1시간이내주요거점역":7,
            "1시간거점역이름":"['판교', '정자', '수원시청', '평촌', '수원', '안산', '서현']",
            "3km이내백화점수":0,
            "5km이내아울렛몰수":2,
            "1km이내대형먀트수":2,
            "500m이내은행수":1,
            "500m이내병원수":5,
            "5km이내대형병원수":4,
            "500m이내공원수":4,
            "3km이내혐오시설수":0,
            "초등학교학업성취도":89.99,
            "중학교학업성취도":83.4,
            "용적률":208,
            "건폐율":20,
            "Y":37.245869,
            "X":127.043288,
            "rank":71.0,
            "area_info":"34평(114.48), 34평(114.11), 34평(114.35), 34평(114.1), 34평(114.09), 34평(114.14), 39평(130.48)",
            "last_sales":"2021-10-08,89000.0,39평(130.48)",
            "rank_history":[
                [
                    "202202",
                    71
                ],
                [
                    "202201",
                    84
                ]
            ],
            "rank_gap":13
        },
        {
            "index":47,
            "아파트명":"망포역마을쌍용",
            "투자타입":"일반",
            "전용면적(m2)":"115.95",
            "전용면적(평)":"35평",
            "법정동주소":"경기도 수원시 영통구 망포동 691",
            "도로명주소":"경기도 수원시 영통구 영통로173번길 37",
            "세대수":50,
            "입주년차":20,
            "용적률점수":"--",
            "건폐율점수":"--",
            "세대당주차수":60,
            "난방방식":100,
            "공급면적":"--",
            "전용률":"--",
            "욕실수":100,
            "현관타입":100,
            "주거총점":60.5,
            "지역구공급총점":0.0,
            "역세권":50,
            "30분내 이동가능 거점":40,
            "1시간내 이동가능 거점":70,
            "교통총점":51.0,
            "백화점":0,
            "아울렛몰":80,
            "대형마트":0,
            "은행":20,
            "병원":80,
            "종합병원":100,
            "공원":100,
            "혐오시설":0,
            "인프라총점":41.0,
            "초등학군":89.99,
            "중학군":52.3,
            "학군총점":59.838,
            "인구수":42.64,
            "인구증감":-10.11,
            "인구총점":26.815,
            "일자리":18.77,
            "소득수준":100.0,
            "일자리총점":43.139,
            "가치 총점":51.2257,
            "매매실거래년":20220121.0,
            "매매실거래가":69000.0,
            "전세실거래년":20220104.0,
            "전세실거래가":35000.0,
            "전세가율":52.24,
            "장기전세가율평균":71.38,
            "전세가율거품지수":19.14,
            "검색코드":3627,
            "세대수":531.0,
            "준공년월":"2002-04-25",
            "준공년차":21.0,
            "가까운역이름":"망포",
            "가까운역거리":546.84,
            "역세권여부":"준역세권",
            "30분이내주요거점역":2,
            "30분거점역이름":"['수원시청', '수원']",
            "1시간이내주요거점역":7,
            "1시간거점역이름":"['판교', '정자', '수원시청', '평촌', '수원', '안산', '서현']",
            "3km이내백화점수":0,
            "5km이내아울렛몰수":1,
            "1km이내대형먀트수":0,
            "500m이내은행수":2,
            "500m이내병원수":38,
            "5km이내대형병원수":4,
            "500m이내공원수":5,
            "3km이내혐오시설수":0,
            "초등학교학업성취도":89.99,
            "중학교학업성취도":86.1,
            "용적률":225,
            "건폐율":17,
            "Y":37.243,
            "X":127.05227,
            "rank":72.0,
            "area_info":"35평(115.95), 48평(160.54)",
            "last_sales":"2022-01-21,69000.0,48평(160.54)",
            "rank_history":[
                [
                    "202202",
                    72
                ],
                [
                    "202201",
                    73
                ]
            ],
            "rank_gap":1
        },
        {
            "index":287,
            "아파트명":"영통라온프라이빗",
            "투자타입":"일반",
            "전용면적(m2)":"85.82",
            "전용면적(평)":"25평",
            "법정동주소":"경기도 수원시 영통구 영통동 1154",
            "도로명주소":"경기도 수원시 영통구 영통로200번길 111",
            "세대수":30,
            "입주년차":80,
            "용적률점수":"--",
            "건폐율점수":"--",
            "세대당주차수":30,
            "난방방식":100,
            "공급면적":"--",
            "전용률":"--",
            "욕실수":100,
            "현관타입":100,
            "주거총점":61.0,
            "지역구공급총점":0.0,
            "역세권":50,
            "30분내 이동가능 거점":40,
            "1시간내 이동가능 거점":70,
            "교통총점":51.0,
            "백화점":0,
            "아울렛몰":80,
            "대형마트":0,
            "은행":20,
            "병원":60,
            "종합병원":100,
            "공원":100,
            "혐오시설":0,
            "인프라총점":39.0,
            "초등학군":89.97,
            "중학군":54.0,
            "학군총점":61.194,
            "인구수":42.64,
            "인구증감":-10.11,
            "인구총점":26.815,
            "일자리":18.77,
            "소득수준":100.0,
            "일자리총점":43.139,
            "가치 총점":50.9291,
            "매매실거래년":20211223.0,
            "매매실거래가":68200.0,
            "전세실거래년":20220112.0,
            "전세실거래가":44000.0,
            "전세가율":64.52,
            "장기전세가율평균":71.38,
            "전세가율거품지수":6.86,
            "검색코드":109929,
            "세대수":351.0,
            "준공년월":"2017-09-26",
            "준공년차":6.0,
            "가까운역이름":"망포",
            "가까운역거리":590.09,
            "역세권여부":"준역세권",
            "30분이내주요거점역":2,
            "30분거점역이름":"['수원시청', '수원']",
            "1시간이내주요거점역":7,
            "1시간거점역이름":"['판교', '양재', '정자', '수원시청', '수원', '안산', '서현']",
            "3km이내백화점수":0,
            "5km이내아울렛몰수":1,
            "1km이내대형먀트수":0,
            "500m이내은행수":2,
            "500m이내병원수":11,
            "5km이내대형병원수":4,
            "500m이내공원수":10,
            "3km이내혐오시설수":0,
            "초등학교학업성취도":89.97,
            "중학교학업성취도":89.2,
            "용적률":225,
            "건폐율":14,
            "Y":37.244457,
            "X":127.063804,
            "rank":73.0,
            "area_info":"25평(85.82), 25평(85.68)",
            "last_sales":"2021-12-23,68200.0,25평(85.82)",
            "rank_history":[
                [
                    "202202",
                    73
                ],
                [
                    "202201",
                    83
                ]
            ],
            "rank_gap":10
        },
        {
            "index":343,
            "아파트명":"광교아이파크",
            "투자타입":"일반",
            "전용면적(m2)":"119.07",
            "전용면적(평)":"36평",
            "법정동주소":"경기도 수원시 영통구 원천동 593",
            "도로명주소":"경기도 수원시 영통구 광교호수공원로 80",
            "세대수":90,
            "입주년차":80,
            "용적률점수":"--",
            "건폐율점수":"--",
            "세대당주차수":60,
            "난방방식":100,
            "공급면적":"--",
            "전용률":"--",
            "욕실수":100,
            "현관타입":100,
            "주거총점":86.5,
            "지역구공급총점":0.0,
            "역세권":0,
            "30분내 이동가능 거점":0,
            "1시간내 이동가능 거점":50,
            "교통총점":10.0,
            "백화점":100,
            "아울렛몰":100,
            "대형마트":80,
            "은행":0,
            "병원":10,
            "종합병원":100,
            "공원":100,
            "혐오시설":0,
            "인프라총점":76.0,
            "초등학군":89.96,
            "중학군":37.78,
            "학군총점":48.216,
            "인구수":42.64,
            "인구증감":-10.11,
            "인구총점":26.815,
            "일자리":18.77,
            "소득수준":100.0,
            "일자리총점":43.139,
            "가치 총점":50.8324,
            "매매실거래년":20210907.0,
            "매매실거래가":159000.0,
            "전세실거래년":20211011.0,
            "전세실거래가":90000.0,
            "전세가율":58.25,
            "장기전세가율평균":71.38,
            "전세가율거품지수":13.13,
            "검색코드":110746,
            "세대수":958.0,
            "준공년월":"2018-09-28",
            "준공년차":5.0,
            "가까운역이름":"광교중앙",
            "가까운역거리":1841.73,
            "역세권여부":"비역세권",
            "30분이내주요거점역":0,
            "30분거점역이름":"[]",
            "1시간이내주요거점역":5,
            "1시간거점역이름":"['판교', '정자', '수원시청', '수원', '서현']",
            "3km이내백화점수":1,
            "5km이내아울렛몰수":2,
            "1km이내대형먀트수":1,
            "500m이내은행수":0,
            "500m이내병원수":2,
            "5km이내대형병원수":4,
            "500m이내공원수":2,
            "3km이내혐오시설수":0,
            "초등학교학업성취도":89.96,
            "중학교학업성취도":62.5,
            "용적률":369,
            "건폐율":51,
            "Y":37.273978,
            "X":127.061216,
            "rank":74.0,
            "area_info":"36평(119.07), 36평(119.02), 36평(119.49), 36평(119.07), 38평(127.69), 38평(127.7), 38평(127.82), 38평(128.4)",
            "last_sales":"2021-09-07,159000.0,38평(127.69)",
            "rank_history":[
                [
                    "202202",
                    74
                ],
                [
                    "202201",
                    74
                ]
            ],
            "rank_gap":0
        },
        {
            "index":90,
            "아파트명":"한양수자인에듀파크",
            "투자타입":"일반",
            "전용면적(m2)":"87.05",
            "전용면적(평)":"26평",
            "법정동주소":"경기도 수원시 영통구 망포동 723",
            "도로명주소":"경기도 수원시 영통구 영통로154번길 56",
            "세대수":50,
            "입주년차":60,
            "용적률점수":"--",
            "건폐율점수":"--",
            "세대당주차수":60,
            "난방방식":100,
            "공급면적":"--",
            "전용률":"--",
            "욕실수":100,
            "현관타입":100,
            "주거총점":68.5,
            "지역구공급총점":0.0,
            "역세권":50,
            "30분내 이동가능 거점":40,
            "1시간내 이동가능 거점":70,
            "교통총점":51.0,
            "백화점":0,
            "아울렛몰":0,
            "대형마트":0,
            "은행":20,
            "병원":80,
            "종합병원":100,
            "공원":100,
            "혐오시설":0,
            "인프라총점":33.0,
            "초등학군":89.99,
            "중학군":55.46,
            "학군총점":62.366,
            "인구수":42.64,
            "인구증감":-10.11,
            "인구총점":26.815,
            "일자리":18.77,
            "소득수준":100.0,
            "일자리총점":43.139,
            "가치 총점":50.8049,
            "매매실거래년":20220119.0,
            "매매실거래가":62500.0,
            "전세실거래년":20211013.0,
            "전세실거래가":49000.0,
            "전세가율":78.4,
            "장기전세가율평균":71.38,
            "전세가율거품지수":-7.02,
            "검색코드":105153,
            "세대수":530.0,
            "준공년월":"2013-12-03",
            "준공년차":10.0,
            "가까운역이름":"망포",
            "가까운역거리":550.42,
            "역세권여부":"준역세권",
            "30분이내주요거점역":2,
            "30분거점역이름":"['수원시청', '수원']",
            "1시간이내주요거점역":7,
            "1시간거점역이름":"['판교', '정자', '수원시청', '평촌', '수원', '안산', '서현']",
            "3km이내백화점수":0,
            "5km이내아울렛몰수":0,
            "1km이내대형먀트수":0,
            "500m이내은행수":2,
            "500m이내병원수":38,
            "5km이내대형병원수":4,
            "500m이내공원수":8,
            "3km이내혐오시설수":0,
            "초등학교학업성취도":89.99,
            "중학교학업성취도":91.3,
            "용적률":205,
            "건폐율":15,
            "Y":37.240845,
            "X":127.057339,
            "rank":75.0,
            "area_info":"26평(87.05), 33평(111.62), 33평(111.62), 39평(131.46), 45평(151.13), 53평(176.67)",
            "last_sales":"2022-01-19,62500.0,26평(87.05)",
            "rank_history":[
                [
                    "202202",
                    75
                ],
                [
                    "202201",
                    80
                ]
            ],
            "rank_gap":5
        },
        {
            "index":109,
            "아파트명":"매탄e-편한세상",
            "투자타입":"일반",
            "전용면적(m2)":"82.62",
            "전용면적(평)":"24평",
            "법정동주소":"경기도 수원시 영통구 매탄동 1209",
            "도로명주소":"경기도 수원시 영통구 매봉로 20",
            "세대수":50,
            "입주년차":60,
            "용적률점수":"--",
            "건폐율점수":"--",
            "세대당주차수":60,
            "난방방식":100,
            "공급면적":"--",
            "전용률":"--",
            "욕실수":100,
            "현관타입":100,
            "주거총점":68.5,
            "지역구공급총점":0.0,
            "역세권":0,
            "30분내 이동가능 거점":0,
            "1시간내 이동가능 거점":50,
            "교통총점":10.0,
            "백화점":100,
            "아울렛몰":80,
            "대형마트":100,
            "은행":0,
            "병원":60,
            "종합병원":100,
            "공원":100,
            "혐오시설":0,
            "인프라총점":82.0,
            "초등학군":89.97,
            "중학군":52.46,
            "학군총점":59.962,
            "인구수":42.64,
            "인구증감":-10.11,
            "인구총점":26.815,
            "일자리":18.77,
            "소득수준":100.0,
            "일자리총점":43.139,
            "가치 총점":50.7943,
            "매매실거래년":20220110.0,
            "매매실거래가":80000.0,
            "전세실거래년":20220115.0,
            "전세실거래가":42000.0,
            "전세가율":57.93,
            "장기전세가율평균":71.38,
            "전세가율거품지수":13.45,
            "검색코드":100273,
            "세대수":580.0,
            "준공년월":"2010-05-28",
            "준공년차":13.0,
            "가까운역이름":"광교중앙",
            "가까운역거리":2108.96,
            "역세권여부":"비역세권",
            "30분이내주요거점역":0,
            "30분거점역이름":"[]",
            "1시간이내주요거점역":5,
            "1시간거점역이름":"['판교', '정자', '수원시청', '평촌', '수원']",
            "3km이내백화점수":1,
            "5km이내아울렛몰수":1,
            "1km이내대형먀트수":2,
            "500m이내은행수":0,
            "500m이내병원수":15,
            "5km이내대형병원수":3,
            "500m이내공원수":5,
            "3km이내혐오시설수":0,
            "초등학교학업성취도":89.97,
            "중학교학업성취도":84.1,
            "용적률":228,
            "건폐율":15,
            "Y":37.269712,
            "X":127.053393,
            "rank":76.0,
            "area_info":"24평(82.62), 25평(84.39), 33평(110.73), 35평(116.1), 39평(129.25), 43평(145.19), 48평(161.69)",
            "last_sales":"2022-01-10,80000.0,39평(129.25)",
            "rank_history":[
                [
                    "202202",
                    76
                ],
                [
                    "202201",
                    88
                ]
            ],
            "rank_gap":12
        },
        {
            "index":297,
            "아파트명":"영통풍림아이원3차",
            "투자타입":"일반",
            "전용면적(m2)":"117.32",
            "전용면적(평)":"35평",
            "법정동주소":"경기도 수원시 영통구 영통동 1093",
            "도로명주소":"경기도 수원시 영통구 봉영로1482번길 18",
            "세대수":50,
            "입주년차":20,
            "용적률점수":"--",
            "건폐율점수":"--",
            "세대당주차수":30,
            "난방방식":100,
            "공급면적":"--",
            "전용률":"--",
            "욕실수":100,
            "현관타입":100,
            "주거총점":56.0,
            "지역구공급총점":0.0,
            "역세권":50,
            "30분내 이동가능 거점":40,
            "1시간내 이동가능 거점":60,
            "교통총점":49.0,
            "백화점":0,
            "아울렛몰":80,
            "대형마트":80,
            "은행":0,
            "병원":10,
            "종합병원":100,
            "공원":100,
            "혐오시설":0,
            "인프라총점":44.0,
            "초등학군":89.97,
            "중학군":54.0,
            "학군총점":61.194,
            "인구수":42.64,
            "인구증감":-10.11,
            "인구총점":26.815,
            "일자리":18.77,
            "소득수준":100.0,
            "일자리총점":43.139,
            "가치 총점":50.7291,
            "매매실거래년":20211227.0,
            "매매실거래가":55000.0,
            "전세실거래년":20220124.0,
            "전세실거래가":31750.0,
            "전세가율":57.73,
            "장기전세가율평균":71.38,
            "전세가율거품지수":13.65,
            "검색코드":8400,
            "세대수":494.0,
            "준공년월":"2002-10-25",
            "준공년차":21.0,
            "가까운역이름":"망포",
            "가까운역거리":837.16,
            "역세권여부":"준역세권",
            "30분이내주요거점역":2,
            "30분거점역이름":"['수원시청', '수원']",
            "1시간이내주요거점역":6,
            "1시간거점역이름":"['판교', '정자', '수원시청', '수원', '안산', '서현']",
            "3km이내백화점수":0,
            "5km이내아울렛몰수":1,
            "1km이내대형먀트수":1,
            "500m이내은행수":1,
            "500m이내병원수":2,
            "5km이내대형병원수":3,
            "500m이내공원수":9,
            "3km이내혐오시설수":0,
            "초등학교학업성취도":89.97,
            "중학교학업성취도":89.2,
            "용적률":245,
            "건폐율":16,
            "Y":37.2447,
            "X":127.06671,
            "rank":77.0,
            "area_info":"35평(117.32), 49평(163.19)",
            "last_sales":"2021-12-27,55000.0,35평(117.32)",
            "rank_history":[
                [
                    "202202",
                    77
                ],
                [
                    "202201",
                    69
                ]
            ],
            "rank_gap":-8
        },
        {
            "index":200,
            "아파트명":"현대",
            "투자타입":"재건축",
            "전용면적(m2)":"87.63",
            "전용면적(평)":"26평",
            "법정동주소":"경기도 수원시 영통구 매탄동 810-1",
            "도로명주소":"경기도 수원시 영통구 동수원로 448",
            "세대수":50,
            "입주년차":"--",
            "용적률점수":20,
            "건폐율점수":100,
            "세대당주차수":"--",
            "난방방식":"--",
            "공급면적":70,
            "전용률":80,
            "욕실수":"--",
            "현관타입":"--",
            "주거총점":50.5,
            "지역구공급총점":0.0,
            "역세권":0,
            "30분내 이동가능 거점":20,
            "1시간내 이동가능 거점":70,
            "교통총점":20.0,
            "백화점":100,
            "아울렛몰":100,
            "대형마트":100,
            "은행":0,
            "병원":60,
            "종합병원":100,
            "공원":100,
            "혐오시설":0,
            "인프라총점":84.0,
            "초등학군":89.98,
            "중학군":46.82,
            "학군총점":55.452,
            "인구수":42.64,
            "인구증감":-10.11,
            "인구총점":26.815,
            "일자리":18.77,
            "소득수준":100.0,
            "일자리총점":43.139,
            "가치 총점":50.6178,
            "매매실거래년":20211127.0,
            "매매실거래가":50000.0,
            "전세실거래년":20220110.0,
            "전세실거래가":32000.0,
            "전세가율":64.0,
            "장기전세가율평균":71.38,
            "전세가율거품지수":7.38,
            "검색코드":1796,
            "세대수":690.0,
            "준공년월":"1989-07-06",
            "준공년차":34.0,
            "가까운역이름":"수원시청",
            "가까운역거리":1297.63,
            "역세권여부":"비역세권",
            "30분이내주요거점역":1,
            "30분거점역이름":"['수원시청']",
            "1시간이내주요거점역":7,
            "1시간거점역이름":"['강남', '판교', '양재', '정자', '수원시청', '수원', '서현']",
            "3km이내백화점수":1,
            "5km이내아울렛몰수":2,
            "1km이내대형먀트수":3,
            "500m이내은행수":1,
            "500m이내병원수":21,
            "5km이내대형병원수":4,
            "500m이내공원수":4,
            "3km이내혐오시설수":0,
            "초등학교학업성취도":89.98,
            "중학교학업성취도":77.5,
            "용적률":219,
            "건폐율":17,
            "Y":37.26851,
            "X":127.04283,
            "rank":78.0,
            "area_info":"26평(87.63), 31평(102.89), 44평(146.58)",
            "last_sales":"2021-11-27,50000.0,31평(102.89)",
            "rank_history":[
                [
                    "202202",
                    78
                ],
                [
                    "202201",
                    75
                ]
            ],
            "rank_gap":-3
        },
        {
            "index":368,
            "아파트명":"광교호반베르디움",
            "투자타입":"일반",
            "전용면적(m2)":"79.98",
            "전용면적(평)":"24평",
            "법정동주소":"경기도 수원시 영통구 원천동 606",
            "도로명주소":"경기도 수원시 영통구 광교호수공원로 45",
            "세대수":90,
            "입주년차":80,
            "용적률점수":"--",
            "건폐율점수":"--",
            "세대당주차수":30,
            "난방방식":100,
            "공급면적":"--",
            "전용률":"--",
            "욕실수":100,
            "현관타입":100,
            "주거총점":82.0,
            "지역구공급총점":0.0,
            "역세권":0,
            "30분내 이동가능 거점":0,
            "1시간내 이동가능 거점":50,
            "교통총점":10.0,
            "백화점":100,
            "아울렛몰":100,
            "대형마트":80,
            "은행":0,
            "병원":30,
            "종합병원":100,
            "공원":100,
            "혐오시설":0,
            "인프라총점":78.0,
            "초등학군":89.99,
            "중학군":37.78,
            "학군총점":48.222,
            "인구수":42.64,
            "인구증감":-10.11,
            "인구총점":26.815,
            "일자리":18.77,
            "소득수준":100.0,
            "일자리총점":43.139,
            "가치 총점":50.5333,
            "매매실거래년":20220118.0,
            "매매실거래가":119000.0,
            "전세실거래년":20220125.0,
            "전세실거래가":48000.0,
            "전세가율":56.47,
            "장기전세가율평균":71.38,
            "전세가율거품지수":14.91,
            "검색코드":103682,
            "세대수":1330.0,
            "준공년월":"2014-06-02",
            "준공년차":9.0,
            "가까운역이름":"광교중앙",
            "가까운역거리":1772.45,
            "역세권여부":"비역세권",
            "30분이내주요거점역":0,
            "30분거점역이름":"[]",
            "1시간이내주요거점역":5,
            "1시간거점역이름":"['판교', '정자', '수원시청', '수원', '서현']",
            "3km이내백화점수":1,
            "5km이내아울렛몰수":2,
            "1km이내대형먀트수":1,
            "500m이내은행수":0,
            "500m이내병원수":5,
            "5km이내대형병원수":4,
            "500m이내공원수":4,
            "3km이내혐오시설수":0,
            "초등학교학업성취도":89.99,
            "중학교학업성취도":62.5,
            "용적률":225,
            "건폐율":13,
            "Y":37.273169,
            "X":127.056417,
            "rank":79.0,
            "area_info":"24평(79.98), 24평(80.27), 24평(80.88), 34평(112.82), 34평(112.71)",
            "last_sales":"2022-01-18,119000.0,34평(112.82)",
            "rank_history":[
                [
                    "202202",
                    79
                ],
                [
                    "202201",
                    76
                ]
            ],
            "rank_gap":-3
        },
        {
            "index":214,
            "아파트명":"래미안영통마크원2단지",
            "투자타입":"일반",
            "전용면적(m2)":"113.72",
            "전용면적(평)":"34평",
            "법정동주소":"경기도 수원시 영통구 신동 940",
            "도로명주소":"경기도 수원시 영통구 삼성로 11",
            "세대수":90,
            "입주년차":60,
            "용적률점수":"--",
            "건폐율점수":"--",
            "세대당주차수":30,
            "난방방식":100,
            "공급면적":"--",
            "전용률":"--",
            "욕실수":100,
            "현관타입":100,
            "주거총점":78.0,
            "지역구공급총점":0.0,
            "역세권":50,
            "30분내 이동가능 거점":20,
            "1시간내 이동가능 거점":70,
            "교통총점":45.0,
            "백화점":0,
            "아울렛몰":100,
            "대형마트":0,
            "은행":0,
            "병원":10,
            "종합병원":100,
            "공원":100,
            "혐오시설":0,
            "인프라총점":34.0,
            "초등학군":90.01,
            "중학군":52.3,
            "학군총점":59.842,
            "인구수":42.64,
            "인구증감":-10.11,
            "인구총점":26.815,
            "일자리":18.77,
            "소득수준":100.0,
            "일자리총점":43.139,
            "가치 총점":50.5263,
            "매매실거래년":20210327.0,
            "매매실거래가":99950.0,
            "전세실거래년":null,
            "전세실거래가":null,
            "전세가율":null,
            "장기전세가율평균":71.38,
            "전세가율거품지수":null,
            "검색코드":103518,
            "세대수":963.0,
            "준공년월":"2013-11-08",
            "준공년차":10.0,
            "가까운역이름":"매탄권선",
            "가까운역거리":843.59,
            "역세권여부":"준역세권",
            "30분이내주요거점역":1,
            "30분거점역이름":"['수원시청']",
            "1시간이내주요거점역":7,
            "1시간거점역이름":"['판교', '정자', '수원시청', '평촌', '수원', '안산', '서현']",
            "3km이내백화점수":0,
            "5km이내아울렛몰수":2,
            "1km이내대형먀트수":0,
            "500m이내은행수":1,
            "500m이내병원수":4,
            "5km이내대형병원수":4,
            "500m이내공원수":3,
            "3km이내혐오시설수":0,
            "초등학교학업성취도":90.01,
            "중학교학업성취도":86.1,
            "용적률":208,
            "건폐율":17,
            "Y":37.246512,
            "X":127.045974,
            "rank":80.0,
            "area_info":"34평(113.72), 34평(113.35), 34평(113.33), 38평(128.43), 38평(128.71), 39평(129.6), 39평(130.74), 39평(130.59), 45평(151.45), 46평(152.7)",
            "last_sales":"2021-03-27,99950.0,46평(152.7)",
            "rank_history":[
                [
                    "202202",
                    80
                ],
                [
                    "202201",
                    77
                ]
            ],
            "rank_gap":-3
        },
        {
            "index":284,
            "아파트명":"영통e-편한세상",
            "투자타입":"일반",
            "전용면적(m2)":"105.98",
            "전용면적(평)":"32평",
            "법정동주소":"경기도 수원시 영통구 영통동 987-1",
            "도로명주소":"경기도 수원시 영통구 영통로200번길 239",
            "세대수":0,
            "입주년차":40,
            "용적률점수":"--",
            "건폐율점수":"--",
            "세대당주차수":30,
            "난방방식":100,
            "공급면적":"--",
            "전용률":"--",
            "욕실수":100,
            "현관타입":100,
            "주거총점":42.5,
            "지역구공급총점":0.0,
            "역세권":50,
            "30분내 이동가능 거점":40,
            "1시간내 이동가능 거점":80,
            "교통총점":53.0,
            "백화점":0,
            "아울렛몰":80,
            "대형마트":100,
            "은행":0,
            "병원":10,
            "종합병원":100,
            "공원":100,
            "혐오시설":0,
            "인프라총점":47.0,
            "초등학군":89.96,
            "중학군":54.0,
            "학군총점":61.192,
            "인구수":42.64,
            "인구증감":-10.11,
            "인구총점":26.815,
            "일자리":18.77,
            "소득수준":100.0,
            "일자리총점":43.139,
            "가치 총점":50.3288,
            "매매실거래년":20210917.0,
            "매매실거래가":65000.0,
            "전세실거래년":20220125.0,
            "전세실거래가":30400.0,
            "전세가율":46.77,
            "장기전세가율평균":71.38,
            "전세가율거품지수":24.61,
            "검색코드":26008,
            "세대수":230.0,
            "준공년월":"2007-08-03",
            "준공년차":16.0,
            "가까운역이름":"영통",
            "가까운역거리":694.84,
            "역세권여부":"준역세권",
            "30분이내주요거점역":2,
            "30분거점역이름":"['수원시청', '수원']",
            "1시간이내주요거점역":8,
            "1시간거점역이름":"['강남', '판교', '양재', '정자', '수원시청', '수원', '안산', '서현']",
            "3km이내백화점수":0,
            "5km이내아울렛몰수":1,
            "1km이내대형먀트수":2,
            "500m이내은행수":0,
            "500m이내병원수":2,
            "5km이내대형병원수":4,
            "500m이내공원수":5,
            "3km이내혐오시설수":0,
            "초등학교학업성취도":89.96,
            "중학교학업성취도":89.2,
            "용적률":236,
            "건폐율":21,
            "Y":37.245825,
            "X":127.0683,
            "rank":81.0,
            "area_info":"32평(105.98)",
            "last_sales":"2021-09-17,65000.0,32평(105.98)",
            "rank_history":[
                [
                    "202202",
                    81
                ],
                [
                    "202201",
                    82
                ]
            ],
            "rank_gap":1
        },
        {
            "index":592,
            "아파트명":"광교마을40단지",
            "투자타입":"일반",
            "전용면적(m2)":"101.0",
            "전용면적(평)":"30평",
            "법정동주소":"경기도 수원시 영통구 하동 1001",
            "도로명주소":"경기도 수원시 영통구 광교마을로 156",
            "세대수":100,
            "입주년차":60,
            "용적률점수":"--",
            "건폐율점수":"--",
            "세대당주차수":60,
            "난방방식":100,
            "공급면적":"--",
            "전용률":"--",
            "욕실수":100,
            "현관타입":100,
            "주거총점":86.0,
            "지역구공급총점":0.0,
            "역세권":0,
            "30분내 이동가능 거점":0,
            "1시간내 이동가능 거점":70,
            "교통총점":14.0,
            "백화점":100,
            "아울렛몰":100,
            "대형마트":0,
            "은행":0,
            "병원":0,
            "종합병원":100,
            "공원":80,
            "혐오시설":0,
            "인프라총점":62.4,
            "초등학군":89.97,
            "중학군":56.64,
            "학군총점":63.306,
            "인구수":42.64,
            "인구증감":-10.11,
            "인구총점":26.815,
            "일자리":18.77,
            "소득수준":100.0,
            "일자리총점":43.139,
            "가치 총점":50.3159,
            "매매실거래년":20211206.0,
            "매매실거래가":100500.0,
            "전세실거래년":20211229.0,
            "전세실거래가":48000.0,
            "전세가율":59.26,
            "장기전세가율평균":71.38,
            "전세가율거품지수":12.12,
            "검색코드":137233,
            "세대수":1702.0,
            "준공년월":"2013-12-12",
            "준공년차":10.0,
            "가까운역이름":"상현",
            "가까운역거리":1286.75,
            "역세권여부":"비역세권",
            "30분이내주요거점역":0,
            "30분거점역이름":"[]",
            "1시간이내주요거점역":7,
            "1시간거점역이름":"['강남', '판교', '양재', '정자', '수원시청', '수원', '서현']",
            "3km이내백화점수":1,
            "5km이내아울렛몰수":2,
            "1km이내대형먀트수":0,
            "500m이내은행수":0,
            "500m이내병원수":1,
            "5km이내대형병원수":3,
            "500m이내공원수":1,
            "3km이내혐오시설수":0,
            "초등학교학업성취도":89.97,
            "중학교학업성취도":92.8,
            "용적률":189,
            "건폐율":11,
            "Y":37.295394,
            "X":127.083606,
            "rank":82.0,
            "area_info":"30평(101.0), 34평(113.01), 40평(134.96), 40평(135.03), 47평(158.01), 48평(160.02), 53평(178.5)",
            "last_sales":"2021-12-06,100500.0,40평(134.96)",
            "rank_history":[
                [
                    "202202",
                    82
                ],
                [
                    "202201",
                    79
                ]
            ],
            "rank_gap":-3
        },
        {
            "index":624,
            "아파트명":"힐스테이트광교",
            "투자타입":"일반",
            "전용면적(m2)":"127.88",
            "전용면적(평)":"38평",
            "법정동주소":"경기도 수원시 영통구 하동 1021",
            "도로명주소":"경기도 수원시 영통구 센트럴파크로 6",
            "세대수":90,
            "입주년차":80,
            "용적률점수":"--",
            "건폐율점수":"--",
            "세대당주차수":60,
            "난방방식":100,
            "공급면적":"--",
            "전용률":"--",
            "욕실수":100,
            "현관타입":100,
            "주거총점":86.5,
            "지역구공급총점":0.0,
            "역세권":0,
            "30분내 이동가능 거점":0,
            "1시간내 이동가능 거점":70,
            "교통총점":14.0,
            "백화점":100,
            "아울렛몰":100,
            "대형마트":0,
            "은행":20,
            "병원":30,
            "종합병원":100,
            "공원":0,
            "혐오시설":-50,
            "인프라총점":64.0,
            "초등학군":89.99,
            "중학군":51.44,
            "학군총점":59.15,
            "인구수":42.64,
            "인구증감":-10.11,
            "인구총점":26.815,
            "일자리":18.77,
            "소득수준":100.0,
            "일자리총점":43.139,
            "가치 총점":50.2725,
            "매매실거래년":20211027.0,
            "매매실거래가":179000.0,
            "전세실거래년":20211016.0,
            "전세실거래가":100000.0,
            "전세가율":55.87,
            "장기전세가율평균":71.38,
            "전세가율거품지수":15.51,
            "검색코드":109525,
            "세대수":928.0,
            "준공년월":"2018-05-29",
            "준공년차":5.0,
            "가까운역이름":"광교중앙",
            "가까운역거리":1193.04,
            "역세권여부":"비역세권",
            "30분이내주요거점역":0,
            "30분거점역이름":"[]",
            "1시간이내주요거점역":7,
            "1시간거점역이름":"['강남', '판교', '양재', '정자', '수원시청', '수원', '서현']",
            "3km이내백화점수":1,
            "5km이내아울렛몰수":2,
            "1km이내대형먀트수":0,
            "500m이내은행수":2,
            "500m이내병원수":8,
            "5km이내대형병원수":4,
            "500m이내공원수":0,
            "3km이내혐오시설수":1,
            "초등학교학업성취도":89.99,
            "중학교학업성취도":83.4,
            "용적률":268,
            "건폐율":52,
            "Y":37.285637,
            "X":127.064433,
            "rank":83.0,
            "area_info":"38평(127.88), 38평(128.73), 38평(128.8), 38평(128.37), 42평(141.71), 59평(195.93), 59평(195.07), 59평(195.09), 62평(207.1)",
            "last_sales":"2021-10-27,179000.0,38평(127.88)",
            "rank_history":[
                [
                    "202202",
                    83
                ],
                [
                    "202201",
                    78
                ]
            ],
            "rank_gap":-5
        },
        {
            "index":21,
            "아파트명":"늘푸른벽산",
            "투자타입":"일반",
            "전용면적(m2)":"80.95",
            "전용면적(평)":"24평",
            "법정동주소":"경기도 수원시 영통구 망포동 488",
            "도로명주소":"경기도 수원시 영통구 영통로90번길 4-27",
            "세대수":90,
            "입주년차":20,
            "용적률점수":"--",
            "건폐율점수":"--",
            "세대당주차수":60,
            "난방방식":100,
            "공급면적":"--",
            "전용률":"--",
            "욕실수":100,
            "현관타입":100,
            "주거총점":74.5,
            "지역구공급총점":0.0,
            "역세권":50,
            "30분내 이동가능 거점":40,
            "1시간내 이동가능 거점":60,
            "교통총점":49.0,
            "백화점":0,
            "아울렛몰":0,
            "대형마트":0,
            "은행":0,
            "병원":60,
            "종합병원":100,
            "공원":100,
            "혐오시설":0,
            "인프라총점":29.0,
            "초등학군":89.97,
            "중학군":55.46,
            "학군총점":62.362,
            "인구수":42.64,
            "인구증감":-10.11,
            "인구총점":26.815,
            "일자리":18.77,
            "소득수준":100.0,
            "일자리총점":43.139,
            "가치 총점":50.1043,
            "매매실거래년":20220118.0,
            "매매실거래가":50000.0,
            "전세실거래년":20220115.0,
            "전세실거래가":22050.0,
            "전세가율":44.1,
            "장기전세가율평균":71.38,
            "전세가율거품지수":27.28,
            "검색코드":7965,
            "세대수":1380.0,
            "준공년월":"2000-11-30",
            "준공년차":23.0,
            "가까운역이름":"망포",
            "가까운역거리":723.12,
            "역세권여부":"준역세권",
            "30분이내주요거점역":2,
            "30분거점역이름":"['수원시청', '수원']",
            "1시간이내주요거점역":6,
            "1시간거점역이름":"['판교', '정자', '수원시청', '수원', '안산', '서현']",
            "3km이내백화점수":0,
            "5km이내아울렛몰수":0,
            "1km이내대형먀트수":0,
            "500m이내은행수":1,
            "500m이내병원수":26,
            "5km이내대형병원수":3,
            "500m이내공원수":10,
            "3km이내혐오시설수":0,
            "초등학교학업성취도":89.97,
            "중학교학업성취도":91.3,
            "용적률":245,
            "건폐율":18,
            "Y":37.24,
            "X":127.06106,
            "rank":84.0,
            "area_info":"24평(80.95), 33평(109.94), 44평(147.81), 51평(171.03), 75평(250.59)",
            "last_sales":"2022-01-18,50000.0,33평(109.94)",
            "rank_history":[
                [
                    "202202",
                    84
                ],
                [
                    "202201",
                    81
                ]
            ],
            "rank_gap":-3
        },
        {
            "index":0,
            "아파트명":"LG동수원자이3단지",
            "투자타입":"일반",
            "전용면적(m2)":"101.23",
            "전용면적(평)":"30평",
            "법정동주소":"경기도 수원시 영통구 망포동 698",
            "도로명주소":"경기도 수원시 영통구 영통로 111",
            "세대수":90,
            "입주년차":20,
            "용적률점수":"--",
            "건폐율점수":"--",
            "세대당주차수":60,
            "난방방식":100,
            "공급면적":"--",
            "전용률":"--",
            "욕실수":100,
            "현관타입":100,
            "주거총점":74.5,
            "지역구공급총점":0.0,
            "역세권":50,
            "30분내 이동가능 거점":40,
            "1시간내 이동가능 거점":40,
            "교통총점":45.0,
            "백화점":0,
            "아울렛몰":0,
            "대형마트":0,
            "은행":20,
            "병원":80,
            "종합병원":100,
            "공원":100,
            "혐오시설":0,
            "인프라총점":33.0,
            "초등학군":90.0,
            "중학군":55.46,
            "학군총점":62.368,
            "인구수":42.64,
            "인구증감":-10.11,
            "인구총점":26.815,
            "일자리":18.77,
            "소득수준":100.0,
            "일자리총점":43.139,
            "가치 총점":49.9052,
            "매매실거래년":20211103.0,
            "매매실거래가":82000.0,
            "전세실거래년":20220111.0,
            "전세실거래가":32500.0,
            "전세가율":50.78,
            "장기전세가율평균":71.38,
            "전세가율거품지수":20.6,
            "검색코드":3631,
            "세대수":924.0,
            "준공년월":"2003-06-27",
            "준공년차":20.0,
            "가까운역이름":"망포",
            "가까운역거리":995.08,
            "역세권여부":"준역세권",
            "30분이내주요거점역":2,
            "30분거점역이름":"['수원시청', '수원']",
            "1시간이내주요거점역":4,
            "1시간거점역이름":"['정자', '수원시청', '수원', '서현']",
            "3km이내백화점수":0,
            "5km이내아울렛몰수":0,
            "1km이내대형먀트수":0,
            "500m이내은행수":2,
            "500m이내병원수":32,
            "5km이내대형병원수":3,
            "500m이내공원수":4,
            "3km이내혐오시설수":0,
            "초등학교학업성취도":90.0,
            "중학교학업성취도":91.3,
            "용적률":232,
            "건폐율":15,
            "Y":37.23689,
            "X":127.05624,
            "rank":85.0,
            "area_info":"30평(101.23), 35평(118.75), 43평(144.85), 43평(144.97), 49평(164.69)",
            "last_sales":"2021-11-03,82000.0,49평(164.69)",
            "rank_history":[
                [
                    "202202",
                    85
                ],
                [
                    "202201",
                    86
                ]
            ],
            "rank_gap":1
        },
        {
            "index":250,
            "아파트명":"벽적골롯데",
            "투자타입":"일반",
            "전용면적(m2)":"50.57",
            "전용면적(평)":"15평",
            "법정동주소":"경기도 수원시 영통구 영통동 971-1",
            "도로명주소":"경기도 수원시 영통구 덕영대로1555번길 20",
            "세대수":90,
            "입주년차":20,
            "용적률점수":"--",
            "건폐율점수":"--",
            "세대당주차수":0,
            "난방방식":100,
            "공급면적":"--",
            "전용률":"--",
            "욕실수":50,
            "현관타입":10,
            "주거총점":51.5,
            "지역구공급총점":0.0,
            "역세권":50,
            "30분내 이동가능 거점":40,
            "1시간내 이동가능 거점":60,
            "교통총점":49.0,
            "백화점":0,
            "아울렛몰":80,
            "대형마트":0,
            "은행":70,
            "병원":60,
            "종합병원":100,
            "공원":100,
            "혐오시설":0,
            "인프라총점":44.0,
            "초등학군":89.96,
            "중학군":54.0,
            "학군총점":61.192,
            "인구수":42.64,
            "인구증감":-10.11,
            "인구총점":26.815,
            "일자리":18.77,
            "소득수준":100.0,
            "일자리총점":43.139,
            "가치 총점":49.8288,
            "매매실거래년":20211015.0,
            "매매실거래가":59700.0,
            "전세실거래년":20211216.0,
            "전세실거래가":18900.0,
            "전세가율":50.4,
            "장기전세가율평균":71.38,
            "전세가율거품지수":20.98,
            "검색코드":3638,
            "세대수":1040.0,
            "준공년월":"2002-03-30",
            "준공년차":21.0,
            "가까운역이름":"망포",
            "가까운역거리":515.6,
            "역세권여부":"준역세권",
            "30분이내주요거점역":2,
            "30분거점역이름":"['수원시청', '수원']",
            "1시간이내주요거점역":6,
            "1시간거점역이름":"['판교', '정자', '수원시청', '수원', '안산', '서현']",
            "3km이내백화점수":0,
            "5km이내아울렛몰수":1,
            "1km이내대형먀트수":0,
            "500m이내은행수":3,
            "500m이내병원수":29,
            "5km이내대형병원수":4,
            "500m이내공원수":8,
            "3km이내혐오시설수":0,
            "초등학교학업성취도":89.96,
            "중학교학업성취도":89.2,
            "용적률":193,
            "건폐율":21,
            "Y":37.247278,
            "X":127.062872,
            "rank":86.0,
            "area_info":"15평(50.57), 15평(51.92), 19평(65.88), 20평(67.64), 24평(79.46), 24평(81.58)",
            "last_sales":"2021-10-15,59700.0,24평(79.46)",
            "rank_history":[
                [
                    "202202",
                    86
                ],
                [
                    "202201",
                    56
                ]
            ],
            "rank_gap":-30
        },
        {
            "index":34,
            "아파트명":"동수원자이2차",
            "투자타입":"일반",
            "전용면적(m2)":"118.5",
            "전용면적(평)":"35평",
            "법정동주소":"경기도 수원시 영통구 망포동 690",
            "도로명주소":"경기도 수원시 영통구 태장로71번길 19",
            "세대수":80,
            "입주년차":20,
            "용적률점수":"--",
            "건폐율점수":"--",
            "세대당주차수":60,
            "난방방식":100,
            "공급면적":"--",
            "전용률":"--",
            "욕실수":100,
            "현관타입":100,
            "주거총점":71.0,
            "지역구공급총점":0.0,
            "역세권":50,
            "30분내 이동가능 거점":40,
            "1시간내 이동가능 거점":60,
            "교통총점":49.0,
            "백화점":0,
            "아울렛몰":0,
            "대형마트":0,
            "은행":20,
            "병원":60,
            "종합병원":100,
            "공원":100,
            "혐오시설":0,
            "인프라총점":31.0,
            "초등학군":89.99,
            "중학군":52.3,
            "학군총점":59.838,
            "인구수":42.64,
            "인구증감":-10.11,
            "인구총점":26.815,
            "일자리":18.77,
            "소득수준":100.0,
            "일자리총점":43.139,
            "가치 총점":49.6257,
            "매매실거래년":20220112.0,
            "매매실거래가":57000.0,
            "전세실거래년":20220125.0,
            "전세실거래가":29000.0,
            "전세가율":50.88,
            "장기전세가율평균":71.38,
            "전세가율거품지수":20.5,
            "검색코드":3630,
            "세대수":816.0,
            "준공년월":"2002-07-24",
            "준공년차":21.0,
            "가까운역이름":"망포",
            "가까운역거리":708.33,
            "역세권여부":"준역세권",
            "30분이내주요거점역":2,
            "30분거점역이름":"['수원시청', '수원']",
            "1시간이내주요거점역":6,
            "1시간거점역이름":"['판교', '정자', '수원시청', '수원', '안산', '서현']",
            "3km이내백화점수":0,
            "5km이내아울렛몰수":0,
            "1km이내대형먀트수":0,
            "500m이내은행수":2,
            "500m이내병원수":28,
            "5km이내대형병원수":4,
            "500m이내공원수":5,
            "3km이내혐오시설수":0,
            "초등학교학업성취도":89.99,
            "중학교학업성취도":86.1,
            "용적률":228,
            "건폐율":16,
            "Y":37.241073,
            "X":127.051982,
            "rank":87.0,
            "area_info":"35평(118.5), 45평(150.79), 50평(167.34), 55평(184.07)",
            "last_sales":"2022-01-12,57000.0,35평(118.5)",
            "rank_history":[
                [
                    "202202",
                    87
                ],
                [
                    "202201",
                    85
                ]
            ],
            "rank_gap":-2
        },
        {
            "index":230,
            "아파트명":"동신",
            "투자타입":"일반",
            "전용면적(m2)":"124.7",
            "전용면적(평)":"37평",
            "법정동주소":"경기도 수원시 영통구 영통동 956-2",
            "도로명주소":"경기도 수원시 영통구 영통로 460",
            "세대수":50,
            "입주년차":0,
            "용적률점수":"--",
            "건폐율점수":"--",
            "세대당주차수":60,
            "난방방식":100,
            "공급면적":"--",
            "전용률":"--",
            "욕실수":100,
            "현관타입":100,
            "주거총점":56.5,
            "지역구공급총점":0.0,
            "역세권":80,
            "30분내 이동가능 거점":0,
            "1시간내 이동가능 거점":0,
            "교통총점":40.0,
            "백화점":0,
            "아울렛몰":80,
            "대형마트":100,
            "은행":0,
            "병원":60,
            "종합병원":100,
            "공원":100,
            "혐오시설":-50,
            "인프라총점":51.0,
            "초등학군":90.0,
            "중학군":52.28,
            "학군총점":59.824,
            "인구수":42.64,
            "인구증감":-10.11,
            "인구총점":26.815,
            "일자리":18.77,
            "소득수준":100.0,
            "일자리총점":43.139,
            "가치 총점":49.5736,
            "매매실거래년":20211011.0,
            "매매실거래가":106000.0,
            "전세실거래년":20211228.0,
            "전세실거래가":42000.0,
            "전세가율":42.64,
            "장기전세가율평균":71.38,
            "전세가율거품지수":28.74,
            "검색코드":1807,
            "세대수":492.0,
            "준공년월":"1998-06-23",
            "준공년차":25.0,
            "가까운역이름":"청명",
            "가까운역거리":106.44,
            "역세권여부":"역세권",
            "30분이내주요거점역":0,
            "30분거점역이름":"[]",
            "1시간이내주요거점역":0,
            "1시간거점역이름":"[]",
            "3km이내백화점수":0,
            "5km이내아울렛몰수":1,
            "1km이내대형먀트수":3,
            "500m이내은행수":1,
            "500m이내병원수":18,
            "5km이내대형병원수":5,
            "500m이내공원수":5,
            "3km이내혐오시설수":1,
            "초등학교학업성취도":90.0,
            "중학교학업성취도":84.4,
            "용적률":217,
            "건폐율":16,
            "Y":37.259388,
            "X":127.077738,
            "rank":88.0,
            "area_info":"37평(124.7), 49평(162.71), 59평(195.66)",
            "last_sales":"2021-10-11,106000.0,49평(162.71)",
            "rank_history":[
                [
                    "202202",
                    88
                ],
                [
                    "202201",
                    20
                ]
            ],
            "rank_gap":-68
        },
        {
            "index":282,
            "아파트명":"쌍용",
            "투자타입":"일반",
            "전용면적(m2)":"81.57",
            "전용면적(평)":"24평",
            "법정동주소":"경기도 수원시 영통구 영통동 1052-2",
            "도로명주소":"경기도 수원시 영통구 봉영로1744번길 16",
            "세대수":80,
            "입주년차":0,
            "용적률점수":"--",
            "건폐율점수":"--",
            "세대당주차수":30,
            "난방방식":100,
            "공급면적":"--",
            "전용률":"--",
            "욕실수":50,
            "현관타입":100,
            "주거총점":57.5,
            "지역구공급총점":0.0,
            "역세권":50,
            "30분내 이동가능 거점":40,
            "1시간내 이동가능 거점":70,
            "교통총점":51.0,
            "백화점":0,
            "아울렛몰":80,
            "대형마트":0,
            "은행":0,
            "병원":60,
            "종합병원":100,
            "공원":100,
            "혐오시설":0,
            "인프라총점":37.0,
            "초등학군":89.97,
            "중학군":52.28,
            "학군총점":59.818,
            "인구수":42.64,
            "인구증감":-10.11,
            "인구총점":26.815,
            "일자리":18.77,
            "소득수준":100.0,
            "일자리총점":43.139,
            "가치 총점":49.4227,
            "매매실거래년":20220118.0,
            "매매실거래가":50000.0,
            "전세실거래년":20220118.0,
            "전세실거래가":30000.0,
            "전세가율":60.0,
            "장기전세가율평균":71.38,
            "전세가율거품지수":11.38,
            "검색코드":7953,
            "세대수":872.0,
            "준공년월":"1998-03-10",
            "준공년차":25.0,
            "가까운역이름":"청명",
            "가까운역거리":621.51,
            "역세권여부":"준역세권",
            "30분이내주요거점역":2,
            "30분거점역이름":"['수원시청', '수원']",
            "1시간이내주요거점역":7,
            "1시간거점역이름":"['판교', '양재', '정자', '수원시청', '수원', '안산', '서현']",
            "3km이내백화점수":0,
            "5km이내아울렛몰수":1,
            "1km이내대형먀트수":0,
            "500m이내은행수":0,
            "500m이내병원수":14,
            "5km이내대형병원수":3,
            "500m이내공원수":5,
            "3km이내혐오시설수":0,
            "초등학교학업성취도":89.97,
            "중학교학업성취도":84.4,
            "용적률":219,
            "건폐율":17,
            "Y":37.263918,
            "X":127.083218,
            "rank":89.0,
            "area_info":"24평(81.57), 24평(81.98)",
            "last_sales":"2022-01-18,50000.0,24평(81.57)",
            "rank_history":[
                [
                    "202202",
                    89
                ],
                [
                    "202201",
                    87
                ]
            ],
            "rank_gap":-2
        },
        {
            "index":386,
            "아파트명":"원천1차삼성",
            "투자타입":"재건축",
            "전용면적(m2)":"69.37",
            "전용면적(평)":"20평",
            "법정동주소":"경기도 수원시 영통구 원천동 333-3",
            "도로명주소":"경기도 수원시 영통구 삼성로268번길 8",
            "세대수":50,
            "입주년차":"--",
            "용적률점수":80,
            "건폐율점수":100,
            "세대당주차수":"--",
            "난방방식":"--",
            "공급면적":50,
            "전용률":60,
            "욕실수":"--",
            "현관타입":"--",
            "주거총점":72.5,
            "지역구공급총점":0.0,
            "역세권":0,
            "30분내 이동가능 거점":0,
            "1시간내 이동가능 거점":40,
            "교통총점":8.0,
            "백화점":100,
            "아울렛몰":80,
            "대형마트":80,
            "은행":20,
            "병원":60,
            "종합병원":100,
            "공원":80,
            "혐오시설":-50,
            "인프라총점":79.4,
            "초등학군":89.96,
            "중학군":45.12,
            "학군총점":54.088,
            "인구수":42.64,
            "인구증감":-10.11,
            "인구총점":26.815,
            "일자리":18.77,
            "소득수준":100.0,
            "일자리총점":43.139,
            "가치 총점":49.2332,
            "매매실거래년":20211018.0,
            "매매실거래가":33000.0,
            "전세실거래년":20220110.0,
            "전세실거래가":20000.0,
            "전세가율":60.61,
            "장기전세가율평균":71.38,
            "전세가율거품지수":10.77,
            "검색코드":8920,
            "세대수":684.0,
            "준공년월":"1992-12-11",
            "준공년차":31.0,
            "가까운역이름":"청명",
            "가까운역거리":1543.2,
            "역세권여부":"비역세권",
            "30분이내주요거점역":0,
            "30분거점역이름":"[]",
            "1시간이내주요거점역":4,
            "1시간거점역이름":"['정자', '수원시청', '수원', '서현']",
            "3km이내백화점수":1,
            "5km이내아울렛몰수":1,
            "1km이내대형먀트수":1,
            "500m이내은행수":2,
            "500m이내병원수":11,
            "5km이내대형병원수":4,
            "500m이내공원수":1,
            "3km이내혐오시설수":1,
            "초등학교학업성취도":89.96,
            "중학교학업성취도":74.0,
            "용적률":179,
            "건폐율":18,
            "Y":37.264822,
            "X":127.062835,
            "rank":90.0,
            "area_info":"20평(69.37)",
            "last_sales":"2021-10-18,33000.0,20평(69.37)",
            "rank_history":[
                [
                    "202202",
                    90
                ],
                [
                    "202201",
                    91
                ]
            ],
            "rank_gap":1
        },
        {
            "index":116,
            "아파트명":"매탄레이크파크",
            "투자타입":"일반",
            "전용면적(m2)":"73.39",
            "전용면적(평)":"22평",
            "법정동주소":"경기도 수원시 영통구 매탄동 1230",
            "도로명주소":"경기도 수원시 영통구 매영로 132",
            "세대수":80,
            "입주년차":20,
            "용적률점수":"--",
            "건폐율점수":"--",
            "세대당주차수":30,
            "난방방식":100,
            "공급면적":"--",
            "전용률":"--",
            "욕실수":50,
            "현관타입":10,
            "주거총점":52.5,
            "지역구공급총점":0.0,
            "역세권":0,
            "30분내 이동가능 거점":20,
            "1시간내 이동가능 거점":50,
            "교통총점":16.0,
            "백화점":100,
            "아울렛몰":80,
            "대형마트":80,
            "은행":20,
            "병원":60,
            "종합병원":100,
            "공원":100,
            "혐오시설":0,
            "인프라총점":81.0,
            "초등학군":89.97,
            "중학군":45.12,
            "학군총점":54.09,
            "인구수":42.64,
            "인구증감":-10.11,
            "인구총점":26.815,
            "일자리":18.77,
            "소득수준":100.0,
            "일자리총점":43.139,
            "가치 총점":48.5135,
            "매매실거래년":20211221.0,
            "매매실거래가":48500.0,
            "전세실거래년":20220115.0,
            "전세실거래가":14700.0,
            "전세가율":42.0,
            "장기전세가율평균":71.38,
            "전세가율거품지수":29.38,
            "검색코드":9101,
            "세대수":702.0,
            "준공년월":"1999-08-10",
            "준공년차":24.0,
            "가까운역이름":"매탄권선",
            "가까운역거리":2057.16,
            "역세권여부":"비역세권",
            "30분이내주요거점역":1,
            "30분거점역이름":"['수원시청']",
            "1시간이내주요거점역":5,
            "1시간거점역이름":"['판교', '정자', '수원시청', '수원', '서현']",
            "3km이내백화점수":1,
            "5km이내아울렛몰수":1,
            "1km이내대형먀트수":1,
            "500m이내은행수":2,
            "500m이내병원수":21,
            "5km이내대형병원수":4,
            "500m이내공원수":5,
            "3km이내혐오시설수":0,
            "초등학교학업성취도":89.97,
            "중학교학업성취도":74.0,
            "용적률":222,
            "건폐율":17,
            "Y":37.266436,
            "X":127.056219,
            "rank":91.0,
            "area_info":"22평(73.39), 24평(82.59), 24평(82.62)",
            "last_sales":"2021-12-21,48500.0,24평(82.59)",
            "rank_history":[
                [
                    "202202",
                    91
                ],
                [
                    "202201",
                    89
                ]
            ],
            "rank_gap":-2
        },
        {
            "index":179,
            "아파트명":"주공그린빌2단지",
            "투자타입":"일반",
            "전용면적(m2)":"85.41",
            "전용면적(평)":"25평",
            "법정동주소":"경기도 수원시 영통구 매탄동 1260",
            "도로명주소":"경기도 수원시 영통구 매탄로126번길 66",
            "세대수":50,
            "입주년차":20,
            "용적률점수":"--",
            "건폐율점수":"--",
            "세대당주차수":30,
            "난방방식":100,
            "공급면적":"--",
            "전용률":"--",
            "욕실수":50,
            "현관타입":100,
            "주거총점":51.0,
            "지역구공급총점":0.0,
            "역세권":0,
            "30분내 이동가능 거점":20,
            "1시간내 이동가능 거점":60,
            "교통총점":18.0,
            "백화점":100,
            "아울렛몰":100,
            "대형마트":0,
            "은행":70,
            "병원":60,
            "종합병원":100,
            "공원":100,
            "혐오시설":0,
            "인프라총점":76.0,
            "초등학군":90.0,
            "중학군":54.1,
            "학군총점":61.28,
            "인구수":42.64,
            "인구증감":-10.11,
            "인구총점":26.815,
            "일자리":18.77,
            "소득수준":100.0,
            "일자리총점":43.139,
            "가치 총점":48.492,
            "매매실거래년":20211216.0,
            "매매실거래가":54000.0,
            "전세실거래년":20110822.0,
            "전세실거래가":15000.0,
            "전세가율":60.0,
            "장기전세가율평균":71.38,
            "전세가율거품지수":11.38,
            "검색코드":3634,
            "세대수":568.0,
            "준공년월":"2002-01-19",
            "준공년차":21.0,
            "가까운역이름":"매탄권선",
            "가까운역거리":1015.27,
            "역세권여부":"비역세권",
            "30분이내주요거점역":1,
            "30분거점역이름":"['수원시청']",
            "1시간이내주요거점역":6,
            "1시간거점역이름":"['판교', '정자', '수원시청', '수원', '안산', '서현']",
            "3km이내백화점수":1,
            "5km이내아울렛몰수":2,
            "1km이내대형먀트수":0,
            "500m이내은행수":3,
            "500m이내병원수":24,
            "5km이내대형병원수":3,
            "500m이내공원수":7,
            "3km이내혐오시설수":0,
            "초등학교학업성취도":90.0,
            "중학교학업성취도":89.5,
            "용적률":216,
            "건폐율":19,
            "Y":37.260405,
            "X":127.046836,
            "rank":92.0,
            "area_info":"25평(85.41), 29평(97.58), 32평(108.5)",
            "last_sales":"2021-12-16,54000.0,32평(108.5)",
            "rank_history":[
                [
                    "202202",
                    92
                ],
                [
                    "202201",
                    90
                ]
            ],
            "rank_gap":-2
        },
        {
            "index":199,
            "아파트명":"한국2차",
            "투자타입":"일반",
            "전용면적(m2)":"85.65",
            "전용면적(평)":"25평",
            "법정동주소":"경기도 수원시 영통구 매탄동 1217",
            "도로명주소":"경기도 수원시 영통구 매영로 84",
            "세대수":80,
            "입주년차":0,
            "용적률점수":"--",
            "건폐율점수":"--",
            "세대당주차수":0,
            "난방방식":30,
            "공급면적":"--",
            "전용률":"--",
            "욕실수":50,
            "현관타입":100,
            "주거총점":46.0,
            "지역구공급총점":0.0,
            "역세권":0,
            "30분내 이동가능 거점":20,
            "1시간내 이동가능 거점":50,
            "교통총점":16.0,
            "백화점":100,
            "아울렛몰":100,
            "대형마트":80,
            "은행":0,
            "병원":60,
            "종합병원":100,
            "공원":100,
            "혐오시설":0,
            "인프라총점":81.0,
            "초등학군":89.97,
            "중학군":52.46,
            "학군총점":59.962,
            "인구수":42.64,
            "인구증감":-10.11,
            "인구총점":26.815,
            "일자리":18.77,
            "소득수준":100.0,
            "일자리총점":43.139,
            "가치 총점":48.0943,
            "매매실거래년":20211224.0,
            "매매실거래가":50000.0,
            "전세실거래년":20220120.0,
            "전세실거래가":18375.0,
            "전세가율":36.75,
            "장기전세가율평균":71.38,
            "전세가율거품지수":34.63,
            "검색코드":1794,
            "세대수":768.0,
            "준공년월":"1993-10-29",
            "준공년차":30.0,
            "가까운역이름":"매탄권선",
            "가까운역거리":1895.23,
            "역세권여부":"비역세권",
            "30분이내주요거점역":1,
            "30분거점역이름":"['수원시청']",
            "1시간이내주요거점역":5,
            "1시간거점역이름":"['판교', '정자', '수원시청', '수원', '서현']",
            "3km이내백화점수":1,
            "5km이내아울렛몰수":2,
            "1km이내대형먀트수":1,
            "500m이내은행수":0,
            "500m이내병원수":11,
            "5km이내대형병원수":3,
            "500m이내공원수":7,
            "3km이내혐오시설수":0,
            "초등학교학업성취도":89.97,
            "중학교학업성취도":84.1,
            "용적률":128,
            "건폐율":23,
            "Y":37.267417,
            "X":127.051494,
            "rank":93.0,
            "area_info":"25평(85.65)",
            "last_sales":"2021-12-24,50000.0,25평(85.65)",
            "rank_history":[
                [
                    "202202",
                    93
                ],
                [
                    "202201",
                    100
                ]
            ],
            "rank_gap":7
        },
        {
            "index":387,
            "아파트명":"원천레이크파크",
            "투자타입":"일반",
            "전용면적(m2)":"70.91",
            "전용면적(평)":"21평",
            "법정동주소":"경기도 수원시 영통구 원천동 548",
            "도로명주소":"경기도 수원시 영통구 중부대로448번길 28",
            "세대수":100,
            "입주년차":20,
            "용적률점수":"--",
            "건폐율점수":"--",
            "세대당주차수":30,
            "난방방식":100,
            "공급면적":"--",
            "전용률":"--",
            "욕실수":50,
            "현관타입":10,
            "주거총점":59.5,
            "지역구공급총점":0.0,
            "역세권":0,
            "30분내 이동가능 거점":20,
            "1시간내 이동가능 거점":40,
            "교통총점":14.0,
            "백화점":100,
            "아울렛몰":80,
            "대형마트":80,
            "은행":0,
            "병원":60,
            "종합병원":100,
            "공원":100,
            "혐오시설":0,
            "인프라총점":79.0,
            "초등학군":89.96,
            "중학군":37.78,
            "학군총점":48.216,
            "인구수":42.64,
            "인구증감":-10.11,
            "인구총점":26.815,
            "일자리":18.77,
            "소득수준":100.0,
            "일자리총점":43.139,
            "가치 총점":47.7324,
            "매매실거래년":20211216.0,
            "매매실거래가":49000.0,
            "전세실거래년":20220118.0,
            "전세실거래가":15750.0,
            "전세가율":32.14,
            "장기전세가율평균":71.38,
            "전세가율거품지수":39.24,
            "검색코드":9075,
            "세대수":1835.0,
            "준공년월":"1999-09-18",
            "준공년차":24.0,
            "가까운역이름":"청명",
            "가까운역거리":1898.74,
            "역세권여부":"비역세권",
            "30분이내주요거점역":1,
            "30분거점역이름":"['수원시청']",
            "1시간이내주요거점역":4,
            "1시간거점역이름":"['정자', '수원시청', '수원', '서현']",
            "3km이내백화점수":1,
            "5km이내아울렛몰수":1,
            "1km이내대형먀트수":1,
            "500m이내은행수":1,
            "500m이내병원수":14,
            "5km이내대형병원수":4,
            "500m이내공원수":3,
            "3km이내혐오시설수":0,
            "초등학교학업성취도":89.96,
            "중학교학업성취도":62.5,
            "용적률":221,
            "건폐율":17,
            "Y":37.268717,
            "X":127.060881,
            "rank":94.0,
            "area_info":"21평(70.91), 23평(76.8), 23평(77.33), 24평(80.33), 24평(80.79), 32평(107.24)",
            "last_sales":"2021-12-16,49000.0,21평(70.91)",
            "rank_history":[
                [
                    "202202",
                    94
                ],
                [
                    "202201",
                    95
                ]
            ],
            "rank_gap":1
        },
        {
            "index":144,
            "아파트명":"선우장미(111-165)",
            "투자타입":"재건축",
            "전용면적(m2)":"94.29",
            "전용면적(평)":"28평",
            "법정동주소":"경기도 수원시 영통구 매탄동 111-165",
            "도로명주소":"경기도 수원시 영통구 산남로 74",
            "세대수":0,
            "입주년차":"--",
            "용적률점수":100,
            "건폐율점수":40,
            "세대당주차수":"--",
            "난방방식":"--",
            "공급면적":70,
            "전용률":60,
            "욕실수":"--",
            "현관타입":"--",
            "주거총점":54.5,
            "지역구공급총점":0.0,
            "역세권":0,
            "30분내 이동가능 거점":0,
            "1시간내 이동가능 거점":50,
            "교통총점":10.0,
            "백화점":100,
            "아울렛몰":100,
            "대형마트":80,
            "은행":0,
            "병원":60,
            "종합병원":100,
            "공원":100,
            "혐오시설":0,
            "인프라총점":81.0,
            "초등학군":90.0,
            "중학군":52.46,
            "학군총점":59.968,
            "인구수":42.64,
            "인구증감":-10.11,
            "인구총점":26.815,
            "일자리":18.77,
            "소득수준":100.0,
            "일자리총점":43.139,
            "가치 총점":47.6952,
            "매매실거래년":"18000101",
            "매매실거래가":null,
            "전세실거래년":null,
            "전세실거래가":null,
            "전세가율":null,
            "장기전세가율평균":71.38,
            "전세가율거품지수":null,
            "검색코드":14795,
            "세대수":136.0,
            "준공년월":"1991-12-28",
            "준공년차":32.0,
            "가까운역이름":"수원시청",
            "가까운역거리":1919.86,
            "역세권여부":"비역세권",
            "30분이내주요거점역":0,
            "30분거점역이름":"[]",
            "1시간이내주요거점역":5,
            "1시간거점역이름":"['판교', '정자', '수원시청', '평촌', '수원']",
            "3km이내백화점수":1,
            "5km이내아울렛몰수":2,
            "1km이내대형먀트수":1,
            "500m이내은행수":0,
            "500m이내병원수":28,
            "5km이내대형병원수":3,
            "500m이내공원수":6,
            "3km이내혐오시설수":0,
            "초등학교학업성취도":90.0,
            "중학교학업성취도":84.1,
            "용적률":133,
            "건폐율":36,
            "Y":37.26982,
            "X":127.050021,
            "rank":95.0,
            "area_info":"28평(94.29), 29평(98.23), 30평(101.63), 31평(105.12)",
            "last_sales":"1800-01-01,nan,28평(94.29)",
            "rank_history":[
                [
                    "202202",
                    95
                ],
                [
                    "202201",
                    92
                ]
            ],
            "rank_gap":-3
        },
        {
            "index":54,
            "아파트명":"방죽마을영통뜨란채",
            "투자타입":"일반",
            "전용면적(m2)":"111.29",
            "전용면적(평)":"33평",
            "법정동주소":"경기도 수원시 영통구 망포동 707",
            "도로명주소":"경기도 수원시 영통구 영통로200번길 156",
            "세대수":50,
            "입주년차":40,
            "용적률점수":"--",
            "건폐율점수":"--",
            "세대당주차수":30,
            "난방방식":100,
            "공급면적":"--",
            "전용률":"--",
            "욕실수":100,
            "현관타입":100,
            "주거총점":60.0,
            "지역구공급총점":0.0,
            "역세권":50,
            "30분내 이동가능 거점":40,
            "1시간내 이동가능 거점":60,
            "교통총점":49.0,
            "백화점":0,
            "아울렛몰":80,
            "대형마트":0,
            "은행":0,
            "병원":0,
            "종합병원":100,
            "공원":100,
            "혐오시설":0,
            "인프라총점":31.0,
            "초등학군":89.97,
            "중학군":54.0,
            "학군총점":61.194,
            "인구수":42.64,
            "인구증감":-10.11,
            "인구총점":26.815,
            "일자리":18.77,
            "소득수준":100.0,
            "일자리총점":43.139,
            "가치 총점":47.6291,
            "매매실거래년":20220104.0,
            "매매실거래가":60000.0,
            "전세실거래년":20220115.0,
            "전세실거래가":33600.0,
            "전세가율":60.0,
            "장기전세가율평균":71.38,
            "전세가율거품지수":11.38,
            "검색코드":11236,
            "세대수":699.0,
            "준공년월":"2005-09-21",
            "준공년차":18.0,
            "가까운역이름":"망포",
            "가까운역거리":767.56,
            "역세권여부":"준역세권",
            "30분이내주요거점역":2,
            "30분거점역이름":"['수원시청', '수원']",
            "1시간이내주요거점역":6,
            "1시간거점역이름":"['판교', '정자', '수원시청', '수원', '안산', '서현']",
            "3km이내백화점수":0,
            "5km이내아울렛몰수":1,
            "1km이내대형먀트수":0,
            "500m이내은행수":1,
            "500m이내병원수":1,
            "5km이내대형병원수":3,
            "500m이내공원수":9,
            "3km이내혐오시설수":0,
            "초등학교학업성취도":89.97,
            "중학교학업성취도":89.2,
            "용적률":223,
            "건폐율":12,
            "Y":37.243098,
            "X":127.065335,
            "rank":96.0,
            "area_info":"33평(111.29), 33평(111.35)",
            "last_sales":"2022-01-04,60000.0,33평(111.35)",
            "rank_history":[
                [
                    "202202",
                    96
                ],
                [
                    "202201",
                    93
                ]
            ],
            "rank_gap":-3
        },
        {
            "index":233,
            "아파트명":"벽산,풍림",
            "투자타입":"일반",
            "전용면적(m2)":"109.31",
            "전용면적(평)":"33평",
            "법정동주소":"경기도 수원시 영통구 영통동 1053-2",
            "도로명주소":"경기도 수원시 영통구 봉영로1744번길 11",
            "세대수":90,
            "입주년차":0,
            "용적률점수":"--",
            "건폐율점수":"--",
            "세대당주차수":30,
            "난방방식":100,
            "공급면적":"--",
            "전용률":"--",
            "욕실수":100,
            "현관타입":100,
            "주거총점":66.0,
            "지역구공급총점":0.0,
            "역세권":50,
            "30분내 이동가능 거점":20,
            "1시간내 이동가능 거점":50,
            "교통총점":41.0,
            "백화점":0,
            "아울렛몰":80,
            "대형마트":0,
            "은행":0,
            "병원":60,
            "종합병원":100,
            "공원":100,
            "혐오시설":0,
            "인프라총점":37.0,
            "초등학군":89.97,
            "중학군":52.28,
            "학군총점":59.818,
            "인구수":42.64,
            "인구증감":-10.11,
            "인구총점":26.815,
            "일자리":18.77,
            "소득수준":100.0,
            "일자리총점":43.139,
            "가치 총점":47.6227,
            "매매실거래년":20211230.0,
            "매매실거래가":67000.0,
            "전세실거래년":20220114.0,
            "전세실거래가":33600.0,
            "전세가율":50.15,
            "장기전세가율평균":71.38,
            "전세가율거품지수":21.23,
            "검색코드":10685,
            "세대수":928.0,
            "준공년월":"1997-12-12",
            "준공년차":26.0,
            "가까운역이름":"청명",
            "가까운역거리":880.69,
            "역세권여부":"준역세권",
            "30분이내주요거점역":1,
            "30분거점역이름":"['수원']",
            "1시간이내주요거점역":5,
            "1시간거점역이름":"['판교', '정자', '수원시청', '수원', '서현']",
            "3km이내백화점수":0,
            "5km이내아울렛몰수":1,
            "1km이내대형먀트수":0,
            "500m이내은행수":0,
            "500m이내병원수":13,
            "5km이내대형병원수":3,
            "500m이내공원수":5,
            "3km이내혐오시설수":0,
            "초등학교학업성취도":89.97,
            "중학교학업성취도":84.4,
            "용적률":220,
            "건폐율":18,
            "Y":37.266454,
            "X":127.083672,
            "rank":97.0,
            "area_info":"33평(109.31), 33평(109.14)",
            "last_sales":"2021-12-30,67000.0,33평(109.14)",
            "rank_history":[
                [
                    "202202",
                    97
                ],
                [
                    "202201",
                    97
                ]
            ],
            "rank_gap":0
        },
        {
            "index":603,
            "아파트명":"광교호반마을21단지",
            "투자타입":"일반",
            "전용면적(m2)":"82.2",
            "전용면적(평)":"24평",
            "법정동주소":"경기도 수원시 영통구 하동 1032",
            "도로명주소":"경기도 수원시 영통구 광교호수로152번길 80",
            "세대수":30,
            "입주년차":80,
            "용적률점수":"--",
            "건폐율점수":"--",
            "세대당주차수":30,
            "난방방식":100,
            "공급면적":"--",
            "전용률":"--",
            "욕실수":100,
            "현관타입":100,
            "주거총점":61.0,
            "지역구공급총점":0.0,
            "역세권":0,
            "30분내 이동가능 거점":0,
            "1시간내 이동가능 거점":40,
            "교통총점":8.0,
            "백화점":100,
            "아울렛몰":100,
            "대형마트":100,
            "은행":20,
            "병원":0,
            "종합병원":100,
            "공원":80,
            "혐오시설":-50,
            "인프라총점":78.4,
            "초등학군":89.96,
            "중학군":53.32,
            "학군총점":60.648,
            "인구수":42.64,
            "인구증감":-10.11,
            "인구총점":26.815,
            "일자리":18.77,
            "소득수준":100.0,
            "일자리총점":43.139,
            "가치 총점":47.6172,
            "매매실거래년":20211016.0,
            "매매실거래가":83500.0,
            "전세실거래년":20210708.0,
            "전세실거래가":44000.0,
            "전세가율":52.69,
            "장기전세가율평균":71.38,
            "전세가율거품지수":18.69,
            "검색코드":135549,
            "세대수":394.0,
            "준공년월":"2014-01-24",
            "준공년차":9.0,
            "가까운역이름":"광교중앙",
            "가까운역거리":1912.38,
            "역세권여부":"비역세권",
            "30분이내주요거점역":0,
            "30분거점역이름":"[]",
            "1시간이내주요거점역":4,
            "1시간거점역이름":"['판교', '정자', '수원시청', '수원']",
            "3km이내백화점수":1,
            "5km이내아울렛몰수":2,
            "1km이내대형먀트수":2,
            "500m이내은행수":2,
            "500m이내병원수":0,
            "5km이내대형병원수":4,
            "500m이내공원수":1,
            "3km이내혐오시설수":1,
            "초등학교학업성취도":89.96,
            "중학교학업성취도":86.4,
            "용적률":152,
            "건폐율":14,
            "Y":37.277521,
            "X":127.067993,
            "rank":98.0,
            "area_info":"24평(82.2), 24평(82.46), 24평(82.42), 31평(102.91), 35평(116.42), 35평(116.95), 35평(116.73)",
            "last_sales":"2021-10-16,83500.0,24평(82.2)",
            "rank_history":[
                [
                    "202202",
                    98
                ],
                [
                    "202201",
                    96
                ]
            ],
            "rank_gap":-2
        },
        {
            "index":43,
            "아파트명":"망포마을현대아이파크2차",
            "투자타입":"일반",
            "전용면적(m2)":"114.12",
            "전용면적(평)":"34평",
            "법정동주소":"경기도 수원시 영통구 망포동 683",
            "도로명주소":"경기도 수원시 영통구 태장로 45",
            "세대수":50,
            "입주년차":20,
            "용적률점수":"--",
            "건폐율점수":"--",
            "세대당주차수":60,
            "난방방식":100,
            "공급면적":"--",
            "전용률":"--",
            "욕실수":100,
            "현관타입":100,
            "주거총점":60.5,
            "지역구공급총점":0.0,
            "역세권":50,
            "30분내 이동가능 거점":40,
            "1시간내 이동가능 거점":60,
            "교통총점":49.0,
            "백화점":0,
            "아울렛몰":0,
            "대형마트":0,
            "은행":20,
            "병원":60,
            "종합병원":100,
            "공원":100,
            "혐오시설":0,
            "인프라총점":31.0,
            "초등학군":90.0,
            "중학군":52.3,
            "학군총점":59.84,
            "인구수":42.64,
            "인구증감":-10.11,
            "인구총점":26.815,
            "일자리":18.77,
            "소득수준":100.0,
            "일자리총점":43.139,
            "가치 총점":47.526,
            "매매실거래년":20211215.0,
            "매매실거래가":58000.0,
            "전세실거래년":20211213.0,
            "전세실거래가":30400.0,
            "전세가율":52.41,
            "장기전세가율평균":71.38,
            "전세가율거품지수":18.97,
            "검색코드":3629,
            "세대수":489.0,
            "준공년월":"2002-10-31",
            "준공년차":21.0,
            "가까운역이름":"망포",
            "가까운역거리":822.82,
            "역세권여부":"준역세권",
            "30분이내주요거점역":2,
            "30분거점역이름":"['수원시청', '수원']",
            "1시간이내주요거점역":6,
            "1시간거점역이름":"['판교', '정자', '수원시청', '수원', '안산', '서현']",
            "3km이내백화점수":0,
            "5km이내아울렛몰수":0,
            "1km이내대형먀트수":0,
            "500m이내은행수":2,
            "500m이내병원수":29,
            "5km이내대형병원수":4,
            "500m이내공원수":5,
            "3km이내혐오시설수":0,
            "초등학교학업성취도":90.0,
            "중학교학업성취도":86.1,
            "용적률":220,
            "건폐율":16,
            "Y":37.240238,
            "X":127.051215,
            "rank":99.0,
            "area_info":"34평(114.12), 39평(129.94), 50평(165.9), 61평(202.86)",
            "last_sales":"2021-12-15,58000.0,34평(114.12)",
            "rank_history":[
                [
                    "202202",
                    99
                ],
                [
                    "202201",
                    94
                ]
            ],
            "rank_gap":-5
        },
        {
            "index":326,
            "아파트명":"광교더샵",
            "투자타입":"일반",
            "전용면적(m2)":"113.27",
            "전용면적(평)":"34평",
            "법정동주소":"경기도 수원시 영통구 원천동 604",
            "도로명주소":"경기도 수원시 영통구 광교호수로 15",
            "세대수":50,
            "입주년차":80,
            "용적률점수":"--",
            "건폐율점수":"--",
            "세대당주차수":60,
            "난방방식":100,
            "공급면적":"--",
            "전용률":"--",
            "욕실수":100,
            "현관타입":100,
            "주거총점":72.5,
            "지역구공급총점":0.0,
            "역세권":0,
            "30분내 이동가능 거점":0,
            "1시간내 이동가능 거점":40,
            "교통총점":8.0,
            "백화점":100,
            "아울렛몰":100,
            "대형마트":80,
            "은행":0,
            "병원":10,
            "종합병원":100,
            "공원":100,
            "혐오시설":0,
            "인프라총점":76.0,
            "초등학군":89.96,
            "중학군":37.78,
            "학군총점":48.216,
            "인구수":42.64,
            "인구증감":-10.11,
            "인구총점":26.815,
            "일자리":18.77,
            "소득수준":100.0,
            "일자리총점":43.139,
            "가치 총점":47.3324,
            "매매실거래년":20211222.0,
            "매매실거래가":133000.0,
            "전세실거래년":20210116.0,
            "전세실거래가":37800.0,
            "전세가율":28.42,
            "장기전세가율평균":71.38,
            "전세가율거품지수":42.96,
            "검색코드":110726,
            "세대수":686.0,
            "준공년월":"2018-08-01",
            "준공년차":5.0,
            "가까운역이름":"청명",
            "가까운역거리":2032.65,
            "역세권여부":"비역세권",
            "30분이내주요거점역":0,
            "30분거점역이름":"[]",
            "1시간이내주요거점역":4,
            "1시간거점역이름":"['정자', '수원시청', '수원', '서현']",
            "3km이내백화점수":1,
            "5km이내아울렛몰수":2,
            "1km이내대형먀트수":1,
            "500m이내은행수":0,
            "500m이내병원수":2,
            "5km이내대형병원수":4,
            "500m이내공원수":3,
            "3km이내혐오시설수":0,
            "초등학교학업성취도":89.96,
            "중학교학업성취도":62.5,
            "용적률":399,
            "건폐율":16,
            "Y":37.271709,
            "X":127.061851,
            "rank":100.0,
            "area_info":"34평(113.27), 34평(114.39), 37평(122.73), 37평(122.73), 37평(123.4), 37평(123.66), 37평(124.08), 37평(124.56), 37평(124.56)",
            "last_sales":"2021-12-22,133000.0,34평(113.27)",
            "rank_history":[
                [
                    "202202",
                    100
                ],
                [
                    "202201",
                    98
                ]
            ],
            "rank_gap":-2
        },
        {
            "index":140,
            "아파트명":"삼성2차",
            "투자타입":"재건축",
            "전용면적(m2)":"76.24",
            "전용면적(평)":"23평",
            "법정동주소":"경기도 수원시 영통구 매탄동 810",
            "도로명주소":"경기도 수원시 영통구 매영로 10",
            "세대수":50,
            "입주년차":"--",
            "용적률점수":0,
            "건폐율점수":80,
            "세대당주차수":"--",
            "난방방식":"--",
            "공급면적":50,
            "전용률":60,
            "욕실수":"--",
            "현관타입":"--",
            "주거총점":36.5,
            "지역구공급총점":0.0,
            "역세권":0,
            "30분내 이동가능 거점":20,
            "1시간내 이동가능 거점":60,
            "교통총점":18.0,
            "백화점":100,
            "아울렛몰":100,
            "대형마트":100,
            "은행":0,
            "병원":60,
            "종합병원":100,
            "공원":100,
            "혐오시설":0,
            "인프라총점":84.0,
            "초등학군":89.98,
            "중학군":46.82,
            "학군총점":55.452,
            "인구수":42.64,
            "인구증감":-10.11,
            "인구총점":26.815,
            "일자리":18.77,
            "소득수준":100.0,
            "일자리총점":43.139,
            "가치 총점":47.1178,
            "매매실거래년":20211030.0,
            "매매실거래가":58800.0,
            "전세실거래년":20220107.0,
            "전세실거래가":20000.0,
            "전세가율":62.7,
            "장기전세가율평균":71.38,
            "전세가율거품지수":8.68,
            "검색코드":1785,
            "세대수":624.0,
            "준공년월":"1989-07-25",
            "준공년차":34.0,
            "가까운역이름":"수원시청",
            "가까운역거리":1403.0,
            "역세권여부":"비역세권",
            "30분이내주요거점역":1,
            "30분거점역이름":"['수원시청']",
            "1시간이내주요거점역":6,
            "1시간거점역이름":"['강남', '판교', '양재', '정자', '수원시청', '수원']",
            "3km이내백화점수":1,
            "5km이내아울렛몰수":2,
            "1km이내대형먀트수":3,
            "500m이내은행수":1,
            "500m이내병원수":16,
            "5km이내대형병원수":4,
            "500m이내공원수":5,
            "3km이내혐오시설수":0,
            "초등학교학업성취도":89.98,
            "중학교학업성취도":77.5,
            "용적률":228,
            "건폐율":22,
            "Y":37.269434,
            "X":127.043464,
            "rank":101.0,
            "area_info":"23평(76.24), 28평(93.66), 31평(105.37), 31평(105.34)",
            "last_sales":"2021-10-30,58800.0,31평(105.37)",
            "rank_history":[
                [
                    "202202",
                    101
                ],
                [
                    "202201",
                    99
                ]
            ],
            "rank_gap":-2
        },
        {
            "index":585,
            "아파트명":"광교레이크파크한양수자인",
            "투자타입":"일반",
            "전용면적(m2)":"112.39",
            "전용면적(평)":"33평",
            "법정동주소":"경기도 수원시 영통구 하동 1027",
            "도로명주소":"경기도 수원시 영통구 광교호수로152번길 23",
            "세대수":50,
            "입주년차":60,
            "용적률점수":"--",
            "건폐율점수":"--",
            "세대당주차수":60,
            "난방방식":100,
            "공급면적":"--",
            "전용률":"--",
            "욕실수":100,
            "현관타입":100,
            "주거총점":68.5,
            "지역구공급총점":0.0,
            "역세권":0,
            "30분내 이동가능 거점":0,
            "1시간내 이동가능 거점":40,
            "교통총점":8.0,
            "백화점":100,
            "아울렛몰":100,
            "대형마트":80,
            "은행":0,
            "병원":0,
            "종합병원":100,
            "공원":0,
            "혐오시설":-50,
            "인프라총점":71.0,
            "초등학군":89.99,
            "중학군":53.32,
            "학군총점":60.654,
            "인구수":42.64,
            "인구증감":-10.11,
            "인구총점":26.815,
            "일자리":18.77,
            "소득수준":100.0,
            "일자리총점":43.139,
            "가치 총점":46.8981,
            "매매실거래년":20211105.0,
            "매매실거래가":89750.0,
            "전세실거래년":20220126.0,
            "전세실거래가":50000.0,
            "전세가율":51.81,
            "장기전세가율평균":71.38,
            "전세가율거품지수":19.57,
            "검색코드":102605,
            "세대수":453.0,
            "준공년월":"2012-07-13",
            "준공년차":11.0,
            "가까운역이름":"상현",
            "가까운역거리":1868.41,
            "역세권여부":"비역세권",
            "30분이내주요거점역":0,
            "30분거점역이름":"[]",
            "1시간이내주요거점역":4,
            "1시간거점역이름":"['판교', '정자', '수원시청', '수원']",
            "3km이내백화점수":1,
            "5km이내아울렛몰수":2,
            "1km이내대형먀트수":1,
            "500m이내은행수":0,
            "500m이내병원수":0,
            "5km이내대형병원수":4,
            "500m이내공원수":0,
            "3km이내혐오시설수":1,
            "초등학교학업성취도":89.99,
            "중학교학업성취도":86.4,
            "용적률":174,
            "건폐율":10,
            "Y":37.280947,
            "X":127.071476,
            "rank":102.0,
            "area_info":"33평(112.39), 34평(112.6), 33평(112.32), 33평(112.32), 33평(112.08), 33평(112.39), 35평(116.85)",
            "last_sales":"2021-11-05,89750.0,33평(112.32)",
            "rank_history":[
                [
                    "202202",
                    102
                ],
                [
                    "202201",
                    101
                ]
            ],
            "rank_gap":-1
        },
        {
            "index":5,
            "아파트명":"e편한세상영통2차1단지",
            "투자타입":"일반",
            "전용면적(m2)":"80.88",
            "전용면적(평)":"24평",
            "법정동주소":"경기도 수원시 영통구 망포동 726",
            "도로명주소":"경기도 수원시 영통구 봉영로 1410-17",
            "세대수":30,
            "입주년차":80,
            "용적률점수":"--",
            "건폐율점수":"--",
            "세대당주차수":30,
            "난방방식":100,
            "공급면적":"--",
            "전용률":"--",
            "욕실수":100,
            "현관타입":100,
            "주거총점":61.0,
            "지역구공급총점":0.0,
            "역세권":50,
            "30분내 이동가능 거점":40,
            "1시간내 이동가능 거점":60,
            "교통총점":49.0,
            "백화점":0,
            "아울렛몰":0,
            "대형마트":0,
            "은행":0,
            "병원":30,
            "종합병원":100,
            "공원":100,
            "혐오시설":0,
            "인프라총점":26.0,
            "초등학군":89.97,
            "중학군":55.46,
            "학군총점":62.362,
            "인구수":42.64,
            "인구증감":-10.11,
            "인구총점":26.815,
            "일자리":18.77,
            "소득수준":100.0,
            "일자리총점":43.139,
            "가치 총점":46.5043,
            "매매실거래년":20211119.0,
            "매매실거래가":70500.0,
            "전세실거래년":20211219.0,
            "전세실거래가":30450.0,
            "전세가율":47.95,
            "장기전세가율평균":71.38,
            "전세가율거품지수":23.43,
            "검색코드":109249,
            "세대수":392.0,
            "준공년월":"2016-12-13",
            "준공년차":7.0,
            "가까운역이름":"망포",
            "가까운역거리":852.64,
            "역세권여부":"준역세권",
            "30분이내주요거점역":2,
            "30분거점역이름":"['수원시청', '수원']",
            "1시간이내주요거점역":6,
            "1시간거점역이름":"['판교', '정자', '수원시청', '수원', '안산', '서현']",
            "3km이내백화점수":0,
            "5km이내아울렛몰수":0,
            "1km이내대형먀트수":0,
            "500m이내은행수":0,
            "500m이내병원수":5,
            "5km이내대형병원수":3,
            "500m이내공원수":8,
            "3km이내혐오시설수":0,
            "초등학교학업성취도":89.97,
            "중학교학업성취도":91.3,
            "용적률":208,
            "건폐율":24,
            "Y":37.240565,
            "X":127.064397,
            "rank":103.0,
            "area_info":"24평(80.88), 24평(80.66), 28평(95.13)",
            "last_sales":"2021-11-19,70500.0,28평(95.13)",
            "rank_history":[
                [
                    "202202",
                    103
                ],
                [
                    "202201",
                    104
                ]
            ],
            "rank_gap":1
        },
        {
            "index":74,
            "아파트명":"영통아이파크캐슬1단지",
            "투자타입":"일반",
            "전용면적(m2)":"79.64",
            "전용면적(평)":"24평",
            "법정동주소":"경기도 수원시 영통구 망포동 766",
            "도로명주소":"경기도 수원시 영통구 덕영대로 1410",
            "세대수":100,
            "입주년차":100,
            "용적률점수":"--",
            "건폐율점수":"--",
            "세대당주차수":30,
            "난방방식":100,
            "공급면적":"--",
            "전용률":"--",
            "욕실수":100,
            "현관타입":100,
            "주거총점":89.5,
            "지역구공급총점":0.0,
            "역세권":0,
            "30분내 이동가능 거점":40,
            "1시간내 이동가능 거점":50,
            "교통총점":22.0,
            "백화점":0,
            "아울렛몰":100,
            "대형마트":0,
            "은행":0,
            "병원":60,
            "종합병원":100,
            "공원":100,
            "혐오시설":0,
            "인프라총점":39.0,
            "초등학군":90.01,
            "중학군":52.3,
            "학군총점":59.842,
            "인구수":42.64,
            "인구증감":-10.11,
            "인구총점":26.815,
            "일자리":18.77,
            "소득수준":100.0,
            "일자리총점":43.139,
            "가치 총점":46.2763,
            "매매실거래년":20211206.0,
            "매매실거래가":87000.0,
            "전세실거래년":20211108.0,
            "전세실거래가":48000.0,
            "전세가율":64.0,
            "장기전세가율평균":71.38,
            "전세가율거품지수":7.38,
            "검색코드":115708,
            "세대수":1783.0,
            "준공년월":"2019-03-12",
            "준공년차":4.0,
            "가까운역이름":"망포",
            "가까운역거리":1148.13,
            "역세권여부":"비역세권",
            "30분이내주요거점역":2,
            "30분거점역이름":"['수원시청', '수원']",
            "1시간이내주요거점역":5,
            "1시간거점역이름":"['판교', '정자', '수원시청', '수원', '서현']",
            "3km이내백화점수":0,
            "5km이내아울렛몰수":2,
            "1km이내대형먀트수":0,
            "500m이내은행수":1,
            "500m이내병원수":10,
            "5km이내대형병원수":5,
            "500m이내공원수":3,
            "3km이내혐오시설수":0,
            "초등학교학업성취도":90.01,
            "중학교학업성취도":86.1,
            "용적률":199,
            "건폐율":14,
            "Y":37.242971,
            "X":127.044877,
            "rank":104.0,
            "area_info":"24평(79.64), 24평(80.67), 30평(100.23), 33평(110.63), 41평(137.03)",
            "last_sales":"2021-12-06,87000.0,30평(100.23)",
            "rank_history":[
                [
                    "202202",
                    104
                ],
                [
                    "202201",
                    105
                ]
            ],
            "rank_gap":1
        },
        {
            "index":197,
            "아파트명":"한국1차",
            "투자타입":"일반",
            "전용면적(m2)":"129.9",
            "전용면적(평)":"39평",
            "법정동주소":"경기도 수원시 영통구 매탄동 1211",
            "도로명주소":"경기도 수원시 영통구 동탄원천로1109번길 37",
            "세대수":50,
            "입주년차":0,
            "용적률점수":"--",
            "건폐율점수":"--",
            "세대당주차수":30,
            "난방방식":30,
            "공급면적":"--",
            "전용률":"--",
            "욕실수":100,
            "현관타입":100,
            "주거총점":45.0,
            "지역구공급총점":0.0,
            "역세권":0,
            "30분내 이동가능 거점":20,
            "1시간내 이동가능 거점":60,
            "교통총점":18.0,
            "백화점":100,
            "아울렛몰":80,
            "대형마트":80,
            "은행":0,
            "병원":60,
            "종합병원":100,
            "공원":100,
            "혐오시설":0,
            "인프라총점":79.0,
            "초등학군":89.97,
            "중학군":37.78,
            "학군총점":48.218,
            "인구수":42.64,
            "인구증감":-10.11,
            "인구총점":26.815,
            "일자리":18.77,
            "소득수준":100.0,
            "일자리총점":43.139,
            "가치 총점":46.2327,
            "매매실거래년":20210929.0,
            "매매실거래가":58500.0,
            "전세실거래년":20220116.0,
            "전세실거래가":25000.0,
            "전세가율":42.74,
            "장기전세가율평균":71.38,
            "전세가율거품지수":28.64,
            "검색코드":1793,
            "세대수":496.0,
            "준공년월":"1994-01-17",
            "준공년차":29.0,
            "가까운역이름":"광교중앙",
            "가까운역거리":2170.35,
            "역세권여부":"비역세권",
            "30분이내주요거점역":1,
            "30분거점역이름":"['수원']",
            "1시간이내주요거점역":6,
            "1시간거점역이름":"['판교', '정자', '수원시청', '평촌', '수원', '서현']",
            "3km이내백화점수":1,
            "5km이내아울렛몰수":1,
            "1km이내대형먀트수":1,
            "500m이내은행수":1,
            "500m이내병원수":14,
            "5km이내대형병원수":4,
            "500m이내공원수":5,
            "3km이내혐오시설수":0,
            "초등학교학업성취도":89.97,
            "중학교학업성취도":62.5,
            "용적률":220,
            "건폐율":20,
            "Y":37.26954,
            "X":127.056665,
            "rank":105.0,
            "area_info":"39평(129.9), 46평(152.39)",
            "last_sales":"2021-09-29,58500.0,39평(129.9)",
            "rank_history":[
                [
                    "202202",
                    105
                ],
                [
                    "202201",
                    103
                ]
            ],
            "rank_gap":-2
        },
        {
            "index":351,
            "아파트명":"광교에일린의뜰",
            "투자타입":"일반",
            "전용면적(m2)":"150.59",
            "전용면적(평)":"45평",
            "법정동주소":"경기도 수원시 영통구 원천동 590",
            "도로명주소":"경기도 수원시 영통구 광교호수공원로 155",
            "세대수":0,
            "입주년차":60,
            "용적률점수":"--",
            "건폐율점수":"--",
            "세대당주차수":80,
            "난방방식":100,
            "공급면적":"--",
            "전용률":"--",
            "욕실수":100,
            "현관타입":100,
            "주거총점":54.0,
            "지역구공급총점":0.0,
            "역세권":0,
            "30분내 이동가능 거점":20,
            "1시간내 이동가능 거점":70,
            "교통총점":20.0,
            "백화점":100,
            "아울렛몰":100,
            "대형마트":0,
            "은행":0,
            "병원":30,
            "종합병원":100,
            "공원":80,
            "혐오시설":-50,
            "인프라총점":64.4,
            "초등학군":89.99,
            "중학군":37.78,
            "학군총점":48.222,
            "인구수":42.64,
            "인구증감":-10.11,
            "인구총점":26.815,
            "일자리":18.77,
            "소득수준":100.0,
            "일자리총점":43.139,
            "가치 총점":44.3533,
            "매매실거래년":"18000101",
            "매매실거래가":null,
            "전세실거래년":null,
            "전세실거래가":null,
            "전세가율":null,
            "장기전세가율평균":71.38,
            "전세가율거품지수":null,
            "검색코드":103187,
            "세대수":240.0,
            "준공년월":"2012-12-17",
            "준공년차":11.0,
            "가까운역이름":"광교중앙",
            "가까운역거리":1318.02,
            "역세권여부":"비역세권",
            "30분이내주요거점역":1,
            "30분거점역이름":"['수원']",
            "1시간이내주요거점역":7,
            "1시간거점역이름":"['강남', '판교', '양재', '정자', '수원시청', '수원', '서현']",
            "3km이내백화점수":1,
            "5km이내아울렛몰수":2,
            "1km이내대형먀트수":0,
            "500m이내은행수":0,
            "500m이내병원수":7,
            "5km이내대형병원수":4,
            "500m이내공원수":1,
            "3km이내혐오시설수":1,
            "초등학교학업성취도":89.99,
            "중학교학업성취도":62.5,
            "용적률":79,
            "건폐율":29,
            "Y":37.278381,
            "X":127.05899,
            "rank":106.0,
            "area_info":"45평(150.59), 49평(163.35), 49평(163.41), 49평(164.89), 50평(167.94), 53평(176.06)",
            "last_sales":"1800-01-01,nan,45평(150.59)",
            "rank_history":[
                [
                    "202202",
                    106
                ],
                [
                    "202201",
                    102
                ]
            ],
            "rank_gap":-4
        },
        {
            "index":157,
            "아파트명":"우성",
            "투자타입":"일반",
            "전용면적(m2)":"82.82",
            "전용면적(평)":"25평",
            "법정동주소":"경기도 수원시 영통구 매탄동 164-10",
            "도로명주소":"경기도 수원시 영통구 권광로290번길 34-18",
            "세대수":0,
            "입주년차":0,
            "용적률점수":"--",
            "건폐율점수":"--",
            "세대당주차수":0,
            "난방방식":30,
            "공급면적":"--",
            "전용률":"--",
            "욕실수":50,
            "현관타입":10,
            "주거총점":9.0,
            "지역구공급총점":0.0,
            "역세권":0,
            "30분내 이동가능 거점":20,
            "1시간내 이동가능 거점":60,
            "교통총점":18.0,
            "백화점":100,
            "아울렛몰":100,
            "대형마트":100,
            "은행":70,
            "병원":80,
            "종합병원":100,
            "공원":100,
            "혐오시설":0,
            "인프라총점":93.0,
            "초등학군":89.99,
            "중학군":46.82,
            "학군총점":55.454,
            "인구수":42.64,
            "인구증감":-10.11,
            "인구총점":26.815,
            "일자리":18.77,
            "소득수준":100.0,
            "일자리총점":43.139,
            "가치 총점":44.3181,
            "매매실거래년":20220115.0,
            "매매실거래가":28900.0,
            "전세실거래년":20220126.0,
            "전세실거래가":14700.0,
            "전세가율":50.87,
            "장기전세가율평균":71.38,
            "전세가율거품지수":20.51,
            "검색코드":2584,
            "세대수":230.0,
            "준공년월":"1998-04-21",
            "준공년차":25.0,
            "가까운역이름":"수원시청",
            "가까운역거리":1423.2,
            "역세권여부":"비역세권",
            "30분이내주요거점역":1,
            "30분거점역이름":"['수원시청']",
            "1시간이내주요거점역":6,
            "1시간거점역이름":"['판교', '정자', '수원시청', '평촌', '가산디지털단지', '수원']",
            "3km이내백화점수":1,
            "5km이내아울렛몰수":2,
            "1km이내대형먀트수":3,
            "500m이내은행수":4,
            "500m이내병원수":42,
            "5km이내대형병원수":4,
            "500m이내공원수":2,
            "3km이내혐오시설수":0,
            "초등학교학업성취도":89.99,
            "중학교학업성취도":77.5,
            "용적률":354,
            "건폐율":33,
            "Y":37.27331,
            "X":127.03805,
            "rank":107.0,
            "area_info":"25평(82.82), 35평(115.82)",
            "last_sales":"2022-01-15,28900.0,25평(82.82)",
            "rank_history":[
                [
                    "202202",
                    107
                ],
                [
                    "202201",
                    109
                ]
            ],
            "rank_gap":2
        },
        {
            "index":119,
            "아파트명":"매탄삼성3차",
            "투자타입":"일반",
            "전용면적(m2)":"82.45",
            "전용면적(평)":"24평",
            "법정동주소":"경기도 수원시 영통구 매탄동 1217-7",
            "도로명주소":"경기도 수원시 영통구 동탄원천로 1035",
            "세대수":50,
            "입주년차":0,
            "용적률점수":"--",
            "건폐율점수":"--",
            "세대당주차수":0,
            "난방방식":80,
            "공급면적":"--",
            "전용률":"--",
            "욕실수":50,
            "현관타입":10,
            "주거총점":31.5,
            "지역구공급총점":0.0,
            "역세권":0,
            "30분내 이동가능 거점":20,
            "1시간내 이동가능 거점":50,
            "교통총점":16.0,
            "백화점":100,
            "아울렛몰":100,
            "대형마트":80,
            "은행":0,
            "병원":60,
            "종합병원":100,
            "공원":100,
            "혐오시설":0,
            "인프라총점":81.0,
            "초등학군":89.97,
            "중학군":45.12,
            "학군총점":54.09,
            "인구수":42.64,
            "인구증감":-10.11,
            "인구총점":26.815,
            "일자리":18.77,
            "소득수준":100.0,
            "일자리총점":43.139,
            "가치 총점":44.3135,
            "매매실거래년":20220101.0,
            "매매실거래가":55000.0,
            "전세실거래년":20220124.0,
            "전세실거래가":25000.0,
            "전세가율":45.45,
            "장기전세가율평균":71.38,
            "전세가율거품지수":25.93,
            "검색코드":1786,
            "세대수":595.0,
            "준공년월":"1993-12-09",
            "준공년차":30.0,
            "가까운역이름":"매탄권선",
            "가까운역거리":1724.72,
            "역세권여부":"비역세권",
            "30분이내주요거점역":1,
            "30분거점역이름":"['수원시청']",
            "1시간이내주요거점역":5,
            "1시간거점역이름":"['판교', '정자', '수원시청', '수원', '서현']",
            "3km이내백화점수":1,
            "5km이내아울렛몰수":2,
            "1km이내대형먀트수":1,
            "500m이내은행수":1,
            "500m이내병원수":12,
            "5km이내대형병원수":3,
            "500m이내공원수":7,
            "3km이내혐오시설수":0,
            "초등학교학업성취도":89.97,
            "중학교학업성취도":74.0,
            "용적률":126,
            "건폐율":29,
            "Y":37.2662,
            "X":127.050292,
            "rank":108.0,
            "area_info":"24평(82.45)",
            "last_sales":"2022-01-01,55000.0,24평(82.45)",
            "rank_history":[
                [
                    "202202",
                    108
                ],
                [
                    "202201",
                    106
                ]
            ],
            "rank_gap":-2
        },
        {
            "index":610,
            "아파트명":"광교호반마을22단지",
            "투자타입":"일반",
            "전용면적(m2)":"99.96",
            "전용면적(평)":"30평",
            "법정동주소":"경기도 수원시 영통구 하동 1028",
            "도로명주소":"경기도 수원시 영통구 광교호수로152번길 24",
            "세대수":0,
            "입주년차":80,
            "용적률점수":"--",
            "건폐율점수":"--",
            "세대당주차수":60,
            "난방방식":100,
            "공급면적":"--",
            "전용률":"--",
            "욕실수":100,
            "현관타입":100,
            "주거총점":55.0,
            "지역구공급총점":0.0,
            "역세권":0,
            "30분내 이동가능 거점":0,
            "1시간내 이동가능 거점":40,
            "교통총점":8.0,
            "백화점":100,
            "아울렛몰":100,
            "대형마트":80,
            "은행":0,
            "병원":0,
            "종합병원":100,
            "공원":0,
            "혐오시설":-50,
            "인프라총점":71.0,
            "초등학군":89.96,
            "중학군":53.32,
            "학군총점":60.648,
            "인구수":42.64,
            "인구증감":-10.11,
            "인구총점":26.815,
            "일자리":18.77,
            "소득수준":100.0,
            "일자리총점":43.139,
            "가치 총점":44.1972,
            "매매실거래년":20211120.0,
            "매매실거래가":89000.0,
            "전세실거래년":20210426.0,
            "전세실거래가":48000.0,
            "전세가율":55.81,
            "장기전세가율평균":71.38,
            "전세가율거품지수":15.57,
            "검색코드":135550,
            "세대수":258.0,
            "준공년월":"2014-01-24",
            "준공년차":9.0,
            "가까운역이름":"광교중앙",
            "가까운역거리":1881.21,
            "역세권여부":"비역세권",
            "30분이내주요거점역":0,
            "30분거점역이름":"[]",
            "1시간이내주요거점역":4,
            "1시간거점역이름":"['판교', '정자', '수원시청', '수원']",
            "3km이내백화점수":1,
            "5km이내아울렛몰수":2,
            "1km이내대형먀트수":1,
            "500m이내은행수":0,
            "500m이내병원수":0,
            "5km이내대형병원수":4,
            "500m이내공원수":0,
            "3km이내혐오시설수":1,
            "초등학교학업성취도":89.96,
            "중학교학업성취도":86.4,
            "용적률":163,
            "건폐율":12,
            "Y":37.280022,
            "X":127.069793,
            "rank":109.0,
            "area_info":"30평(99.96), 34평(113.59), 34평(113.59)",
            "last_sales":"2021-11-20,89000.0,34평(113.59)",
            "rank_history":[
                [
                    "202202",
                    109
                ],
                [
                    "202201",
                    110
                ]
            ],
            "rank_gap":1
        },
        {
            "index":79,
            "아파트명":"영통아이파크캐슬2단지",
            "투자타입":"일반",
            "전용면적(m2)":"79.93",
            "전용면적(평)":"24평",
            "법정동주소":"경기도 수원시 영통구 망포동 760",
            "도로명주소":"경기도 수원시 영통구 덕영대로 1400",
            "세대수":90,
            "입주년차":100,
            "용적률점수":"--",
            "건폐율점수":"--",
            "세대당주차수":30,
            "난방방식":100,
            "공급면적":"--",
            "전용률":"--",
            "욕실수":100,
            "현관타입":100,
            "주거총점":86.0,
            "지역구공급총점":0.0,
            "역세권":0,
            "30분내 이동가능 거점":40,
            "1시간내 이동가능 거점":60,
            "교통총점":24.0,
            "백화점":0,
            "아울렛몰":80,
            "대형마트":0,
            "은행":0,
            "병원":10,
            "종합병원":100,
            "공원":100,
            "혐오시설":0,
            "인프라총점":32.0,
            "초등학군":90.01,
            "중학군":52.3,
            "학군총점":59.842,
            "인구수":42.64,
            "인구증감":-10.11,
            "인구총점":26.815,
            "일자리":18.77,
            "소득수준":100.0,
            "일자리총점":43.139,
            "가치 총점":44.1763,
            "매매실거래년":20211208.0,
            "매매실거래가":93000.0,
            "전세실거래년":20220126.0,
            "전세실거래가":45000.0,
            "전세가율":65.69,
            "장기전세가율평균":71.38,
            "전세가율거품지수":5.69,
            "검색코드":115709,
            "세대수":1162.0,
            "준공년월":"2019-01-21",
            "준공년차":4.0,
            "가까운역이름":"매탄권선",
            "가까운역거리":1119.2,
            "역세권여부":"비역세권",
            "30분이내주요거점역":2,
            "30분거점역이름":"['수원시청', '수원']",
            "1시간이내주요거점역":6,
            "1시간거점역이름":"['판교', '정자', '수원시청', '평촌', '수원', '서현']",
            "3km이내백화점수":0,
            "5km이내아울렛몰수":1,
            "1km이내대형먀트수":0,
            "500m이내은행수":1,
            "500m이내병원수":3,
            "5km이내대형병원수":5,
            "500m이내공원수":2,
            "3km이내혐오시설수":0,
            "초등학교학업성취도":90.01,
            "중학교학업성취도":86.1,
            "용적률":199,
            "건폐율":17,
            "Y":37.242775,
            "X":127.042169,
            "rank":110.0,
            "area_info":"24평(79.93), 24평(80.96), 30평(100.6), 33평(111.03), 41평(137.53)",
            "last_sales":"2021-12-08,93000.0,33평(111.03)",
            "rank_history":[
                [
                    "202202",
                    110
                ],
                [
                    "202201",
                    107
                ]
            ],
            "rank_gap":-3
        },
        {
            "index":56,
            "아파트명":"삼정라츠",
            "투자타입":"일반",
            "전용면적(m2)":"112.96",
            "전용면적(평)":"34평",
            "법정동주소":"경기도 수원시 영통구 망포동 717",
            "도로명주소":"경기도 수원시 영통구 영통로90번길 4-22",
            "세대수":0,
            "입주년차":40,
            "용적률점수":"--",
            "건폐율점수":"--",
            "세대당주차수":30,
            "난방방식":100,
            "공급면적":"--",
            "전용률":"--",
            "욕실수":100,
            "현관타입":100,
            "주거총점":42.5,
            "지역구공급총점":0.0,
            "역세권":50,
            "30분내 이동가능 거점":40,
            "1시간내 이동가능 거점":60,
            "교통총점":49.0,
            "백화점":0,
            "아울렛몰":0,
            "대형마트":0,
            "은행":0,
            "병원":60,
            "종합병원":100,
            "공원":100,
            "혐오시설":0,
            "인프라총점":29.0,
            "초등학군":89.98,
            "중학군":55.46,
            "학군총점":62.364,
            "인구수":42.64,
            "인구증감":-10.11,
            "인구총점":26.815,
            "일자리":18.77,
            "소득수준":100.0,
            "일자리총점":43.139,
            "가치 총점":43.7046,
            "매매실거래년":20211117.0,
            "매매실거래가":57000.0,
            "전세실거래년":20220128.0,
            "전세실거래가":26250.0,
            "전세가율":46.05,
            "장기전세가율평균":71.38,
            "전세가율거품지수":25.33,
            "검색코드":26625,
            "세대수":185.0,
            "준공년월":"2008-09-01",
            "준공년차":15.0,
            "가까운역이름":"망포",
            "가까운역거리":871.57,
            "역세권여부":"준역세권",
            "30분이내주요거점역":2,
            "30분거점역이름":"['수원시청', '수원']",
            "1시간이내주요거점역":6,
            "1시간거점역이름":"['판교', '정자', '수원시청', '수원', '안산', '서현']",
            "3km이내백화점수":0,
            "5km이내아울렛몰수":0,
            "1km이내대형먀트수":0,
            "500m이내은행수":1,
            "500m이내병원수":24,
            "5km이내대형병원수":3,
            "500m이내공원수":5,
            "3km이내혐오시설수":0,
            "초등학교학업성취도":89.98,
            "중학교학업성취도":91.3,
            "용적률":228,
            "건폐율":19,
            "Y":37.238587,
            "X":127.061221,
            "rank":111.0,
            "area_info":"34평(112.96)",
            "last_sales":"2021-11-17,57000.0,34평(112.96)",
            "rank_history":[
                [
                    "202202",
                    111
                ],
                [
                    "202201",
                    111
                ]
            ],
            "rank_gap":0
        },
        {
            "index":29,
            "아파트명":"동수원자이1차",
            "투자타입":"일반",
            "전용면적(m2)":"116.84",
            "전용면적(평)":"35평",
            "법정동주소":"경기도 수원시 영통구 망포동 686",
            "도로명주소":"경기도 수원시 영통구 태장로82번길 32",
            "세대수":100,
            "입주년차":20,
            "용적률점수":"--",
            "건폐율점수":"--",
            "세대당주차수":60,
            "난방방식":100,
            "공급면적":"--",
            "전용률":"--",
            "욕실수":100,
            "현관타입":100,
            "주거총점":78.0,
            "지역구공급총점":0.0,
            "역세권":0,
            "30분내 이동가능 거점":40,
            "1시간내 이동가능 거점":50,
            "교통총점":22.0,
            "백화점":0,
            "아울렛몰":0,
            "대형마트":0,
            "은행":70,
            "병원":60,
            "종합병원":100,
            "공원":100,
            "혐오시설":0,
            "인프라총점":36.0,
            "초등학군":90.0,
            "중학군":55.46,
            "학군총점":62.368,
            "인구수":42.64,
            "인구증감":-10.11,
            "인구총점":26.815,
            "일자리":18.77,
            "소득수준":100.0,
            "일자리총점":43.139,
            "가치 총점":43.4552,
            "매매실거래년":20211206.0,
            "매매실거래가":82000.0,
            "전세실거래년":20220125.0,
            "전세실거래가":29400.0,
            "전세가율":47.42,
            "장기전세가율평균":71.38,
            "전세가율거품지수":23.96,
            "검색코드":3632,
            "세대수":1829.0,
            "준공년월":"2001-12-05",
            "준공년차":22.0,
            "가까운역이름":"망포",
            "가까운역거리":1057.83,
            "역세권여부":"비역세권",
            "30분이내주요거점역":2,
            "30분거점역이름":"['수원시청', '수원']",
            "1시간이내주요거점역":5,
            "1시간거점역이름":"['판교', '정자', '수원시청', '수원', '서현']",
            "3km이내백화점수":0,
            "5km이내아울렛몰수":0,
            "1km이내대형먀트수":0,
            "500m이내은행수":3,
            "500m이내병원수":29,
            "5km이내대형병원수":3,
            "500m이내공원수":3,
            "3km이내혐오시설수":0,
            "초등학교학업성취도":90.0,
            "중학교학업성취도":91.3,
            "용적률":225,
            "건폐율":15,
            "Y":37.23675,
            "X":127.05365,
            "rank":112.0,
            "area_info":"35평(116.84), 40평(133.28), 48평(160.4), 55평(183.4), 63평(209.78)",
            "last_sales":"2021-12-06,82000.0,63평(209.78)",
            "rank_history":[
                [
                    "202202",
                    112
                ],
                [
                    "202201",
                    112
                ]
            ],
            "rank_gap":0
        },
        {
            "index":8,
            "아파트명":"e편한세상영통2차2단지",
            "투자타입":"일반",
            "전용면적(m2)":"80.32",
            "전용면적(평)":"24평",
            "법정동주소":"경기도 수원시 영통구 망포동 727",
            "도로명주소":"경기도 수원시 영통구 봉영로 1432-36",
            "세대수":0,
            "입주년차":80,
            "용적률점수":"--",
            "건폐율점수":"--",
            "세대당주차수":30,
            "난방방식":100,
            "공급면적":"--",
            "전용률":"--",
            "욕실수":100,
            "현관타입":100,
            "주거총점":50.5,
            "지역구공급총점":0.0,
            "역세권":50,
            "30분내 이동가능 거점":40,
            "1시간내 이동가능 거점":60,
            "교통총점":49.0,
            "백화점":0,
            "아울렛몰":0,
            "대형마트":0,
            "은행":0,
            "병원":0,
            "종합병원":100,
            "공원":100,
            "혐오시설":0,
            "인프라총점":23.0,
            "초등학군":89.97,
            "중학군":51.52,
            "학군총점":59.21,
            "인구수":42.64,
            "인구증감":-10.11,
            "인구총점":26.815,
            "일자리":18.77,
            "소득수준":100.0,
            "일자리총점":43.139,
            "가치 총점":43.0315,
            "매매실거래년":20211103.0,
            "매매실거래가":63000.0,
            "전세실거래년":20211026.0,
            "전세실거래가":29400.0,
            "전세가율":46.67,
            "장기전세가율평균":71.38,
            "전세가율거품지수":24.71,
            "검색코드":109251,
            "세대수":270.0,
            "준공년월":"2016-12-13",
            "준공년차":7.0,
            "가까운역이름":"망포",
            "가까운역거리":935.16,
            "역세권여부":"준역세권",
            "30분이내주요거점역":2,
            "30분거점역이름":"['수원시청', '수원']",
            "1시간이내주요거점역":6,
            "1시간거점역이름":"['판교', '정자', '수원시청', '수원', '안산', '서현']",
            "3km이내백화점수":0,
            "5km이내아울렛몰수":0,
            "1km이내대형먀트수":0,
            "500m이내은행수":0,
            "500m이내병원수":0,
            "5km이내대형병원수":3,
            "500m이내공원수":6,
            "3km이내혐오시설수":0,
            "초등학교학업성취도":89.97,
            "중학교학업성취도":85.0,
            "용적률":207,
            "건폐율":24,
            "Y":37.24079,
            "X":127.065843,
            "rank":113.0,
            "area_info":"24평(80.32), 24평(80.1), 28평(95.83)",
            "last_sales":"2021-11-03,63000.0,24평(80.32)",
            "rank_history":[
                [
                    "202202",
                    113
                ],
                [
                    "202201",
                    113
                ]
            ],
            "rank_gap":0
        },
        {
            "index":73,
            "아파트명":"영통마젤란21(2단지)",
            "투자타입":"일반",
            "전용면적(m2)":"103.99",
            "전용면적(평)":"31평",
            "법정동주소":"경기도 수원시 영통구 망포동 509-2",
            "도로명주소":"경기도 수원시 영통구 영통로154번길 116",
            "세대수":0,
            "입주년차":40,
            "용적률점수":"--",
            "건폐율점수":"--",
            "세대당주차수":30,
            "난방방식":100,
            "공급면적":"--",
            "전용률":"--",
            "욕실수":100,
            "현관타입":100,
            "주거총점":42.5,
            "지역구공급총점":0.0,
            "역세권":50,
            "30분내 이동가능 거점":40,
            "1시간내 이동가능 거점":60,
            "교통총점":49.0,
            "백화점":0,
            "아울렛몰":0,
            "대형마트":0,
            "은행":0,
            "병원":30,
            "종합병원":100,
            "공원":100,
            "혐오시설":0,
            "인프라총점":26.0,
            "초등학군":89.97,
            "중학군":55.46,
            "학군총점":62.362,
            "인구수":42.64,
            "인구증감":-10.11,
            "인구총점":26.815,
            "일자리":18.77,
            "소득수준":100.0,
            "일자리총점":43.139,
            "가치 총점":42.8043,
            "매매실거래년":20211011.0,
            "매매실거래가":52000.0,
            "전세실거래년":20211120.0,
            "전세실거래가":27000.0,
            "전세가율":51.92,
            "장기전세가율평균":71.38,
            "전세가율거품지수":19.46,
            "검색코드":25483,
            "세대수":159.0,
            "준공년월":"2006-11-29",
            "준공년차":17.0,
            "가까운역이름":"망포",
            "가까운역거리":738.31,
            "역세권여부":"준역세권",
            "30분이내주요거점역":2,
            "30분거점역이름":"['수원시청', '수원']",
            "1시간이내주요거점역":6,
            "1시간거점역이름":"['판교', '정자', '수원시청', '수원', '안산', '서현']",
            "3km이내백화점수":0,
            "5km이내아울렛몰수":0,
            "1km이내대형먀트수":0,
            "500m이내은행수":1,
            "500m이내병원수":8,
            "5km이내대형병원수":3,
            "500m이내공원수":10,
            "3km이내혐오시설수":0,
            "초등학교학업성취도":89.97,
            "중학교학업성취도":91.3,
            "용적률":204,
            "건폐율":19,
            "Y":37.240795,
            "X":127.062841,
            "rank":114.0,
            "area_info":"31평(103.99)",
            "last_sales":"2021-10-11,52000.0,31평(103.99)",
            "rank_history":[
                [
                    "202202",
                    114
                ],
                [
                    "202201",
                    114
                ]
            ],
            "rank_gap":0
        },
        {
            "index":71,
            "아파트명":"영통마젤란21(1단지)",
            "투자타입":"일반",
            "전용면적(m2)":"103.54",
            "전용면적(평)":"31평",
            "법정동주소":"경기도 수원시 영통구 망포동 509-1",
            "도로명주소":"경기도 수원시 영통구 영통로154번길 113",
            "세대수":0,
            "입주년차":40,
            "용적률점수":"--",
            "건폐율점수":"--",
            "세대당주차수":30,
            "난방방식":100,
            "공급면적":"--",
            "전용률":"--",
            "욕실수":100,
            "현관타입":100,
            "주거총점":42.5,
            "지역구공급총점":0.0,
            "역세권":50,
            "30분내 이동가능 거점":40,
            "1시간내 이동가능 거점":60,
            "교통총점":49.0,
            "백화점":0,
            "아울렛몰":0,
            "대형마트":0,
            "은행":0,
            "병원":30,
            "종합병원":100,
            "공원":100,
            "혐오시설":0,
            "인프라총점":26.0,
            "초등학군":89.97,
            "중학군":55.46,
            "학군총점":62.362,
            "인구수":42.64,
            "인구증감":-10.11,
            "인구총점":26.815,
            "일자리":18.77,
            "소득수준":100.0,
            "일자리총점":43.139,
            "가치 총점":42.8043,
            "매매실거래년":20210928.0,
            "매매실거래가":55000.0,
            "전세실거래년":20211117.0,
            "전세실거래가":40000.0,
            "전세가율":72.73,
            "장기전세가율평균":71.38,
            "전세가율거품지수":-1.35,
            "검색코드":24825,
            "세대수":108.0,
            "준공년월":"2006-11-29",
            "준공년차":17.0,
            "가까운역이름":"망포",
            "가까운역거리":699.15,
            "역세권여부":"준역세권",
            "30분이내주요거점역":2,
            "30분거점역이름":"['수원시청', '수원']",
            "1시간이내주요거점역":6,
            "1시간거점역이름":"['판교', '정자', '수원시청', '수원', '안산', '서현']",
            "3km이내백화점수":0,
            "5km이내아울렛몰수":0,
            "1km이내대형먀트수":0,
            "500m이내은행수":1,
            "500m이내병원수":7,
            "5km이내대형병원수":3,
            "500m이내공원수":10,
            "3km이내혐오시설수":0,
            "초등학교학업성취도":89.97,
            "중학교학업성취도":91.3,
            "용적률":227,
            "건폐율":21,
            "Y":37.241267,
            "X":127.062833,
            "rank":114.0,
            "area_info":"31평(103.54), 31평(103.94)",
            "last_sales":"2021-09-28,55000.0,31평(103.54)",
            "rank_history":[
                [
                    "202202",
                    114
                ],
                [
                    "202201",
                    117
                ]
            ],
            "rank_gap":3
        },
        {
            "index":106,
            "아파트명":"금성",
            "투자타입":"일반",
            "전용면적(m2)":"142.33",
            "전용면적(평)":"43평",
            "법정동주소":"경기도 수원시 영통구 매탄동 1211-1",
            "도로명주소":"경기도 수원시 영통구 동탄원천로 1089",
            "세대수":0,
            "입주년차":0,
            "용적률점수":"--",
            "건폐율점수":"--",
            "세대당주차수":30,
            "난방방식":30,
            "공급면적":"--",
            "전용률":"--",
            "욕실수":100,
            "현관타입":100,
            "주거총점":27.5,
            "지역구공급총점":0.0,
            "역세권":0,
            "30분내 이동가능 거점":20,
            "1시간내 이동가능 거점":60,
            "교통총점":18.0,
            "백화점":100,
            "아울렛몰":80,
            "대형마트":80,
            "은행":0,
            "병원":60,
            "종합병원":100,
            "공원":100,
            "혐오시설":0,
            "인프라총점":79.0,
            "초등학군":89.97,
            "중학군":37.78,
            "학군총점":48.218,
            "인구수":42.64,
            "인구증감":-10.11,
            "인구총점":26.815,
            "일자리":18.77,
            "소득수준":100.0,
            "일자리총점":43.139,
            "가치 총점":42.7327,
            "매매실거래년":20211126.0,
            "매매실거래가":80000.0,
            "전세실거래년":20211222.0,
            "전세실거래가":50000.0,
            "전세가율":62.5,
            "장기전세가율평균":71.38,
            "전세가율거품지수":8.88,
            "검색코드":1781,
            "세대수":180.0,
            "준공년월":"1993-12-09",
            "준공년차":30.0,
            "가까운역이름":"매탄권선",
            "가까운역거리":2155.25,
            "역세권여부":"비역세권",
            "30분이내주요거점역":1,
            "30분거점역이름":"['수원시청']",
            "1시간이내주요거점역":6,
            "1시간거점역이름":"['판교', '정자', '수원시청', '평촌', '수원', '서현']",
            "3km이내백화점수":1,
            "5km이내아울렛몰수":1,
            "1km이내대형먀트수":1,
            "500m이내은행수":1,
            "500m이내병원수":22,
            "5km이내대형병원수":3,
            "500m이내공원수":6,
            "3km이내혐오시설수":0,
            "초등학교학업성취도":89.97,
            "중학교학업성취도":62.5,
            "용적률":129,
            "건폐율":24,
            "Y":37.268417,
            "X":127.05492,
            "rank":115.0,
            "area_info":"43평(142.33)",
            "last_sales":"2021-11-26,80000.0,43평(142.33)",
            "rank_history":[
                [
                    "202202",
                    115
                ],
                [
                    "202201",
                    115
                ]
            ],
            "rank_gap":0
        },
        {
            "index":103,
            "아파트명":"극동",
            "투자타입":"일반",
            "전용면적(m2)":"74.71",
            "전용면적(평)":"22평",
            "법정동주소":"경기도 수원시 영통구 매탄동 50",
            "도로명주소":"경기도 수원시 영통구 매봉로27번길 11",
            "세대수":0,
            "입주년차":0,
            "용적률점수":"--",
            "건폐율점수":"--",
            "세대당주차수":30,
            "난방방식":30,
            "공급면적":"--",
            "전용률":"--",
            "욕실수":100,
            "현관타입":100,
            "주거총점":27.5,
            "지역구공급총점":0.0,
            "역세권":0,
            "30분내 이동가능 거점":0,
            "1시간내 이동가능 거점":50,
            "교통총점":10.0,
            "백화점":100,
            "아울렛몰":100,
            "대형마트":80,
            "은행":0,
            "병원":60,
            "종합병원":100,
            "공원":100,
            "혐오시설":0,
            "인프라총점":81.0,
            "초등학군":90.0,
            "중학군":52.46,
            "학군총점":59.968,
            "인구수":42.64,
            "인구증감":-10.11,
            "인구총점":26.815,
            "일자리":18.77,
            "소득수준":100.0,
            "일자리총점":43.139,
            "가치 총점":42.2952,
            "매매실거래년":20210907.0,
            "매매실거래가":30500.0,
            "전세실거래년":20211001.0,
            "전세실거래가":31000.0,
            "전세가율":101.64,
            "장기전세가율평균":71.38,
            "전세가율거품지수":-30.26,
            "검색코드":8762,
            "세대수":210.0,
            "준공년월":"1998-10-30",
            "준공년차":25.0,
            "가까운역이름":"수원시청",
            "가까운역거리":2058.87,
            "역세권여부":"비역세권",
            "30분이내주요거점역":0,
            "30분거점역이름":"[]",
            "1시간이내주요거점역":5,
            "1시간거점역이름":"['판교', '정자', '수원시청', '평촌', '수원']",
            "3km이내백화점수":1,
            "5km이내아울렛몰수":2,
            "1km이내대형먀트수":1,
            "500m이내은행수":0,
            "500m이내병원수":22,
            "5km이내대형병원수":3,
            "500m이내공원수":6,
            "3km이내혐오시설수":0,
            "초등학교학업성취도":90.0,
            "중학교학업성취도":84.1,
            "용적률":178,
            "건폐율":24,
            "Y":37.269923,
            "X":127.051711,
            "rank":116.0,
            "area_info":"22평(74.71), 31평(105.2), 44평(146.67)",
            "last_sales":"2021-09-07,30500.0,22평(74.71)",
            "rank_history":[
                [
                    "202202",
                    116
                ],
                [
                    "202201",
                    116
                ]
            ],
            "rank_gap":0
        },
        {
            "index":38,
            "아파트명":"망포극동의푸른별",
            "투자타입":"일반",
            "전용면적(m2)":"107.36",
            "전용면적(평)":"32평",
            "법정동주소":"경기도 수원시 영통구 망포동 704",
            "도로명주소":"경기도 수원시 영통구 태장로35번길 64",
            "세대수":0,
            "입주년차":40,
            "용적률점수":"--",
            "건폐율점수":"--",
            "세대당주차수":30,
            "난방방식":30,
            "공급면적":"--",
            "전용률":"--",
            "욕실수":100,
            "현관타입":100,
            "주거총점":35.5,
            "지역구공급총점":0.0,
            "역세권":50,
            "30분내 이동가능 거점":40,
            "1시간내 이동가능 거점":60,
            "교통총점":49.0,
            "백화점":0,
            "아울렛몰":0,
            "대형마트":0,
            "은행":0,
            "병원":60,
            "종합병원":100,
            "공원":100,
            "혐오시설":0,
            "인프라총점":29.0,
            "초등학군":90.01,
            "중학군":52.3,
            "학군총점":59.842,
            "인구수":42.64,
            "인구증감":-10.11,
            "인구총점":26.815,
            "일자리":18.77,
            "소득수준":100.0,
            "일자리총점":43.139,
            "가치 총점":41.9263,
            "매매실거래년":20211016.0,
            "매매실거래가":56500.0,
            "전세실거래년":20211111.0,
            "전세실거래가":39000.0,
            "전세가율":69.03,
            "장기전세가율평균":71.38,
            "전세가율거품지수":2.35,
            "검색코드":18997,
            "세대수":134.0,
            "준공년월":"2005-07-27",
            "준공년차":18.0,
            "가까운역이름":"망포",
            "가까운역거리":818.45,
            "역세권여부":"준역세권",
            "30분이내주요거점역":2,
            "30분거점역이름":"['수원시청', '수원']",
            "1시간이내주요거점역":6,
            "1시간거점역이름":"['판교', '정자', '수원시청', '수원', '안산', '서현']",
            "3km이내백화점수":0,
            "5km이내아울렛몰수":0,
            "1km이내대형먀트수":0,
            "500m이내은행수":1,
            "500m이내병원수":11,
            "5km이내대형병원수":4,
            "500m이내공원수":4,
            "3km이내혐오시설수":0,
            "초등학교학업성취도":90.01,
            "중학교학업성취도":86.1,
            "용적률":213,
            "건폐율":21,
            "Y":37.24164,
            "X":127.049721,
            "rank":117.0,
            "area_info":"32평(107.36), 32평(107.51)",
            "last_sales":"2021-10-16,56500.0,32평(107.36)",
            "rank_history":[
                [
                    "202202",
                    117
                ],
                [
                    "202201",
                    121
                ]
            ],
            "rank_gap":4
        },
        {
            "index":135,
            "아파트명":"백자",
            "투자타입":"일반",
            "전용면적(m2)":"80.57",
            "전용면적(평)":"24평",
            "법정동주소":"경기도 수원시 영통구 매탄동 1217-5",
            "도로명주소":"경기도 수원시 영통구 매영로 110",
            "세대수":0,
            "입주년차":0,
            "용적률점수":"--",
            "건폐율점수":"--",
            "세대당주차수":0,
            "난방방식":30,
            "공급면적":"--",
            "전용률":"--",
            "욕실수":50,
            "현관타입":100,
            "주거총점":18.0,
            "지역구공급총점":0.0,
            "역세권":0,
            "30분내 이동가능 거점":20,
            "1시간내 이동가능 거점":50,
            "교통총점":16.0,
            "백화점":100,
            "아울렛몰":80,
            "대형마트":80,
            "은행":20,
            "병원":60,
            "종합병원":100,
            "공원":100,
            "혐오시설":0,
            "인프라총점":81.0,
            "초등학군":89.97,
            "중학군":45.12,
            "학군총점":54.09,
            "인구수":42.64,
            "인구증감":-10.11,
            "인구총점":26.815,
            "일자리":18.77,
            "소득수준":100.0,
            "일자리총점":43.139,
            "가치 총점":41.6135,
            "매매실거래년":20210929.0,
            "매매실거래가":59000.0,
            "전세실거래년":20211202.0,
            "전세실거래가":14700.0,
            "전세가율":24.92,
            "장기전세가율평균":71.38,
            "전세가율거품지수":46.46,
            "검색코드":1783,
            "세대수":120.0,
            "준공년월":"1994-12-15",
            "준공년차":29.0,
            "가까운역이름":"매탄권선",
            "가까운역거리":1969.59,
            "역세권여부":"비역세권",
            "30분이내주요거점역":1,
            "30분거점역이름":"['수원시청']",
            "1시간이내주요거점역":5,
            "1시간거점역이름":"['판교', '정자', '수원시청', '수원', '서현']",
            "3km이내백화점수":1,
            "5km이내아울렛몰수":1,
            "1km이내대형먀트수":1,
            "500m이내은행수":2,
            "500m이내병원수":20,
            "5km이내대형병원수":3,
            "500m이내공원수":7,
            "3km이내혐오시설수":0,
            "초등학교학업성취도":89.97,
            "중학교학업성취도":74.0,
            "용적률":110,
            "건폐율":29,
            "Y":37.267,
            "X":127.0538,
            "rank":118.0,
            "area_info":"24평(80.57)",
            "last_sales":"2021-09-29,59000.0,24평(80.57)",
            "rank_history":[
                [
                    "202202",
                    118
                ],
                [
                    "202201",
                    118
                ]
            ],
            "rank_gap":0
        },
        {
            "index":294,
            "아파트명":"영통아이파크",
            "투자타입":"일반",
            "전용면적(m2)":"112.43",
            "전용면적(평)":"34평",
            "법정동주소":"경기도 수원시 영통구 영통동 1153",
            "도로명주소":"경기도 수원시 영통구 삼성로320번길 62",
            "세대수":0,
            "입주년차":40,
            "용적률점수":"--",
            "건폐율점수":"--",
            "세대당주차수":30,
            "난방방식":30,
            "공급면적":"--",
            "전용률":"--",
            "욕실수":100,
            "현관타입":100,
            "주거총점":35.5,
            "지역구공급총점":0.0,
            "역세권":0,
            "30분내 이동가능 거점":0,
            "1시간내 이동가능 거점":50,
            "교통총점":10.0,
            "백화점":100,
            "아울렛몰":80,
            "대형마트":80,
            "은행":0,
            "병원":0,
            "종합병원":100,
            "공원":80,
            "혐오시설":-50,
            "인프라총점":71.4,
            "초등학군":89.96,
            "중학군":52.28,
            "학군총점":59.816,
            "인구수":42.64,
            "인구증감":-10.11,
            "인구총점":26.815,
            "일자리":18.77,
            "소득수준":100.0,
            "일자리총점":43.139,
            "가치 총점":40.9924,
            "매매실거래년":20210514.0,
            "매매실거래가":49000.0,
            "전세실거래년":20211020.0,
            "전세실거래가":27300.0,
            "전세가율":55.71,
            "장기전세가율평균":71.38,
            "전세가율거품지수":15.67,
            "검색코드":19012,
            "세대수":212.0,
            "준공년월":"2006-07-28",
            "준공년차":17.0,
            "가까운역이름":"청명",
            "가까운역거리":1015.35,
            "역세권여부":"비역세권",
            "30분이내주요거점역":0,
            "30분거점역이름":"[]",
            "1시간이내주요거점역":5,
            "1시간거점역이름":"['판교', '정자', '수원시청', '수원', '서현']",
            "3km이내백화점수":1,
            "5km이내아울렛몰수":1,
            "1km이내대형먀트수":1,
            "500m이내은행수":0,
            "500m이내병원수":0,
            "5km이내대형병원수":4,
            "500m이내공원수":1,
            "3km이내혐오시설수":1,
            "초등학교학업성취도":89.96,
            "중학교학업성취도":84.4,
            "용적률":395,
            "건폐율":20,
            "Y":37.26627,
            "X":127.07125,
            "rank":119.0,
            "area_info":"34평(112.43), 35평(116.94), 35평(116.97)",
            "last_sales":"2021-05-14,49000.0,34평(112.43)",
            "rank_history":[
                [
                    "202202",
                    119
                ],
                [
                    "202201",
                    119
                ]
            ],
            "rank_gap":0
        },
        {
            "index":373,
            "아파트명":"삼부리치안(도시형)",
            "투자타입":"일반",
            "전용면적(m2)":"31.41",
            "전용면적(평)":"9평",
            "법정동주소":"경기도 수원시 영통구 원천동 96-1",
            "도로명주소":"경기도 수원시 영통구 중부대로 335",
            "세대수":0,
            "입주년차":100,
            "용적률점수":"--",
            "건폐율점수":"--",
            "세대당주차수":0,
            "난방방식":30,
            "공급면적":"--",
            "전용률":"--",
            "욕실수":50,
            "현관타입":10,
            "주거총점":29.0,
            "지역구공급총점":0.0,
            "역세권":0,
            "30분내 이동가능 거점":0,
            "1시간내 이동가능 거점":60,
            "교통총점":12.0,
            "백화점":100,
            "아울렛몰":80,
            "대형마트":80,
            "은행":0,
            "병원":60,
            "종합병원":100,
            "공원":100,
            "혐오시설":0,
            "인프라총점":79.0,
            "초등학군":90.0,
            "중학군":37.78,
            "학군총점":48.224,
            "인구수":42.64,
            "인구증감":-10.11,
            "인구총점":26.815,
            "일자리":18.77,
            "소득수준":100.0,
            "일자리총점":43.139,
            "가치 총점":40.9336,
            "매매실거래년":20211207.0,
            "매매실거래가":11000.0,
            "전세실거래년":20220126.0,
            "전세실거래가":13500.0,
            "전세가율":122.73,
            "장기전세가율평균":71.38,
            "전세가율거품지수":-51.35,
            "검색코드":120574,
            "세대수":258.0,
            "준공년월":"2019-02-28",
            "준공년차":4.0,
            "가까운역이름":"광교중앙",
            "가까운역거리":1674.61,
            "역세권여부":"비역세권",
            "30분이내주요거점역":0,
            "30분거점역이름":"[]",
            "1시간이내주요거점역":6,
            "1시간거점역이름":"['강남', '판교', '정자', '수원시청', '수원', '서현']",
            "3km이내백화점수":1,
            "5km이내아울렛몰수":1,
            "1km이내대형먀트수":1,
            "500m이내은행수":0,
            "500m이내병원수":19,
            "5km이내대형병원수":3,
            "500m이내공원수":5,
            "3km이내혐오시설수":0,
            "초등학교학업성취도":90.0,
            "중학교학업성취도":62.5,
            "용적률":479,
            "건폐율":77,
            "Y":37.273587,
            "X":127.052675,
            "rank":120.0,
            "area_info":"9평(31.41), 9평(31.47), 9평(31.47), 12평(41.0), 19평(63.93), 19평(63.93), 19평(63.93)",
            "last_sales":"2021-12-07,11000.0,9평(31.41)",
            "rank_history":[
                [
                    "202202",
                    120
                ],
                [
                    "202201",
                    120
                ]
            ],
            "rank_gap":0
        },
        {
            "index":273,
            "아파트명":"신명,한국",
            "투자타입":"일반",
            "전용면적(m2)":"81.36",
            "전용면적(평)":"24평",
            "법정동주소":"경기도 수원시 영통구 영통동 1054-3",
            "도로명주소":"경기도 수원시 영통구 봉영로1770번길 21",
            "세대수":90,
            "입주년차":0,
            "용적률점수":"--",
            "건폐율점수":"--",
            "세대당주차수":30,
            "난방방식":100,
            "공급면적":"--",
            "전용률":"--",
            "욕실수":50,
            "현관타입":100,
            "주거총점":61.0,
            "지역구공급총점":0.0,
            "역세권":0,
            "30분내 이동가능 거점":0,
            "1시간내 이동가능 거점":50,
            "교통총점":10.0,
            "백화점":0,
            "아울렛몰":80,
            "대형마트":0,
            "은행":0,
            "병원":60,
            "종합병원":100,
            "공원":100,
            "혐오시설":0,
            "인프라총점":37.0,
            "초등학군":89.97,
            "중학군":52.28,
            "학군총점":59.818,
            "인구수":42.64,
            "인구증감":-10.11,
            "인구총점":26.815,
            "일자리":18.77,
            "소득수준":100.0,
            "일자리총점":43.139,
            "가치 총점":35.7727,
            "매매실거래년":20211230.0,
            "매매실거래가":45000.0,
            "전세실거래년":20220120.0,
            "전세실거래가":30000.0,
            "전세가율":63.83,
            "장기전세가율평균":71.38,
            "전세가율거품지수":7.55,
            "검색코드":1812,
            "세대수":952.0,
            "준공년월":"1997-12-31",
            "준공년차":26.0,
            "가까운역이름":"청명",
            "가까운역거리":1043.95,
            "역세권여부":"비역세권",
            "30분이내주요거점역":0,
            "30분거점역이름":"[]",
            "1시간이내주요거점역":5,
            "1시간거점역이름":"['판교', '정자', '수원시청', '수원', '서현']",
            "3km이내백화점수":0,
            "5km이내아울렛몰수":1,
            "1km이내대형먀트수":0,
            "500m이내은행수":0,
            "500m이내병원수":13,
            "5km이내대형병원수":3,
            "500m이내공원수":4,
            "3km이내혐오시설수":0,
            "초등학교학업성취도":89.97,
            "중학교학업성취도":84.4,
            "용적률":219,
            "건폐율":20,
            "Y":37.268058,
            "X":127.083754,
            "rank":121.0,
            "area_info":"24평(81.36), 25평(82.82)",
            "last_sales":"2021-12-30,45000.0,25평(82.82)",
            "rank_history":[
                [
                    "202202",
                    121
                ],
                [
                    "202201",
                    108
                ]
            ],
            "rank_gap":-13
        },
        {
            "index":380,
            "아파트명":"신미주",
            "투자타입":"일반",
            "전용면적(m2)":"54.58",
            "전용면적(평)":"16평",
            "법정동주소":"경기도 수원시 영통구 원천동 300-3",
            "도로명주소":"경기도 수원시 영통구 삼성로 308",
            "세대수":0,
            "입주년차":0,
            "용적률점수":"--",
            "건폐율점수":"--",
            "세대당주차수":0,
            "난방방식":30,
            "공급면적":"--",
            "전용률":"--",
            "욕실수":50,
            "현관타입":10,
            "주거총점":9.0,
            "지역구공급총점":0.0,
            "역세권":0,
            "30분내 이동가능 거점":0,
            "1시간내 이동가능 거점":40,
            "교통총점":8.0,
            "백화점":100,
            "아울렛몰":80,
            "대형마트":80,
            "은행":0,
            "병원":0,
            "종합병원":100,
            "공원":0,
            "혐오시설":-50,
            "인프라총점":69.0,
            "초등학군":89.96,
            "중학군":57.42,
            "학군총점":63.928,
            "인구수":42.64,
            "인구증감":-10.11,
            "인구총점":26.815,
            "일자리":18.77,
            "소득수준":100.0,
            "일자리총점":43.139,
            "가치 총점":34.8892,
            "매매실거래년":20210725.0,
            "매매실거래가":39700.0,
            "전세실거래년":20210810.0,
            "전세실거래가":11550.0,
            "전세가율":68.14,
            "장기전세가율평균":71.38,
            "전세가율거품지수":3.24,
            "검색코드":2589,
            "세대수":275.0,
            "준공년월":"1996-09-30",
            "준공년차":27.0,
            "가까운역이름":"청명",
            "가까운역거리":1270.11,
            "역세권여부":"비역세권",
            "30분이내주요거점역":0,
            "30분거점역이름":"[]",
            "1시간이내주요거점역":4,
            "1시간거점역이름":"['정자', '수원시청', '수원', '서현']",
            "3km이내백화점수":1,
            "5km이내아울렛몰수":1,
            "1km이내대형먀트수":1,
            "500m이내은행수":0,
            "500m이내병원수":1,
            "5km이내대형병원수":4,
            "500m이내공원수":0,
            "3km이내혐오시설수":1,
            "초등학교학업성취도":89.96,
            "중학교학업성취도":94.3,
            "용적률":326,
            "건폐율":23,
            "Y":37.266681,
            "X":127.067784,
            "rank":122.0,
            "area_info":"16평(54.58), 26평(87.26), 32평(106.49)",
            "last_sales":"2021-07-25,39700.0,32평(106.49)",
            "rank_history":[
                [
                    "202202",
                    122
                ],
                [
                    "202201",
                    122
                ]
            ],
            "rank_gap":0
        },
        {
            "index":480,
            "아파트명":"광교파크자이더테라스",
            "투자타입":"일반",
            "전용면적(m2)":"115.73",
            "전용면적(평)":"35평",
            "법정동주소":"경기도 수원시 영통구 이의동 1177",
            "도로명주소":"경기도 수원시 영통구 웰빙타운로 130",
            "세대수":0,
            "입주년차":80,
            "용적률점수":"--",
            "건폐율점수":"--",
            "세대당주차수":60,
            "난방방식":100,
            "공급면적":"--",
            "전용률":"--",
            "욕실수":100,
            "현관타입":100,
            "주거총점":55.0,
            "지역구공급총점":0.0,
            "역세권":0,
            "30분내 이동가능 거점":0,
            "1시간내 이동가능 거점":60,
            "교통총점":12.0,
            "백화점":0,
            "아울렛몰":100,
            "대형마트":0,
            "은행":0,
            "병원":0,
            "종합병원":100,
            "공원":0,
            "혐오시설":0,
            "인프라총점":30.0,
            "초등학군":89.98,
            "중학군":57.72,
            "학군총점":64.172,
            "인구수":42.64,
            "인구증감":-10.11,
            "인구총점":26.815,
            "일자리":18.77,
            "소득수준":100.0,
            "일자리총점":43.139,
            "가치 총점":33.8258,
            "매매실거래년":20170522.0,
            "매매실거래가":75100.0,
            "전세실거래년":null,
            "전세실거래가":null,
            "전세가율":null,
            "장기전세가율평균":71.38,
            "전세가율거품지수":null,
            "검색코드":111269,
            "세대수":268.0,
            "준공년월":"2017-02-24",
            "준공년차":6.0,
            "가까운역이름":"광교",
            "가까운역거리":1014.4,
            "역세권여부":"비역세권",
            "30분이내주요거점역":0,
            "30분거점역이름":"[]",
            "1시간이내주요거점역":6,
            "1시간거점역이름":"['강남', '판교', '양재', '정자', '수원', '서현']",
            "3km이내백화점수":0,
            "5km이내아울렛몰수":2,
            "1km이내대형먀트수":0,
            "500m이내은행수":0,
            "500m이내병원수":0,
            "5km이내대형병원수":4,
            "500m이내공원수":0,
            "3km이내혐오시설수":0,
            "초등학교학업성취도":89.98,
            "중학교학업성취도":92.6,
            "용적률":69,
            "건폐율":31,
            "Y":37.309684,
            "X":127.03809,
            "rank":123.0,
            "area_info":"35평(115.73), 35평(115.85), 35평(116.35), 35평(116.35), 35평(117.35), 42평(140.96), 42평(140.74), 42평(140.55), 42평(141.34), 42평(141.34), 42평(141.63), 42평(141.63), 45평(149.19), 45평(151.85)",
            "last_sales":"2017-05-22,75100.0,42평(140.74)",
            "rank_history":[
                [
                    "202202",
                    123
                ],
                [
                    "202201",
                    123
                ]
            ],
            "rank_gap":0
        },
        {
            "index":28,
            "아파트명":"동수원쌍용스윗닷홈3차",
            "투자타입":"일반",
            "전용면적(m2)":"78.3",
            "전용면적(평)":"23평",
            "법정동주소":"경기도 수원시 영통구 망포동 700",
            "도로명주소":"경기도 수원시 영통구 태장로7번길 38",
            "세대수":0,
            "입주년차":40,
            "용적률점수":"--",
            "건폐율점수":"--",
            "세대당주차수":30,
            "난방방식":30,
            "공급면적":"--",
            "전용률":"--",
            "욕실수":100,
            "현관타입":100,
            "주거총점":35.5,
            "지역구공급총점":0.0,
            "역세권":0,
            "30분내 이동가능 거점":40,
            "1시간내 이동가능 거점":50,
            "교통총점":22.0,
            "백화점":0,
            "아울렛몰":0,
            "대형마트":0,
            "은행":0,
            "병원":30,
            "종합병원":100,
            "공원":100,
            "혐오시설":0,
            "인프라총점":26.0,
            "초등학군":90.01,
            "중학군":52.3,
            "학군총점":59.842,
            "인구수":42.64,
            "인구증감":-10.11,
            "인구총점":26.815,
            "일자리":18.77,
            "소득수준":100.0,
            "일자리총점":43.139,
            "가치 총점":31.5763,
            "매매실거래년":20211218.0,
            "매매실거래가":45500.0,
            "전세실거래년":20210930.0,
            "전세실거래가":18900.0,
            "전세가율":41.54,
            "장기전세가율평균":71.38,
            "전세가율거품지수":29.84,
            "검색코드":11503,
            "세대수":287.0,
            "준공년월":"2004-09-24",
            "준공년차":19.0,
            "가까운역이름":"망포",
            "가까운역거리":1106.44,
            "역세권여부":"비역세권",
            "30분이내주요거점역":2,
            "30분거점역이름":"['수원시청', '수원']",
            "1시간이내주요거점역":5,
            "1시간거점역이름":"['판교', '정자', '수원시청', '수원', '서현']",
            "3km이내백화점수":0,
            "5km이내아울렛몰수":0,
            "1km이내대형먀트수":0,
            "500m이내은행수":1,
            "500m이내병원수":7,
            "5km이내대형병원수":5,
            "500m이내공원수":2,
            "3km이내혐오시설수":0,
            "초등학교학업성취도":90.01,
            "중학교학업성취도":86.1,
            "용적률":221,
            "건폐율":22,
            "Y":37.23935,
            "X":127.04783,
            "rank":124.0,
            "area_info":"23평(78.3)",
            "last_sales":"2021-12-18,45500.0,23평(78.3)",
            "rank_history":[
                [
                    "202202",
                    124
                ],
                [
                    "202201",
                    124
                ]
            ],
            "rank_gap":0
        },
        {
            "index":40,
            "아파트명":"망포마을벽산이빌리지",
            "투자타입":"일반",
            "전용면적(m2)":"95.72",
            "전용면적(평)":"28평",
            "법정동주소":"경기도 수원시 영통구 망포동 696",
            "도로명주소":"경기도 수원시 영통구 동탄지성로488번길 22",
            "세대수":30,
            "입주년차":20,
            "용적률점수":"--",
            "건폐율점수":"--",
            "세대당주차수":30,
            "난방방식":100,
            "공급면적":"--",
            "전용률":"--",
            "욕실수":100,
            "현관타입":100,
            "주거총점":49.0,
            "지역구공급총점":0.0,
            "역세권":0,
            "30분내 이동가능 거점":0,
            "1시간내 이동가능 거점":20,
            "교통총점":4.0,
            "백화점":0,
            "아울렛몰":0,
            "대형마트":0,
            "은행":0,
            "병원":10,
            "종합병원":100,
            "공원":100,
            "혐오시설":0,
            "인프라총점":24.0,
            "초등학군":90.01,
            "중학군":52.3,
            "학군총점":59.842,
            "인구수":42.64,
            "인구증감":-10.11,
            "인구총점":26.815,
            "일자리":18.77,
            "소득수준":100.0,
            "일자리총점":43.139,
            "가치 총점":27.3763,
            "매매실거래년":20210918.0,
            "매매실거래가":52800.0,
            "전세실거래년":20220105.0,
            "전세실거래가":28000.0,
            "전세가율":56.0,
            "장기전세가율평균":71.38,
            "전세가율거품지수":15.38,
            "검색코드":8491,
            "세대수":344.0,
            "준공년월":"2002-07-25",
            "준공년차":21.0,
            "가까운역이름":"망포",
            "가까운역거리":1296.21,
            "역세권여부":"비역세권",
            "30분이내주요거점역":0,
            "30분거점역이름":"[]",
            "1시간이내주요거점역":2,
            "1시간거점역이름":"['수원시청', '수원']",
            "3km이내백화점수":0,
            "5km이내아울렛몰수":0,
            "1km이내대형먀트수":0,
            "500m이내은행수":1,
            "500m이내병원수":2,
            "5km이내대형병원수":5,
            "500m이내공원수":2,
            "3km이내혐오시설수":0,
            "초등학교학업성취도":90.01,
            "중학교학업성취도":86.1,
            "용적률":199,
            "건폐율":19,
            "Y":37.237314,
            "X":127.047307,
            "rank":125.0,
            "area_info":"28평(95.72), 32평(107.94), 43평(142.5)",
            "last_sales":"2021-09-18,52800.0,32평(107.94)",
            "rank_history":[
                [
                    "202202",
                    125
                ],
                [
                    "202201",
                    125
                ]
            ],
            "rank_gap":0
        },
        {
            "index":26,
            "아파트명":"동수원쌍용스윗닷홈2차",
            "투자타입":"일반",
            "전용면적(m2)":"83.16",
            "전용면적(평)":"25평",
            "법정동주소":"경기도 수원시 영통구 망포동 702",
            "도로명주소":"경기도 수원시 영통구 태장로54번길 122",
            "세대수":0,
            "입주년차":40,
            "용적률점수":"--",
            "건폐율점수":"--",
            "세대당주차수":30,
            "난방방식":30,
            "공급면적":"--",
            "전용률":"--",
            "욕실수":100,
            "현관타입":100,
            "주거총점":35.5,
            "지역구공급총점":0.0,
            "역세권":0,
            "30분내 이동가능 거점":0,
            "1시간내 이동가능 거점":40,
            "교통총점":8.0,
            "백화점":0,
            "아울렛몰":0,
            "대형마트":0,
            "은행":0,
            "병원":30,
            "종합병원":100,
            "공원":0,
            "혐오시설":0,
            "인프라총점":23.0,
            "초등학군":90.0,
            "중학군":55.44,
            "학군총점":62.352,
            "인구수":42.64,
            "인구증감":-10.11,
            "인구총점":26.815,
            "일자리":18.77,
            "소득수준":100.0,
            "일자리총점":43.139,
            "가치 총점":26.1528,
            "매매실거래년":20220128.0,
            "매매실거래가":45000.0,
            "전세실거래년":20211115.0,
            "전세실거래가":34000.0,
            "전세가율":75.89,
            "장기전세가율평균":71.38,
            "전세가율거품지수":-4.51,
            "검색코드":11502,
            "세대수":274.0,
            "준공년월":"2004-11-29",
            "준공년차":19.0,
            "가까운역이름":"망포",
            "가까운역거리":1309.91,
            "역세권여부":"비역세권",
            "30분이내주요거점역":0,
            "30분거점역이름":"[]",
            "1시간이내주요거점역":4,
            "1시간거점역이름":"['정자', '수원시청', '수원', '서현']",
            "3km이내백화점수":0,
            "5km이내아울렛몰수":0,
            "1km이내대형먀트수":0,
            "500m이내은행수":0,
            "500m이내병원수":5,
            "5km이내대형병원수":2,
            "500m이내공원수":0,
            "3km이내혐오시설수":0,
            "초등학교학업성취도":90.0,
            "중학교학업성취도":90.0,
            "용적률":224,
            "건폐율":21,
            "Y":37.234348,
            "X":127.053858,
            "rank":126.0,
            "area_info":"25평(83.16), 33평(109.59)",
            "last_sales":"2022-01-28,45000.0,33평(109.59)",
            "rank_history":[
                [
                    "202202",
                    126
                ],
                [
                    "202201",
                    126
                ]
            ],
            "rank_gap":0
        },
        {
            "index":84,
            "아파트명":"일신건영휴먼빌",
            "투자타입":"일반",
            "전용면적(m2)":"103.47",
            "전용면적(평)":"31평",
            "법정동주소":"경기도 수원시 영통구 망포동 716",
            "도로명주소":"경기도 수원시 영통구 동탄지성로 500",
            "세대수":0,
            "입주년차":40,
            "용적률점수":"--",
            "건폐율점수":"--",
            "세대당주차수":30,
            "난방방식":30,
            "공급면적":"--",
            "전용률":"--",
            "욕실수":100,
            "현관타입":100,
            "주거총점":35.5,
            "지역구공급총점":0.0,
            "역세권":0,
            "30분내 이동가능 거점":0,
            "1시간내 이동가능 거점":30,
            "교통총점":6.0,
            "백화점":0,
            "아울렛몰":0,
            "대형마트":0,
            "은행":0,
            "병원":30,
            "종합병원":100,
            "공원":100,
            "혐오시설":0,
            "인프라총점":26.0,
            "초등학군":90.01,
            "중학군":52.3,
            "학군총점":59.842,
            "인구수":42.64,
            "인구증감":-10.11,
            "인구총점":26.815,
            "일자리":18.77,
            "소득수준":100.0,
            "일자리총점":43.139,
            "가치 총점":25.9763,
            "매매실거래년":20210930.0,
            "매매실거래가":48800.0,
            "전세실거래년":20210417.0,
            "전세실거래가":33000.0,
            "전세가율":73.33,
            "장기전세가율평균":71.38,
            "전세가율거품지수":-1.95,
            "검색코드":19005,
            "세대수":105.0,
            "준공년월":"2006-07-14",
            "준공년차":17.0,
            "가까운역이름":"망포",
            "가까운역거리":1292.48,
            "역세권여부":"비역세권",
            "30분이내주요거점역":0,
            "30분거점역이름":"[]",
            "1시간이내주요거점역":3,
            "1시간거점역이름":"['정자', '수원시청', '수원']",
            "3km이내백화점수":0,
            "5km이내아울렛몰수":0,
            "1km이내대형먀트수":0,
            "500m이내은행수":1,
            "500m이내병원수":5,
            "5km이내대형병원수":5,
            "500m이내공원수":2,
            "3km이내혐오시설수":0,
            "초등학교학업성취도":90.01,
            "중학교학업성취도":86.1,
            "용적률":230,
            "건폐율":22,
            "Y":37.238001,
            "X":127.046521,
            "rank":127.0,
            "area_info":"31평(103.47), 31평(103.47), 31평(104.2)",
            "last_sales":"2021-09-30,48800.0,31평(104.2)",
            "rank_history":[
                [
                    "202202",
                    127
                ],
                [
                    "202201",
                    127
                ]
            ],
            "rank_gap":0
        }
    ]
}