{
    "schema":{
        "fields":[
            {
                "name":"index",
                "type":"integer"
            },
            {
                "name":"아파트명",
                "type":"string"
            },
            {
                "name":"투자타입",
                "type":"string"
            },
            {
                "name":"전용면적(m2)",
                "type":"string"
            },
            {
                "name":"전용면적(평)",
                "type":"string"
            },
            {
                "name":"법정동주소",
                "type":"string"
            },
            {
                "name":"도로명주소",
                "type":"string"
            },
            {
                "name":"세대수",
                "type":"integer"
            },
            {
                "name":"입주년차",
                "type":"string"
            },
            {
                "name":"용적률점수",
                "type":"string"
            },
            {
                "name":"건폐율점수",
                "type":"string"
            },
            {
                "name":"세대당주차수",
                "type":"string"
            },
            {
                "name":"난방방식",
                "type":"string"
            },
            {
                "name":"공급면적",
                "type":"string"
            },
            {
                "name":"전용률",
                "type":"string"
            },
            {
                "name":"욕실수",
                "type":"string"
            },
            {
                "name":"현관타입",
                "type":"string"
            },
            {
                "name":"주거총점",
                "type":"number"
            },
            {
                "name":"지역구공급총점",
                "type":"number"
            },
            {
                "name":"역세권",
                "type":"integer"
            },
            {
                "name":"30분내 이동가능 거점",
                "type":"integer"
            },
            {
                "name":"1시간내 이동가능 거점",
                "type":"integer"
            },
            {
                "name":"교통총점",
                "type":"number"
            },
            {
                "name":"백화점",
                "type":"integer"
            },
            {
                "name":"아울렛몰",
                "type":"integer"
            },
            {
                "name":"대형마트",
                "type":"integer"
            },
            {
                "name":"은행",
                "type":"integer"
            },
            {
                "name":"병원",
                "type":"integer"
            },
            {
                "name":"종합병원",
                "type":"integer"
            },
            {
                "name":"공원",
                "type":"integer"
            },
            {
                "name":"혐오시설",
                "type":"integer"
            },
            {
                "name":"인프라총점",
                "type":"number"
            },
            {
                "name":"초등학군",
                "type":"number"
            },
            {
                "name":"중학군",
                "type":"number"
            },
            {
                "name":"학군총점",
                "type":"number"
            },
            {
                "name":"인구수",
                "type":"number"
            },
            {
                "name":"인구증감",
                "type":"number"
            },
            {
                "name":"인구총점",
                "type":"number"
            },
            {
                "name":"일자리",
                "type":"number"
            },
            {
                "name":"소득수준",
                "type":"number"
            },
            {
                "name":"일자리총점",
                "type":"number"
            },
            {
                "name":"가치 총점",
                "type":"number"
            },
            {
                "name":"매매실거래년",
                "type":"string"
            },
            {
                "name":"매매실거래가",
                "type":"number"
            },
            {
                "name":"전세실거래년",
                "type":"number"
            },
            {
                "name":"전세실거래가",
                "type":"number"
            },
            {
                "name":"전세가율",
                "type":"number"
            },
            {
                "name":"장기전세가율평균",
                "type":"number"
            },
            {
                "name":"전세가율거품지수",
                "type":"number"
            },
            {
                "name":"검색코드",
                "type":"integer"
            },
            {
                "name":"세대수",
                "type":"number"
            },
            {
                "name":"준공년월",
                "type":"string"
            },
            {
                "name":"준공년차",
                "type":"number"
            },
            {
                "name":"가까운역이름",
                "type":"string"
            },
            {
                "name":"가까운역거리",
                "type":"number"
            },
            {
                "name":"역세권여부",
                "type":"string"
            },
            {
                "name":"30분이내주요거점역",
                "type":"integer"
            },
            {
                "name":"30분거점역이름",
                "type":"string"
            },
            {
                "name":"1시간이내주요거점역",
                "type":"integer"
            },
            {
                "name":"1시간거점역이름",
                "type":"string"
            },
            {
                "name":"3km이내백화점수",
                "type":"integer"
            },
            {
                "name":"5km이내아울렛몰수",
                "type":"integer"
            },
            {
                "name":"1km이내대형먀트수",
                "type":"integer"
            },
            {
                "name":"500m이내은행수",
                "type":"integer"
            },
            {
                "name":"500m이내병원수",
                "type":"integer"
            },
            {
                "name":"5km이내대형병원수",
                "type":"integer"
            },
            {
                "name":"500m이내공원수",
                "type":"integer"
            },
            {
                "name":"3km이내혐오시설수",
                "type":"integer"
            },
            {
                "name":"초등학교학업성취도",
                "type":"number"
            },
            {
                "name":"중학교학업성취도",
                "type":"number"
            },
            {
                "name":"용적률",
                "type":"integer"
            },
            {
                "name":"건폐율",
                "type":"integer"
            },
            {
                "name":"Y",
                "type":"number"
            },
            {
                "name":"X",
                "type":"number"
            },
            {
                "name":"rank",
                "type":"number"
            },
            {
                "name":"area_info",
                "type":"string"
            },
            {
                "name":"last_sales",
                "type":"string"
            },
            {
                "name":"rank_history",
                "type":"string"
            },
            {
                "name":"rank_gap",
                "type":"integer"
            }
        ],
        "primaryKey":[
            "index"
        ],
        "pandas_version":"1.4.0"
    },
    "data":[
        {
            "index":50,
            "아파트명":"산성역포레스티아",
            "투자타입":"일반",
            "전용면적(m2)":"77.18",
            "전용면적(평)":"23평",
            "법정동주소":"경기도 성남시 수정구 신흥동 6951",
            "도로명주소":"경기도 성남시 수정구 수정로 319",
            "세대수":100,
            "입주년차":100,
            "용적률점수":"--",
            "건폐율점수":"--",
            "세대당주차수":30,
            "난방방식":100,
            "공급면적":"--",
            "전용률":"--",
            "욕실수":100,
            "현관타입":100,
            "주거총점":89.5,
            "지역구공급총점":0.0,
            "역세권":80,
            "30분내 이동가능 거점":40,
            "1시간내 이동가능 거점":100,
            "교통총점":72.0,
            "백화점":0,
            "아울렛몰":80,
            "대형마트":0,
            "은행":0,
            "병원":60,
            "종합병원":100,
            "공원":80,
            "혐오시설":0,
            "인프라총점":36.4,
            "초등학군":89.92,
            "중학군":44.76,
            "학군총점":53.792,
            "인구수":26.43,
            "인구증감":-16.21,
            "인구총점":13.638,
            "일자리":16.74,
            "소득수준":77.56,
            "일자리총점":34.986,
            "가치 총점":62.0888,
            "매매실거래년":20211023.0,
            "매매실거래가":144500.0,
            "전세실거래년":20211204.0,
            "전세실거래가":68000.0,
            "전세가율":61.12,
            "장기전세가율평균":61.28,
            "전세가율거품지수":0.16,
            "검색코드":118771,
            "세대수":4089.0,
            "준공년월":"2020-07-01",
            "준공년차":3.0,
            "가까운역이름":"산성",
            "가까운역거리":476.21,
            "역세권여부":"역세권",
            "30분이내주요거점역":2,
            "30분거점역이름":"['잠실', '서현']",
            "1시간이내주요거점역":11,
            "1시간거점역이름":"['강남', '역삼', '잠실', '판교', '여의도', '을지로입구', '을지로3가', '양재', '정자', '왕십리', '서현']",
            "3km이내백화점수":0,
            "5km이내아울렛몰수":1,
            "1km이내대형먀트수":0,
            "500m이내은행수":1,
            "500m이내병원수":21,
            "5km이내대형병원수":3,
            "500m이내공원수":1,
            "3km이내혐오시설수":0,
            "초등학교학업성취도":89.92,
            "중학교학업성취도":73.8,
            "용적률":249,
            "건폐율":20,
            "Y":37.453259,
            "X":127.147579,
            "rank":1.0,
            "area_info":"23평(77.18), 26평(86.99), 29평(95.99), 29평(96.59), 32평(107.37), 32평(108.52), 32평(108.99), 33평(112.35), 34평(113.06), 34평(113.27), 34평(114.01), 37평(125.26)",
            "last_sales":"2021-10-23,144500.0,32평(108.52)",
            "rank_history":[
                [
                    "202202",
                    1
                ],
                [
                    "202201",
                    1
                ]
            ],
            "rank_gap":0
        },
        {
            "index":83,
            "아파트명":"신동아파라디움",
            "투자타입":"일반",
            "전용면적(m2)":"106.73",
            "전용면적(평)":"32평",
            "법정동주소":"경기도 성남시 수정구 신흥동 2465-7",
            "도로명주소":"경기도 성남시 수정구 공원로 322",
            "세대수":0,
            "입주년차":40,
            "용적률점수":"--",
            "건폐율점수":"--",
            "세대당주차수":30,
            "난방방식":30,
            "공급면적":"--",
            "전용률":"--",
            "욕실수":100,
            "현관타입":100,
            "주거총점":35.5,
            "지역구공급총점":0.0,
            "역세권":80,
            "30분내 이동가능 거점":60,
            "1시간내 이동가능 거점":100,
            "교통총점":78.0,
            "백화점":0,
            "아울렛몰":80,
            "대형마트":80,
            "은행":70,
            "병원":80,
            "종합병원":100,
            "공원":0,
            "혐오시설":0,
            "인프라총점":55.0,
            "초등학군":89.99,
            "중학군":42.36,
            "학군총점":51.886,
            "인구수":26.43,
            "인구증감":-16.21,
            "인구총점":13.638,
            "일자리":16.74,
            "소득수준":77.56,
            "일자리총점":34.986,
            "가치 총점":58.6829,
            "매매실거래년":20210707.0,
            "매매실거래가":94500.0,
            "전세실거래년":20191207.0,
            "전세실거래가":40000.0,
            "전세가율":57.55,
            "장기전세가율평균":61.28,
            "전세가율거품지수":3.73,
            "검색코드":15024,
            "세대수":272.0,
            "준공년월":"2006-02-17",
            "준공년차":17.0,
            "가까운역이름":"단대오거리",
            "가까운역거리":472.39,
            "역세권여부":"역세권",
            "30분이내주요거점역":3,
            "30분거점역이름":"['판교', '정자', '서현']",
            "1시간이내주요거점역":12,
            "1시간거점역이름":"['강남', '역삼', '잠실', '판교', '여의도', '을지로3가', '양재', '정자', '수원시청', '왕십리', '수원', '서현']",
            "3km이내백화점수":0,
            "5km이내아울렛몰수":1,
            "1km이내대형먀트수":1,
            "500m이내은행수":3,
            "500m이내병원수":52,
            "5km이내대형병원수":4,
            "500m이내공원수":0,
            "3km이내혐오시설수":0,
            "초등학교학업성취도":89.99,
            "중학교학업성취도":70.2,
            "용적률":595,
            "건폐율":69,
            "Y":37.443323,
            "X":127.152072,
            "rank":2.0,
            "area_info":"32평(106.73), 32평(107.38), 44평(146.77), 46평(154.9), 46평(155.03), 49평(163.72), 51평(170.05)",
            "last_sales":"2021-07-07,94500.0,51평(170.05)",
            "rank_history":[
                [
                    "202202",
                    2
                ],
                [
                    "202201",
                    2
                ]
            ],
            "rank_gap":0
        },
        {
            "index":224,
            "아파트명":"가천대역두산위브",
            "투자타입":"일반",
            "전용면적(m2)":"81.21",
            "전용면적(평)":"24평",
            "법정동주소":"경기도 성남시 수정구 태평동 7346",
            "도로명주소":"경기도 성남시 수정구 태평로 65",
            "세대수":50,
            "입주년차":80,
            "용적률점수":"--",
            "건폐율점수":"--",
            "세대당주차수":30,
            "난방방식":30,
            "공급면적":"--",
            "전용률":"--",
            "욕실수":100,
            "현관타입":100,
            "주거총점":61.0,
            "지역구공급총점":0.0,
            "역세권":50,
            "30분내 이동가능 거점":60,
            "1시간내 이동가능 거점":100,
            "교통총점":63.0,
            "백화점":0,
            "아울렛몰":80,
            "대형마트":80,
            "은행":70,
            "병원":60,
            "종합병원":100,
            "공원":80,
            "혐오시설":0,
            "인프라총점":55.4,
            "초등학군":89.97,
            "중학군":40.02,
            "학군총점":50.01,
            "인구수":26.43,
            "인구증감":-16.21,
            "인구총점":13.638,
            "일자리":16.74,
            "소득수준":77.56,
            "일자리총점":34.986,
            "가치 총점":58.3715,
            "매매실거래년":20211217.0,
            "매매실거래가":84500.0,
            "전세실거래년":20220118.0,
            "전세실거래가":40000.0,
            "전세가율":48.78,
            "장기전세가율평균":61.28,
            "전세가율거품지수":12.5,
            "검색코드":113013,
            "세대수":503.0,
            "준공년월":"2018-10-12",
            "준공년차":5.0,
            "가까운역이름":"가천대",
            "가까운역거리":642.49,
            "역세권여부":"준역세권",
            "30분이내주요거점역":3,
            "30분거점역이름":"['판교', '정자', '서현']",
            "1시간이내주요거점역":11,
            "1시간거점역이름":"['강남', '역삼', '잠실', '판교', '여의도', '양재', '정자', '수원시청', '왕십리', '수원', '서현']",
            "3km이내백화점수":0,
            "5km이내아울렛몰수":1,
            "1km이내대형먀트수":1,
            "500m이내은행수":3,
            "500m이내병원수":11,
            "5km이내대형병원수":4,
            "500m이내공원수":1,
            "3km이내혐오시설수":0,
            "초등학교학업성취도":89.97,
            "중학교학업성취도":66.5,
            "용적률":249,
            "건폐율":27,
            "Y":37.45008,
            "X":127.133734,
            "rank":3.0,
            "area_info":"24평(81.21), 24평(81.68), 24평(82.14), 24평(82.0), 27평(92.31), 34평(114.35)",
            "last_sales":"2021-12-17,84500.0,24평(81.68)",
            "rank_history":[
                [
                    "202202",
                    3
                ],
                [
                    "202201",
                    5
                ]
            ],
            "rank_gap":2
        },
        {
            "index":26,
            "아파트명":"푸르지오",
            "투자타입":"일반",
            "전용면적(m2)":"85.57",
            "전용면적(평)":"25평",
            "법정동주소":"경기도 성남시 수정구 단대동 100",
            "도로명주소":"경기도 성남시 수정구 산성대로437번길 7",
            "세대수":90,
            "입주년차":60,
            "용적률점수":"--",
            "건폐율점수":"--",
            "세대당주차수":30,
            "난방방식":30,
            "공급면적":"--",
            "전용률":"--",
            "욕실수":100,
            "현관타입":100,
            "주거총점":71.0,
            "지역구공급총점":0.0,
            "역세권":80,
            "30분내 이동가능 거점":40,
            "1시간내 이동가능 거점":100,
            "교통총점":72.0,
            "백화점":0,
            "아울렛몰":80,
            "대형마트":0,
            "은행":0,
            "병원":60,
            "종합병원":100,
            "공원":100,
            "혐오시설":0,
            "인프라총점":37.0,
            "초등학군":89.98,
            "중학군":42.36,
            "학군총점":51.884,
            "인구수":26.43,
            "인구증감":-16.21,
            "인구총점":13.638,
            "일자리":16.74,
            "소득수준":77.56,
            "일자리총점":34.986,
            "가치 총점":58.2826,
            "매매실거래년":20211217.0,
            "매매실거래가":106500.0,
            "전세실거래년":20211011.0,
            "전세실거래가":64000.0,
            "전세가율":63.37,
            "장기전세가율평균":61.28,
            "전세가율거품지수":-2.09,
            "검색코드":27291,
            "세대수":1015.0,
            "준공년월":"2012-09-07",
            "준공년차":11.0,
            "가까운역이름":"남한산성입구",
            "가까운역거리":292.8,
            "역세권여부":"역세권",
            "30분이내주요거점역":2,
            "30분거점역이름":"['잠실', '서현']",
            "1시간이내주요거점역":13,
            "1시간거점역이름":"['강남', '역삼', '잠실', '판교', '여의도', '을지로입구', '을지로3가', '양재', '정자', '수원시청', '왕십리', '수원', '서현']",
            "3km이내백화점수":0,
            "5km이내아울렛몰수":1,
            "1km이내대형먀트수":0,
            "500m이내은행수":1,
            "500m이내병원수":22,
            "5km이내대형병원수":3,
            "500m이내공원수":2,
            "3km이내혐오시설수":0,
            "초등학교학업성취도":89.98,
            "중학교학업성취도":70.2,
            "용적률":232,
            "건폐율":20,
            "Y":37.449963,
            "X":127.157155,
            "rank":4.0,
            "area_info":"25평(85.57), 25평(85.74), 25평(85.5), 25평(85.38), 25평(85.5), 33평(110.07), 33평(110.12), 33평(110.29), 33평(110.12), 45평(149.29), 45평(149.3), 49평(164.96)",
            "last_sales":"2021-12-17,106500.0,33평(110.12)",
            "rank_history":[
                [
                    "202202",
                    4
                ],
                [
                    "202201",
                    3
                ]
            ],
            "rank_gap":-1
        },
        {
            "index":73,
            "아파트명":"샤르망",
            "투자타입":"일반",
            "전용면적(m2)":"89.27",
            "전용면적(평)":"27평",
            "법정동주소":"경기도 성남시 수정구 신흥동 5180",
            "도로명주소":"경기도 성남시 수정구 시민로 165",
            "세대수":0,
            "입주년차":40,
            "용적률점수":"--",
            "건폐율점수":"--",
            "세대당주차수":30,
            "난방방식":30,
            "공급면적":"--",
            "전용률":"--",
            "욕실수":100,
            "현관타입":10,
            "주거총점":26.5,
            "지역구공급총점":0.0,
            "역세권":80,
            "30분내 이동가능 거점":60,
            "1시간내 이동가능 거점":100,
            "교통총점":78.0,
            "백화점":0,
            "아울렛몰":80,
            "대형마트":80,
            "은행":70,
            "병원":100,
            "종합병원":100,
            "공원":0,
            "혐오시설":0,
            "인프라총점":57.0,
            "초등학군":89.99,
            "중학군":44.76,
            "학군총점":53.806,
            "인구수":26.43,
            "인구증감":-16.21,
            "인구총점":13.638,
            "일자리":16.74,
            "소득수준":77.56,
            "일자리총점":34.986,
            "가치 총점":57.7709,
            "매매실거래년":20211230.0,
            "매매실거래가":24000.0,
            "전세실거래년":20201210.0,
            "전세실거래가":32000.0,
            "전세가율":133.33,
            "장기전세가율평균":61.28,
            "전세가율거품지수":-72.05,
            "검색코드":13792,
            "세대수":117.0,
            "준공년월":"2006-03-02",
            "준공년차":17.0,
            "가까운역이름":"신흥",
            "가까운역거리":489.39,
            "역세권여부":"역세권",
            "30분이내주요거점역":3,
            "30분거점역이름":"['판교', '정자', '서현']",
            "1시간이내주요거점역":11,
            "1시간거점역이름":"['강남', '역삼', '잠실', '판교', '여의도', '양재', '정자', '수원시청', '왕십리', '수원', '서현']",
            "3km이내백화점수":0,
            "5km이내아울렛몰수":1,
            "1km이내대형먀트수":1,
            "500m이내은행수":3,
            "500m이내병원수":103,
            "5km이내대형병원수":4,
            "500m이내공원수":0,
            "3km이내혐오시설수":0,
            "초등학교학업성취도":89.99,
            "중학교학업성취도":73.8,
            "용적률":633,
            "건폐율":79,
            "Y":37.44274,
            "X":127.142518,
            "rank":5.0,
            "area_info":"27평(89.27), 29평(96.61), 29평(98.35), 31평(103.09), 32평(106.26)",
            "last_sales":"2021-12-30,24000.0,27평(89.27)",
            "rank_history":[
                [
                    "202202",
                    5
                ],
                [
                    "202201",
                    4
                ]
            ],
            "rank_gap":-1
        },
        {
            "index":18,
            "아파트명":"코오롱하늘채",
            "투자타입":"일반",
            "전용면적(m2)":"77.29",
            "전용면적(평)":"23평",
            "법정동주소":"경기도 성남시 수정구 단대동 6986",
            "도로명주소":"경기도 성남시 수정구 단대로15번길 2",
            "세대수":0,
            "입주년차":60,
            "용적률점수":"--",
            "건폐율점수":"--",
            "세대당주차수":30,
            "난방방식":30,
            "공급면적":"--",
            "전용률":"--",
            "욕실수":100,
            "현관타입":100,
            "주거총점":39.5,
            "지역구공급총점":0.0,
            "역세권":80,
            "30분내 이동가능 거점":80,
            "1시간내 이동가능 거점":100,
            "교통총점":84.0,
            "백화점":0,
            "아울렛몰":80,
            "대형마트":0,
            "은행":20,
            "병원":60,
            "종합병원":100,
            "공원":100,
            "혐오시설":0,
            "인프라총점":39.0,
            "초등학군":89.98,
            "중학군":42.36,
            "학군총점":51.884,
            "인구수":26.43,
            "인구증감":-16.21,
            "인구총점":13.638,
            "일자리":16.74,
            "소득수준":77.56,
            "일자리총점":34.986,
            "가치 총점":56.7826,
            "매매실거래년":20200919.0,
            "매매실거래가":89000.0,
            "전세실거래년":20211231.0,
            "전세실거래가":50000.0,
            "전세가율":75.19,
            "장기전세가율평균":61.28,
            "전세가율거품지수":-13.91,
            "검색코드":105511,
            "세대수":186.0,
            "준공년월":"2013-02-21",
            "준공년차":10.0,
            "가까운역이름":"남한산성입구",
            "가까운역거리":224.15,
            "역세권여부":"역세권",
            "30분이내주요거점역":4,
            "30분거점역이름":"['잠실', '판교', '정자', '서현']",
            "1시간이내주요거점역":14,
            "1시간거점역이름":"['강남', '역삼', '잠실', '판교', '여의도', '을지로입구', '을지로3가', '양재', '정자', '수원시청', '왕십리', '수원', '구로디지털단지', '서현']",
            "3km이내백화점수":0,
            "5km이내아울렛몰수":1,
            "1km이내대형먀트수":0,
            "500m이내은행수":2,
            "500m이내병원수":24,
            "5km이내대형병원수":3,
            "500m이내공원수":5,
            "3km이내혐오시설수":0,
            "초등학교학업성취도":89.98,
            "중학교학업성취도":70.2,
            "용적률":242,
            "건폐율":26,
            "Y":37.452273,
            "X":127.157453,
            "rank":6.0,
            "area_info":"23평(77.29), 23평(77.94), 23평(78.41), 33평(109.11), 33평(109.2), 33평(109.15), 42평(140.11), 58평(194.61)",
            "last_sales":"2020-09-19,89000.0,42평(140.11)",
            "rank_history":[
                [
                    "202202",
                    6
                ],
                [
                    "202201",
                    7
                ]
            ],
            "rank_gap":1
        },
        {
            "index":90,
            "아파트명":"청구",
            "투자타입":"일반",
            "전용면적(m2)":"72.2",
            "전용면적(평)":"21평",
            "법정동주소":"경기도 성남시 수정구 신흥동 2464-1",
            "도로명주소":"경기도 성남시 수정구 공원로 340",
            "세대수":50,
            "입주년차":0,
            "용적률점수":"--",
            "건폐율점수":"--",
            "세대당주차수":0,
            "난방방식":30,
            "공급면적":"--",
            "전용률":"--",
            "욕실수":50,
            "현관타입":100,
            "주거총점":35.5,
            "지역구공급총점":0.0,
            "역세권":80,
            "30분내 이동가능 거점":40,
            "1시간내 이동가능 거점":100,
            "교통총점":72.0,
            "백화점":0,
            "아울렛몰":80,
            "대형마트":80,
            "은행":70,
            "병원":80,
            "종합병원":100,
            "공원":0,
            "혐오시설":0,
            "인프라총점":55.0,
            "초등학군":89.99,
            "중학군":42.36,
            "학군총점":51.886,
            "인구수":26.43,
            "인구증감":-16.21,
            "인구총점":13.638,
            "일자리":16.74,
            "소득수준":77.56,
            "일자리총점":34.986,
            "가치 총점":56.5829,
            "매매실거래년":20210811.0,
            "매매실거래가":96000.0,
            "전세실거래년":20210826.0,
            "전세실거래가":48000.0,
            "전세가율":60.76,
            "장기전세가율평균":61.28,
            "전세가율거품지수":0.52,
            "검색코드":11288,
            "세대수":493.0,
            "준공년월":"1994-12-15",
            "준공년차":29.0,
            "가까운역이름":"신흥",
            "가까운역거리":494.05,
            "역세권여부":"역세권",
            "30분이내주요거점역":2,
            "30분거점역이름":"['정자', '서현']",
            "1시간이내주요거점역":11,
            "1시간거점역이름":"['강남', '역삼', '잠실', '판교', '여의도', '양재', '정자', '수원시청', '왕십리', '수원', '서현']",
            "3km이내백화점수":0,
            "5km이내아울렛몰수":1,
            "1km이내대형먀트수":1,
            "500m이내은행수":3,
            "500m이내병원수":49,
            "5km이내대형병원수":4,
            "500m이내공원수":0,
            "3km이내혐오시설수":0,
            "초등학교학업성취도":89.99,
            "중학교학업성취도":70.2,
            "용적률":256,
            "건폐율":21,
            "Y":37.444147,
            "X":127.151408,
            "rank":7.0,
            "area_info":"21평(72.2), 28평(94.63), 28평(94.57), 28평(94.43)",
            "last_sales":"2021-08-11,96000.0,28평(94.63)",
            "rank_history":[
                [
                    "202202",
                    7
                ],
                [
                    "202201",
                    6
                ]
            ],
            "rank_gap":-1
        },
        {
            "index":10,
            "아파트명":"미도",
            "투자타입":"재건축",
            "전용면적(m2)":"82.58",
            "전용면적(평)":"24평",
            "법정동주소":"경기도 성남시 수정구 단대동 182",
            "도로명주소":"경기도 성남시 수정구 희망로 472",
            "세대수":0,
            "입주년차":"--",
            "용적률점수":20,
            "건폐율점수":100,
            "세대당주차수":"--",
            "난방방식":"--",
            "공급면적":70,
            "전용률":100,
            "욕실수":"--",
            "현관타입":"--",
            "주거총점":36.5,
            "지역구공급총점":0.0,
            "역세권":80,
            "30분내 이동가능 거점":80,
            "1시간내 이동가능 거점":100,
            "교통총점":84.0,
            "백화점":0,
            "아울렛몰":80,
            "대형마트":0,
            "은행":0,
            "병원":80,
            "종합병원":100,
            "공원":80,
            "혐오시설":0,
            "인프라총점":38.4,
            "초등학군":89.98,
            "중학군":42.36,
            "학군총점":51.884,
            "인구수":26.43,
            "인구증감":-16.21,
            "인구총점":13.638,
            "일자리":16.74,
            "소득수준":77.56,
            "일자리총점":34.986,
            "가치 총점":56.0026,
            "매매실거래년":20211023.0,
            "매매실거래가":80000.0,
            "전세실거래년":20211229.0,
            "전세실거래가":27400.0,
            "전세가율":34.25,
            "장기전세가율평균":61.28,
            "전세가율거품지수":27.03,
            "검색코드":1726,
            "세대수":280.0,
            "준공년월":"1982-11-16",
            "준공년차":41.0,
            "가까운역이름":"단대오거리",
            "가까운역거리":230.73,
            "역세권여부":"역세권",
            "30분이내주요거점역":4,
            "30분거점역이름":"['잠실', '판교', '정자', '서현']",
            "1시간이내주요거점역":11,
            "1시간거점역이름":"['강남', '역삼', '잠실', '판교', '여의도', '양재', '정자', '수원시청', '왕십리', '수원', '서현']",
            "3km이내백화점수":0,
            "5km이내아울렛몰수":1,
            "1km이내대형먀트수":0,
            "500m이내은행수":1,
            "500m이내병원수":57,
            "5km이내대형병원수":4,
            "500m이내공원수":1,
            "3km이내혐오시설수":0,
            "초등학교학업성취도":89.98,
            "중학교학업성취도":70.2,
            "용적률":203,
            "건폐율":16,
            "Y":37.447209,
            "X":127.156165,
            "rank":8.0,
            "area_info":"24평(82.58)",
            "last_sales":"2021-10-23,80000.0,24평(82.58)",
            "rank_history":[
                [
                    "202202",
                    8
                ],
                [
                    "202201",
                    8
                ]
            ],
            "rank_gap":0
        },
        {
            "index":69,
            "아파트명":"삼부르네상스파크II",
            "투자타입":"일반",
            "전용면적(m2)":"116.46",
            "전용면적(평)":"35평",
            "법정동주소":"경기도 성남시 수정구 신흥동 2476",
            "도로명주소":"경기도 성남시 수정구 산성대로 305",
            "세대수":0,
            "입주년차":40,
            "용적률점수":"--",
            "건폐율점수":"--",
            "세대당주차수":60,
            "난방방식":30,
            "공급면적":"--",
            "전용률":"--",
            "욕실수":100,
            "현관타입":100,
            "주거총점":40.0,
            "지역구공급총점":0.0,
            "역세권":80,
            "30분내 이동가능 거점":20,
            "1시간내 이동가능 거점":100,
            "교통총점":66.0,
            "백화점":0,
            "아울렛몰":80,
            "대형마트":80,
            "은행":70,
            "병원":80,
            "종합병원":100,
            "공원":0,
            "혐오시설":0,
            "인프라총점":55.0,
            "초등학군":89.98,
            "중학군":42.36,
            "학군총점":51.884,
            "인구수":26.43,
            "인구증감":-16.21,
            "인구총점":13.638,
            "일자리":16.74,
            "소득수준":77.56,
            "일자리총점":34.986,
            "가치 총점":55.3826,
            "매매실거래년":20201126.0,
            "매매실거래가":66000.0,
            "전세실거래년":20211117.0,
            "전세실거래가":40000.0,
            "전세가율":60.61,
            "장기전세가율평균":61.28,
            "전세가율거품지수":0.67,
            "검색코드":14745,
            "세대수":134.0,
            "준공년월":"2006-06-09",
            "준공년차":17.0,
            "가까운역이름":"신흥",
            "가까운역거리":320.15,
            "역세권여부":"역세권",
            "30분이내주요거점역":1,
            "30분거점역이름":"['정자']",
            "1시간이내주요거점역":12,
            "1시간거점역이름":"['강남', '역삼', '잠실', '판교', '여의도', '을지로3가', '양재', '정자', '수원시청', '왕십리', '수원', '서현']",
            "3km이내백화점수":0,
            "5km이내아울렛몰수":1,
            "1km이내대형먀트수":1,
            "500m이내은행수":4,
            "500m이내병원수":56,
            "5km이내대형병원수":4,
            "500m이내공원수":0,
            "3km이내혐오시설수":0,
            "초등학교학업성취도":89.98,
            "중학교학업성취도":70.2,
            "용적률":799,
            "건폐율":67,
            "Y":37.44243,
            "X":127.15065,
            "rank":9.0,
            "area_info":"35평(116.46), 35평(116.02), 35평(118.87), 36평(119.34)",
            "last_sales":"2020-11-26,66000.0,35평(116.46)",
            "rank_history":[
                [
                    "202202",
                    9
                ],
                [
                    "202201",
                    10
                ]
            ],
            "rank_gap":1
        },
        {
            "index":255,
            "아파트명":"일성오퍼스원(도시형)",
            "투자타입":"일반",
            "전용면적(m2)":"26.75",
            "전용면적(평)":"8평",
            "법정동주소":"경기도 성남시 수정구 태평동 5113-7",
            "도로명주소":"경기도 성남시 수정구 성남대로 1330",
            "세대수":0,
            "입주년차":60,
            "용적률점수":"--",
            "건폐율점수":"--",
            "세대당주차수":0,
            "난방방식":30,
            "공급면적":"--",
            "전용률":"--",
            "욕실수":50,
            "현관타입":10,
            "주거총점":21.0,
            "지역구공급총점":0.0,
            "역세권":100,
            "30분내 이동가능 거점":100,
            "1시간내 이동가능 거점":100,
            "교통총점":100.0,
            "백화점":0,
            "아울렛몰":80,
            "대형마트":0,
            "은행":0,
            "병원":10,
            "종합병원":100,
            "공원":0,
            "혐오시설":-50,
            "인프라총점":28.0,
            "초등학군":89.97,
            "중학군":40.02,
            "학군총점":50.01,
            "인구수":26.43,
            "인구증감":-16.21,
            "인구총점":13.638,
            "일자리":16.74,
            "소득수준":77.56,
            "일자리총점":34.986,
            "가치 총점":55.1015,
            "매매실거래년":20211125.0,
            "매매실거래가":19500.0,
            "전세실거래년":20211204.0,
            "전세실거래가":11550.0,
            "전세가율":85.56,
            "장기전세가율평균":61.28,
            "전세가율거품지수":-24.28,
            "검색코드":103512,
            "세대수":161.0,
            "준공년월":"2013-03-22",
            "준공년차":10.0,
            "가까운역이름":"가천대",
            "가까운역거리":41.87,
            "역세권여부":"초역세권",
            "30분이내주요거점역":6,
            "30분거점역이름":"['강남', '역삼', '잠실', '판교', '정자', '서현']",
            "1시간이내주요거점역":15,
            "1시간거점역이름":"['강남', '역삼', '잠실', '판교', '여의도', '을지로입구', '을지로3가', '양재', '정자', '수원시청', '왕십리', '수원', '구로디지털단지', '명동', '서현']",
            "3km이내백화점수":0,
            "5km이내아울렛몰수":1,
            "1km이내대형먀트수":0,
            "500m이내은행수":0,
            "500m이내병원수":2,
            "5km이내대형병원수":4,
            "500m이내공원수":0,
            "3km이내혐오시설수":1,
            "초등학교학업성취도":89.97,
            "중학교학업성취도":66.5,
            "용적률":398,
            "건폐율":46,
            "Y":37.44843,
            "X":127.127117,
            "rank":10.0,
            "area_info":"8평(26.75), 16평(54.15)",
            "last_sales":"2021-11-25,19500.0,16평(54.15)",
            "rank_history":[
                [
                    "202202",
                    10
                ],
                [
                    "202201",
                    13
                ]
            ],
            "rank_gap":3
        },
        {
            "index":235,
            "아파트명":"경원대역동부센트레빌2단지",
            "투자타입":"일반",
            "전용면적(m2)":"88.74",
            "전용면적(평)":"26평",
            "법정동주소":"경기도 성남시 수정구 태평동 7344",
            "도로명주소":"경기도 성남시 수정구 제일로 244",
            "세대수":0,
            "입주년차":40,
            "용적률점수":"--",
            "건폐율점수":"--",
            "세대당주차수":30,
            "난방방식":30,
            "공급면적":"--",
            "전용률":"--",
            "욕실수":100,
            "현관타입":100,
            "주거총점":35.5,
            "지역구공급총점":0.0,
            "역세권":80,
            "30분내 이동가능 거점":100,
            "1시간내 이동가능 거점":100,
            "교통총점":90.0,
            "백화점":0,
            "아울렛몰":80,
            "대형마트":0,
            "은행":0,
            "병원":30,
            "종합병원":100,
            "공원":0,
            "혐오시설":-50,
            "인프라총점":30.0,
            "초등학군":89.97,
            "중학군":40.02,
            "학군총점":50.01,
            "인구수":26.43,
            "인구증감":-16.21,
            "인구총점":13.638,
            "일자리":16.74,
            "소득수준":77.56,
            "일자리총점":34.986,
            "가치 총점":55.1015,
            "매매실거래년":20210902.0,
            "매매실거래가":88500.0,
            "전세실거래년":20211204.0,
            "전세실거래가":57000.0,
            "전세가율":94.21,
            "장기전세가율평균":61.28,
            "전세가율거품지수":-32.93,
            "검색코드":22833,
            "세대수":115.0,
            "준공년월":"2007-02-09",
            "준공년차":16.0,
            "가까운역이름":"가천대",
            "가까운역거리":232.27,
            "역세권여부":"역세권",
            "30분이내주요거점역":5,
            "30분거점역이름":"['역삼', '잠실', '판교', '정자', '서현']",
            "1시간이내주요거점역":15,
            "1시간거점역이름":"['강남', '역삼', '잠실', '판교', '여의도', '을지로입구', '을지로3가', '양재', '정자', '수원시청', '왕십리', '수원', '구로디지털단지', '명동', '서현']",
            "3km이내백화점수":0,
            "5km이내아울렛몰수":1,
            "1km이내대형먀트수":0,
            "500m이내은행수":0,
            "500m이내병원수":7,
            "5km이내대형병원수":4,
            "500m이내공원수":0,
            "3km이내혐오시설수":1,
            "초등학교학업성취도":89.97,
            "중학교학업성취도":66.5,
            "용적률":265,
            "건폐율":32,
            "Y":37.447914,
            "X":127.12918,
            "rank":11.0,
            "area_info":"26평(88.74), 26평(88.87), 32평(106.28), 32평(106.28), 32평(106.52), 32평(109.01), 35평(118.76)",
            "last_sales":"2021-09-02,88500.0,35평(118.76)",
            "rank_history":[
                [
                    "202202",
                    11
                ],
                [
                    "202201",
                    9
                ]
            ],
            "rank_gap":-2
        },
        {
            "index":39,
            "아파트명":"삼부",
            "투자타입":"일반",
            "전용면적(m2)":"82.82",
            "전용면적(평)":"25평",
            "법정동주소":"경기도 성남시 수정구 수진동 4663",
            "도로명주소":"경기도 성남시 수정구 모란로 65",
            "세대수":80,
            "입주년차":0,
            "용적률점수":"--",
            "건폐율점수":"--",
            "세대당주차수":0,
            "난방방식":100,
            "공급면적":"--",
            "전용률":"--",
            "욕실수":50,
            "현관타입":10,
            "주거총점":44.0,
            "지역구공급총점":0.0,
            "역세권":80,
            "30분내 이동가능 거점":60,
            "1시간내 이동가능 거점":100,
            "교통총점":78.0,
            "백화점":0,
            "아울렛몰":80,
            "대형마트":0,
            "은행":0,
            "병원":60,
            "종합병원":100,
            "공원":80,
            "혐오시설":0,
            "인프라총점":36.4,
            "초등학군":90.01,
            "중학군":41.12,
            "학군총점":50.898,
            "인구수":26.43,
            "인구증감":-16.21,
            "인구총점":13.638,
            "일자리":16.74,
            "소득수준":77.56,
            "일자리총점":34.986,
            "가치 총점":54.6547,
            "매매실거래년":20211023.0,
            "매매실거래가":77000.0,
            "전세실거래년":20211226.0,
            "전세실거래가":29000.0,
            "전세가율":37.66,
            "장기전세가율평균":61.28,
            "전세가율거품지수":23.62,
            "검색코드":1735,
            "세대수":834.0,
            "준공년월":"1996-10-31",
            "준공년차":27.0,
            "가까운역이름":"태평",
            "가까운역거리":316.54,
            "역세권여부":"역세권",
            "30분이내주요거점역":3,
            "30분거점역이름":"['판교', '정자', '서현']",
            "1시간이내주요거점역":14,
            "1시간거점역이름":"['강남', '역삼', '잠실', '판교', '여의도', '을지로입구', '을지로3가', '양재', '정자', '수원시청', '왕십리', '수원', '구로디지털단지', '서현']",
            "3km이내백화점수":0,
            "5km이내아울렛몰수":1,
            "1km이내대형먀트수":0,
            "500m이내은행수":1,
            "500m이내병원수":22,
            "5km이내대형병원수":4,
            "500m이내공원수":1,
            "3km이내혐오시설수":0,
            "초등학교학업성취도":90.01,
            "중학교학업성취도":68.0,
            "용적률":236,
            "건폐율":23,
            "Y":37.43885,
            "X":127.12444,
            "rank":12.0,
            "area_info":"25평(82.82), 32평(107.57), 47평(158.53)",
            "last_sales":"2021-10-23,77000.0,25평(82.82)",
            "rank_history":[
                [
                    "202202",
                    12
                ],
                [
                    "202201",
                    12
                ]
            ],
            "rank_gap":0
        },
        {
            "index":230,
            "아파트명":"가천대역쌍용스윗닷홈",
            "투자타입":"일반",
            "전용면적(m2)":"81.79",
            "전용면적(평)":"24평",
            "법정동주소":"경기도 성남시 수정구 태평동 7342",
            "도로명주소":"경기도 성남시 수정구 태평로 9",
            "세대수":0,
            "입주년차":40,
            "용적률점수":"--",
            "건폐율점수":"--",
            "세대당주차수":30,
            "난방방식":30,
            "공급면적":"--",
            "전용률":"--",
            "욕실수":100,
            "현관타입":100,
            "주거총점":35.5,
            "지역구공급총점":0.0,
            "역세권":80,
            "30분내 이동가능 거점":100,
            "1시간내 이동가능 거점":100,
            "교통총점":90.0,
            "백화점":0,
            "아울렛몰":80,
            "대형마트":0,
            "은행":0,
            "병원":10,
            "종합병원":100,
            "공원":0,
            "혐오시설":-50,
            "인프라총점":28.0,
            "초등학군":89.97,
            "중학군":40.02,
            "학군총점":50.01,
            "인구수":26.43,
            "인구증감":-16.21,
            "인구총점":13.638,
            "일자리":16.74,
            "소득수준":77.56,
            "일자리총점":34.986,
            "가치 총점":54.5015,
            "매매실거래년":20211209.0,
            "매매실거래가":78000.0,
            "전세실거래년":20211115.0,
            "전세실거래가":50000.0,
            "전세가율":64.1,
            "장기전세가율평균":61.28,
            "전세가율거품지수":-2.82,
            "검색코드":18912,
            "세대수":191.0,
            "준공년월":"2005-12-07",
            "준공년차":18.0,
            "가까운역이름":"가천대",
            "가까운역거리":116.7,
            "역세권여부":"역세권",
            "30분이내주요거점역":5,
            "30분거점역이름":"['역삼', '잠실', '판교', '정자', '서현']",
            "1시간이내주요거점역":15,
            "1시간거점역이름":"['강남', '역삼', '잠실', '판교', '여의도', '을지로입구', '을지로3가', '양재', '정자', '수원시청', '왕십리', '수원', '구로디지털단지', '명동', '서현']",
            "3km이내백화점수":0,
            "5km이내아울렛몰수":1,
            "1km이내대형먀트수":0,
            "500m이내은행수":0,
            "500m이내병원수":4,
            "5km이내대형병원수":4,
            "500m이내공원수":0,
            "3km이내혐오시설수":1,
            "초등학교학업성취도":89.97,
            "중학교학업성취도":66.5,
            "용적률":253,
            "건폐율":21,
            "Y":37.448599,
            "X":127.128019,
            "rank":13.0,
            "area_info":"24평(81.79), 34평(113.77), 34평(113.74), 34평(114.16), 34평(114.67)",
            "last_sales":"2021-12-09,78000.0,24평(81.79)",
            "rank_history":[
                [
                    "202202",
                    13
                ],
                [
                    "202201",
                    14
                ]
            ],
            "rank_gap":1
        },
        {
            "index":94,
            "아파트명":"한신",
            "투자타입":"재건축",
            "전용면적(m2)":"83.04",
            "전용면적(평)":"25평",
            "법정동주소":"경기도 성남시 수정구 신흥동 2463-1",
            "도로명주소":"경기도 성남시 수정구 산성대로 341",
            "세대수":50,
            "입주년차":"--",
            "용적률점수":0,
            "건폐율점수":100,
            "세대당주차수":"--",
            "난방방식":"--",
            "공급면적":70,
            "전용률":60,
            "욕실수":"--",
            "현관타입":"--",
            "주거총점":41.5,
            "지역구공급총점":0.0,
            "역세권":80,
            "30분내 이동가능 거점":20,
            "1시간내 이동가능 거점":90,
            "교통총점":64.0,
            "백화점":0,
            "아울렛몰":80,
            "대형마트":80,
            "은행":20,
            "병원":80,
            "종합병원":100,
            "공원":80,
            "혐오시설":0,
            "인프라총점":52.4,
            "초등학군":89.99,
            "중학군":42.36,
            "학군총점":51.886,
            "인구수":26.43,
            "인구증감":-16.21,
            "인구총점":13.638,
            "일자리":16.74,
            "소득수준":77.56,
            "일자리총점":34.986,
            "가치 총점":54.2029,
            "매매실거래년":20211016.0,
            "매매실거래가":82700.0,
            "전세실거래년":20220128.0,
            "전세실거래가":42000.0,
            "전세가율":50.79,
            "장기전세가율평균":61.28,
            "전세가율거품지수":10.49,
            "검색코드":1739,
            "세대수":585.0,
            "준공년월":"1990-09-03",
            "준공년차":33.0,
            "가까운역이름":"단대오거리",
            "가까운역거리":452.18,
            "역세권여부":"역세권",
            "30분이내주요거점역":1,
            "30분거점역이름":"['서현']",
            "1시간이내주요거점역":9,
            "1시간거점역이름":"['강남', '역삼', '잠실', '판교', '여의도', '양재', '정자', '왕십리', '서현']",
            "3km이내백화점수":0,
            "5km이내아울렛몰수":1,
            "1km이내대형먀트수":1,
            "500m이내은행수":2,
            "500m이내병원수":50,
            "5km이내대형병원수":4,
            "500m이내공원수":1,
            "3km이내혐오시설수":0,
            "초등학교학업성취도":89.99,
            "중학교학업성취도":70.2,
            "용적률":228,
            "건폐율":16,
            "Y":37.44505,
            "X":127.151748,
            "rank":14.0,
            "area_info":"25평(83.04), 30평(101.29), 31평(103.78)",
            "last_sales":"2021-10-16,82700.0,25평(83.04)",
            "rank_history":[
                [
                    "202202",
                    14
                ],
                [
                    "202201",
                    15
                ]
            ],
            "rank_gap":1
        },
        {
            "index":218,
            "아파트명":"가천대역동부센트레빌1단지",
            "투자타입":"일반",
            "전용면적(m2)":"86.68",
            "전용면적(평)":"26평",
            "법정동주소":"경기도 성남시 수정구 태평동 7343",
            "도로명주소":"경기도 성남시 수정구 태평로 28",
            "세대수":0,
            "입주년차":40,
            "용적률점수":"--",
            "건폐율점수":"--",
            "세대당주차수":30,
            "난방방식":30,
            "공급면적":"--",
            "전용률":"--",
            "욕실수":100,
            "현관타입":100,
            "주거총점":35.5,
            "지역구공급총점":0.0,
            "역세권":80,
            "30분내 이동가능 거점":80,
            "1시간내 이동가능 거점":100,
            "교통총점":84.0,
            "백화점":0,
            "아울렛몰":80,
            "대형마트":0,
            "은행":0,
            "병원":60,
            "종합병원":100,
            "공원":0,
            "혐오시설":0,
            "인프라총점":34.0,
            "초등학군":89.97,
            "중학군":40.02,
            "학군총점":50.01,
            "인구수":26.43,
            "인구증감":-16.21,
            "인구총점":13.638,
            "일자리":16.74,
            "소득수준":77.56,
            "일자리총점":34.986,
            "가치 총점":54.2015,
            "매매실거래년":20211203.0,
            "매매실거래가":80000.0,
            "전세실거래년":20210901.0,
            "전세실거래가":32000.0,
            "전세가율":40.0,
            "장기전세가율평균":61.28,
            "전세가율거품지수":21.28,
            "검색코드":19433,
            "세대수":248.0,
            "준공년월":"2006-10-27",
            "준공년차":17.0,
            "가까운역이름":"가천대",
            "가까운역거리":347.56,
            "역세권여부":"역세권",
            "30분이내주요거점역":4,
            "30분거점역이름":"['잠실', '판교', '정자', '서현']",
            "1시간이내주요거점역":15,
            "1시간거점역이름":"['강남', '역삼', '잠실', '판교', '여의도', '을지로입구', '을지로3가', '양재', '정자', '수원시청', '왕십리', '수원', '구로디지털단지', '명동', '서현']",
            "3km이내백화점수":0,
            "5km이내아울렛몰수":1,
            "1km이내대형먀트수":0,
            "500m이내은행수":0,
            "500m이내병원수":11,
            "5km이내대형병원수":4,
            "500m이내공원수":0,
            "3km이내혐오시설수":0,
            "초등학교학업성취도":89.97,
            "중학교학업성취도":66.5,
            "용적률":252,
            "건폐율":30,
            "Y":37.448267,
            "X":127.130611,
            "rank":15.0,
            "area_info":"26평(86.68), 32평(105.86), 32평(106.61), 32평(106.61), 32평(107.33), 35평(116.6)",
            "last_sales":"2021-12-03,80000.0,26평(86.68)",
            "rank_history":[
                [
                    "202202",
                    15
                ],
                [
                    "202201",
                    11
                ]
            ],
            "rank_gap":-4
        },
        {
            "index":44,
            "아파트명":"수진현대",
            "투자타입":"일반",
            "전용면적(m2)":"81.83",
            "전용면적(평)":"24평",
            "법정동주소":"경기도 성남시 수정구 수진동 3379",
            "도로명주소":"경기도 성남시 수정구 제일로147번길 4",
            "세대수":0,
            "입주년차":0,
            "용적률점수":"--",
            "건폐율점수":"--",
            "세대당주차수":0,
            "난방방식":30,
            "공급면적":"--",
            "전용률":"--",
            "욕실수":50,
            "현관타입":10,
            "주거총점":9.0,
            "지역구공급총점":0.0,
            "역세권":80,
            "30분내 이동가능 거점":60,
            "1시간내 이동가능 거점":100,
            "교통총점":78.0,
            "백화점":0,
            "아울렛몰":80,
            "대형마트":80,
            "은행":70,
            "병원":100,
            "종합병원":100,
            "공원":0,
            "혐오시설":0,
            "인프라총점":57.0,
            "초등학군":89.98,
            "중학군":35.88,
            "학군총점":46.7,
            "인구수":26.43,
            "인구증감":-16.21,
            "인구총점":13.638,
            "일자리":16.74,
            "소득수준":77.56,
            "일자리총점":34.986,
            "가치 총점":53.205,
            "매매실거래년":20210723.0,
            "매매실거래가":49000.0,
            "전세실거래년":20210807.0,
            "전세실거래가":30000.0,
            "전세가율":61.22,
            "장기전세가율평균":61.28,
            "전세가율거품지수":0.06,
            "검색코드":2661,
            "세대수":107.0,
            "준공년월":"1994-09-22",
            "준공년차":29.0,
            "가까운역이름":"태평",
            "가까운역거리":344.84,
            "역세권여부":"역세권",
            "30분이내주요거점역":3,
            "30분거점역이름":"['판교', '정자', '서현']",
            "1시간이내주요거점역":14,
            "1시간거점역이름":"['강남', '역삼', '잠실', '판교', '여의도', '을지로입구', '을지로3가', '양재', '정자', '수원시청', '왕십리', '수원', '구로디지털단지', '서현']",
            "3km이내백화점수":0,
            "5km이내아울렛몰수":1,
            "1km이내대형먀트수":1,
            "500m이내은행수":4,
            "500m이내병원수":100,
            "5km이내대형병원수":4,
            "500m이내공원수":0,
            "3km이내혐오시설수":0,
            "초등학교학업성취도":89.98,
            "중학교학업성취도":59.8,
            "용적률":399,
            "건폐율":41,
            "Y":37.439768,
            "X":127.131602,
            "rank":16.0,
            "area_info":"24평(81.83), 35평(115.98), 46평(152.83), 51평(168.88)",
            "last_sales":"2021-07-23,49000.0,24평(81.83)",
            "rank_history":[
                [
                    "202202",
                    16
                ],
                [
                    "202201",
                    21
                ]
            ],
            "rank_gap":5
        },
        {
            "index":242,
            "아파트명":"성남태평신세계쉐덴",
            "투자타입":"일반",
            "전용면적(m2)":"107.23",
            "전용면적(평)":"32평",
            "법정동주소":"경기도 성남시 수정구 태평동 7336",
            "도로명주소":"경기도 성남시 수정구 수정로 201",
            "세대수":0,
            "입주년차":60,
            "용적률점수":"--",
            "건폐율점수":"--",
            "세대당주차수":100,
            "난방방식":30,
            "공급면적":"--",
            "전용률":"--",
            "욕실수":100,
            "현관타입":100,
            "주거총점":50.0,
            "지역구공급총점":0.0,
            "역세권":50,
            "30분내 이동가능 거점":40,
            "1시간내 이동가능 거점":100,
            "교통총점":57.0,
            "백화점":0,
            "아울렛몰":80,
            "대형마트":80,
            "은행":0,
            "병원":80,
            "종합병원":100,
            "공원":0,
            "혐오시설":0,
            "인프라총점":48.0,
            "초등학군":89.99,
            "중학군":44.76,
            "학군총점":53.806,
            "인구수":26.43,
            "인구증감":-16.21,
            "인구총점":13.638,
            "일자리":16.74,
            "소득수준":77.56,
            "일자리총점":34.986,
            "가치 총점":52.4209,
            "매매실거래년":20211001.0,
            "매매실거래가":115000.0,
            "전세실거래년":20200819.0,
            "전세실거래가":50000.0,
            "전세가율":72.46,
            "장기전세가율평균":61.28,
            "전세가율거품지수":-11.18,
            "검색코드":27759,
            "세대수":182.0,
            "준공년월":"2010-06-28",
            "준공년차":13.0,
            "가까운역이름":"신흥",
            "가까운역거리":667.68,
            "역세권여부":"준역세권",
            "30분이내주요거점역":2,
            "30분거점역이름":"['정자', '서현']",
            "1시간이내주요거점역":10,
            "1시간거점역이름":"['강남', '역삼', '잠실', '판교', '양재', '정자', '수원시청', '왕십리', '수원', '서현']",
            "3km이내백화점수":0,
            "5km이내아울렛몰수":1,
            "1km이내대형먀트수":1,
            "500m이내은행수":1,
            "500m이내병원수":57,
            "5km이내대형병원수":4,
            "500m이내공원수":0,
            "3km이내혐오시설수":0,
            "초등학교학업성취도":89.99,
            "중학교학업성취도":73.8,
            "용적률":300,
            "건폐율":79,
            "Y":37.444462,
            "X":127.141459,
            "rank":17.0,
            "area_info":"32평(107.23), 38평(128.33), 45평(150.18), 45평(150.34), 45평(150.09), 45평(150.24), 71평(234.89)",
            "last_sales":"2021-10-01,115000.0,71평(234.89)",
            "rank_history":[
                [
                    "202202",
                    17
                ],
                [
                    "202201",
                    16
                ]
            ],
            "rank_gap":-1
        },
        {
            "index":257,
            "아파트명":"태평선경",
            "투자타입":"재건축",
            "전용면적(m2)":"45.41",
            "전용면적(평)":"13평",
            "법정동주소":"경기도 성남시 수정구 태평동 7306",
            "도로명주소":"경기도 성남시 수정구 남문로140번길 19",
            "세대수":30,
            "입주년차":"--",
            "용적률점수":100,
            "건폐율점수":0,
            "세대당주차수":"--",
            "난방방식":"--",
            "공급면적":50,
            "전용률":60,
            "욕실수":"--",
            "현관타입":"--",
            "주거총점":54.5,
            "지역구공급총점":0.0,
            "역세권":50,
            "30분내 이동가능 거점":20,
            "1시간내 이동가능 거점":80,
            "교통총점":47.0,
            "백화점":0,
            "아울렛몰":80,
            "대형마트":80,
            "은행":70,
            "병원":80,
            "종합병원":100,
            "공원":0,
            "혐오시설":0,
            "인프라총점":55.0,
            "초등학군":89.99,
            "중학군":44.76,
            "학군총점":53.806,
            "인구수":26.43,
            "인구증감":-16.21,
            "인구총점":13.638,
            "일자리":16.74,
            "소득수준":77.56,
            "일자리총점":34.986,
            "가치 총점":51.9209,
            "매매실거래년":20211027.0,
            "매매실거래가":39700.0,
            "전세실거래년":20211231.0,
            "전세실거래가":11000.0,
            "전세가율":27.71,
            "장기전세가율평균":61.28,
            "전세가율거품지수":33.57,
            "검색코드":9938,
            "세대수":312.0,
            "준공년월":"1991-12-14",
            "준공년차":32.0,
            "가까운역이름":"신흥",
            "가까운역거리":829.02,
            "역세권여부":"준역세권",
            "30분이내주요거점역":1,
            "30분거점역이름":"['서현']",
            "1시간이내주요거점역":8,
            "1시간거점역이름":"['강남', '역삼', '잠실', '판교', '양재', '정자', '왕십리', '서현']",
            "3km이내백화점수":0,
            "5km이내아울렛몰수":1,
            "1km이내대형먀트수":1,
            "500m이내은행수":3,
            "500m이내병원수":42,
            "5km이내대형병원수":4,
            "500m이내공원수":0,
            "3km이내혐오시설수":0,
            "초등학교학업성취도":89.99,
            "중학교학업성취도":73.8,
            "용적률":141,
            "건폐율":0,
            "Y":37.446999,
            "X":127.142131,
            "rank":18.0,
            "area_info":"13평(45.41), 17평(56.99)",
            "last_sales":"2021-10-27,39700.0,13평(45.41)",
            "rank_history":[
                [
                    "202202",
                    18
                ],
                [
                    "202201",
                    17
                ]
            ],
            "rank_gap":-1
        },
        {
            "index":48,
            "아파트명":"두산",
            "투자타입":"일반",
            "전용면적(m2)":"82.03",
            "전용면적(평)":"24평",
            "법정동주소":"경기도 성남시 수정구 신흥동 2024",
            "도로명주소":"경기도 성남시 수정구 공원로 360",
            "세대수":50,
            "입주년차":0,
            "용적률점수":"--",
            "건폐율점수":"--",
            "세대당주차수":0,
            "난방방식":80,
            "공급면적":"--",
            "전용률":"--",
            "욕실수":50,
            "현관타입":100,
            "주거총점":40.5,
            "지역구공급총점":0.0,
            "역세권":50,
            "30분내 이동가능 거점":20,
            "1시간내 이동가능 거점":100,
            "교통총점":51.0,
            "백화점":0,
            "아울렛몰":80,
            "대형마트":80,
            "은행":70,
            "병원":80,
            "종합병원":100,
            "공원":80,
            "혐오시설":0,
            "인프라총점":57.4,
            "초등학군":89.99,
            "중학군":42.36,
            "학군총점":51.886,
            "인구수":26.43,
            "인구증감":-16.21,
            "인구총점":13.638,
            "일자리":16.74,
            "소득수준":77.56,
            "일자리총점":34.986,
            "가치 총점":50.9529,
            "매매실거래년":20210830.0,
            "매매실거래가":93000.0,
            "전세실거래년":20211127.0,
            "전세실거래가":29000.0,
            "전세가율":35.67,
            "장기전세가율평균":61.28,
            "전세가율거품지수":25.61,
            "검색코드":1736,
            "세대수":570.0,
            "준공년월":"1993-04-29",
            "준공년차":30.0,
            "가까운역이름":"신흥",
            "가까운역거리":528.98,
            "역세권여부":"준역세권",
            "30분이내주요거점역":1,
            "30분거점역이름":"['서현']",
            "1시간이내주요거점역":11,
            "1시간거점역이름":"['강남', '역삼', '잠실', '판교', '여의도', '양재', '정자', '수원시청', '왕십리', '수원', '서현']",
            "3km이내백화점수":0,
            "5km이내아울렛몰수":1,
            "1km이내대형먀트수":1,
            "500m이내은행수":4,
            "500m이내병원수":30,
            "5km이내대형병원수":4,
            "500m이내공원수":1,
            "3km이내혐오시설수":0,
            "초등학교학업성취도":89.99,
            "중학교학업성취도":70.2,
            "용적률":255,
            "건폐율":24,
            "Y":37.445342,
            "X":127.149767,
            "rank":19.0,
            "area_info":"24평(82.03), 28평(95.72)",
            "last_sales":"2021-08-30,93000.0,28평(95.72)",
            "rank_history":[
                [
                    "202202",
                    19
                ],
                [
                    "202201",
                    19
                ]
            ],
            "rank_gap":0
        },
        {
            "index":13,
            "아파트명":"진로",
            "투자타입":"일반",
            "전용면적(m2)":"82.02",
            "전용면적(평)":"24평",
            "법정동주소":"경기도 성남시 수정구 단대동 124",
            "도로명주소":"경기도 성남시 수정구 단대로23번길 32",
            "세대수":50,
            "입주년차":0,
            "용적률점수":"--",
            "건폐율점수":"--",
            "세대당주차수":0,
            "난방방식":100,
            "공급면적":"--",
            "전용률":"--",
            "욕실수":50,
            "현관타입":10,
            "주거총점":33.5,
            "지역구공급총점":0.0,
            "역세권":80,
            "30분내 이동가능 거점":40,
            "1시간내 이동가능 거점":90,
            "교통총점":70.0,
            "백화점":0,
            "아울렛몰":80,
            "대형마트":0,
            "은행":20,
            "병원":60,
            "종합병원":100,
            "공원":100,
            "혐오시설":0,
            "인프라총점":39.0,
            "초등학군":89.98,
            "중학군":42.36,
            "학군총점":51.884,
            "인구수":26.43,
            "인구증감":-16.21,
            "인구총점":13.638,
            "일자리":16.74,
            "소득수준":77.56,
            "일자리총점":34.986,
            "가치 총점":50.6826,
            "매매실거래년":20210705.0,
            "매매실거래가":98000.0,
            "전세실거래년":20220114.0,
            "전세실거래가":40000.0,
            "전세가율":62.99,
            "장기전세가율평균":61.28,
            "전세가율거품지수":-1.71,
            "검색코드":2659,
            "세대수":499.0,
            "준공년월":"1998-12-16",
            "준공년차":25.0,
            "가까운역이름":"남한산성입구",
            "가까운역거리":350.46,
            "역세권여부":"역세권",
            "30분이내주요거점역":2,
            "30분거점역이름":"['잠실', '서현']",
            "1시간이내주요거점역":9,
            "1시간거점역이름":"['강남', '역삼', '잠실', '판교', '여의도', '양재', '정자', '왕십리', '서현']",
            "3km이내백화점수":0,
            "5km이내아울렛몰수":1,
            "1km이내대형먀트수":0,
            "500m이내은행수":2,
            "500m이내병원수":19,
            "5km이내대형병원수":3,
            "500m이내공원수":3,
            "3km이내혐오시설수":0,
            "초등학교학업성취도":89.98,
            "중학교학업성취도":70.2,
            "용적률":241,
            "건폐율":23,
            "Y":37.451036,
            "X":127.155896,
            "rank":20.0,
            "area_info":"24평(82.02), 32평(106.61), 42평(139.58)",
            "last_sales":"2021-07-05,98000.0,42평(139.58)",
            "rank_history":[
                [
                    "202202",
                    20
                ],
                [
                    "202201",
                    18
                ]
            ],
            "rank_gap":-2
        },
        {
            "index":16,
            "아파트명":"진흥더블파크",
            "투자타입":"일반",
            "전용면적(m2)":"108.45",
            "전용면적(평)":"32평",
            "법정동주소":"경기도 성남시 수정구 단대동 78",
            "도로명주소":"경기도 성남시 수정구 단대로23번길 10",
            "세대수":0,
            "입주년차":40,
            "용적률점수":"--",
            "건폐율점수":"--",
            "세대당주차수":0,
            "난방방식":30,
            "공급면적":"--",
            "전용률":"--",
            "욕실수":100,
            "현관타입":100,
            "주거총점":31.0,
            "지역구공급총점":0.0,
            "역세권":80,
            "30분내 이동가능 거점":40,
            "1시간내 이동가능 거점":100,
            "교통총점":72.0,
            "백화점":0,
            "아울렛몰":80,
            "대형마트":0,
            "은행":0,
            "병원":60,
            "종합병원":100,
            "공원":100,
            "혐오시설":0,
            "인프라총점":37.0,
            "초등학군":89.98,
            "중학군":42.36,
            "학군총점":51.884,
            "인구수":26.43,
            "인구증감":-16.21,
            "인구총점":13.638,
            "일자리":16.74,
            "소득수준":77.56,
            "일자리총점":34.986,
            "가치 총점":50.2826,
            "매매실거래년":20210914.0,
            "매매실거래가":78500.0,
            "전세실거래년":null,
            "전세실거래가":null,
            "전세가율":null,
            "장기전세가율평균":61.28,
            "전세가율거품지수":null,
            "검색코드":14525,
            "세대수":188.0,
            "준공년월":"2005-05-27",
            "준공년차":18.0,
            "가까운역이름":"남한산성입구",
            "가까운역거리":328.83,
            "역세권여부":"역세권",
            "30분이내주요거점역":2,
            "30분거점역이름":"['잠실', '서현']",
            "1시간이내주요거점역":11,
            "1시간거점역이름":"['강남', '역삼', '잠실', '판교', '여의도', '을지로3가', '양재', '정자', '수원시청', '왕십리', '서현']",
            "3km이내백화점수":0,
            "5km이내아울렛몰수":1,
            "1km이내대형먀트수":0,
            "500m이내은행수":1,
            "500m이내병원수":24,
            "5km이내대형병원수":3,
            "500m이내공원수":5,
            "3km이내혐오시설수":0,
            "초등학교학업성취도":89.98,
            "중학교학업성취도":70.2,
            "용적률":226,
            "건폐율":23,
            "Y":37.452426,
            "X":127.156264,
            "rank":21.0,
            "area_info":"32평(108.45), 32평(108.09)",
            "last_sales":"2021-09-14,78500.0,32평(108.09)",
            "rank_history":[
                [
                    "202202",
                    21
                ],
                [
                    "202201",
                    20
                ]
            ],
            "rank_gap":-1
        },
        {
            "index":209,
            "아파트명":"힐스테이트위례",
            "투자타입":"일반",
            "전용면적(m2)":"129.31",
            "전용면적(평)":"39평",
            "법정동주소":"경기도 성남시 수정구 창곡동 572",
            "도로명주소":"경기도 성남시 수정구 위례동로 15",
            "세대수":50,
            "입주년차":80,
            "용적률점수":"--",
            "건폐율점수":"--",
            "세대당주차수":60,
            "난방방식":100,
            "공급면적":"--",
            "전용률":"--",
            "욕실수":100,
            "현관타입":100,
            "주거총점":72.5,
            "지역구공급총점":0.0,
            "역세권":50,
            "30분내 이동가능 거점":0,
            "1시간내 이동가능 거점":90,
            "교통총점":43.0,
            "백화점":0,
            "아울렛몰":80,
            "대형마트":0,
            "은행":0,
            "병원":60,
            "종합병원":100,
            "공원":80,
            "혐오시설":0,
            "인프라총점":36.4,
            "초등학군":89.98,
            "중학군":56.64,
            "학군총점":63.308,
            "인구수":26.43,
            "인구증감":-16.21,
            "인구총점":13.638,
            "일자리":16.74,
            "소득수준":77.56,
            "일자리총점":34.986,
            "가치 총점":49.9662,
            "매매실거래년":20210713.0,
            "매매실거래가":182500.0,
            "전세실거래년":20220120.0,
            "전세실거래가":63000.0,
            "전세가율":37.17,
            "장기전세가율평균":61.28,
            "전세가율거품지수":24.11,
            "검색코드":107017,
            "세대수":621.0,
            "준공년월":"2015-11-27",
            "준공년차":8.0,
            "가까운역이름":"산성",
            "가까운역거리":981.14,
            "역세권여부":"준역세권",
            "30분이내주요거점역":0,
            "30분거점역이름":"[]",
            "1시간이내주요거점역":9,
            "1시간거점역이름":"['강남', '역삼', '잠실', '판교', '을지로입구', '양재', '정자', '왕십리', '서현']",
            "3km이내백화점수":0,
            "5km이내아울렛몰수":1,
            "1km이내대형먀트수":0,
            "500m이내은행수":1,
            "500m이내병원수":13,
            "5km이내대형병원수":4,
            "500m이내공원수":1,
            "3km이내혐오시설수":0,
            "초등학교학업성취도":89.98,
            "중학교학업성취도":94.4,
            "용적률":169,
            "건폐율":19,
            "Y":37.465007,
            "X":127.144919,
            "rank":22.0,
            "area_info":"39평(129.31), 39평(129.32), 39평(129.43), 39평(131.02), 43평(142.21), 43평(142.99), 43평(143.06), 43평(143.49), 43평(144.53)",
            "last_sales":"2021-07-13,182500.0,43평(144.53)",
            "rank_history":[
                [
                    "202202",
                    22
                ],
                [
                    "202201",
                    23
                ]
            ],
            "rank_gap":1
        },
        {
            "index":38,
            "아파트명":"모란아이하우스(도시형)",
            "투자타입":"일반",
            "전용면적(m2)":"30.76",
            "전용면적(평)":"9평",
            "법정동주소":"경기도 성남시 수정구 수진동 4809",
            "도로명주소":"경기도 성남시 수정구 모란로 12",
            "세대수":0,
            "입주년차":60,
            "용적률점수":"--",
            "건폐율점수":"--",
            "세대당주차수":0,
            "난방방식":30,
            "공급면적":"--",
            "전용률":"--",
            "욕실수":50,
            "현관타입":50,
            "주거총점":25.0,
            "지역구공급총점":0.0,
            "역세권":80,
            "30분내 이동가능 거점":40,
            "1시간내 이동가능 거점":100,
            "교통총점":72.0,
            "백화점":0,
            "아울렛몰":80,
            "대형마트":0,
            "은행":20,
            "병원":100,
            "종합병원":100,
            "공원":80,
            "혐오시설":0,
            "인프라총점":42.4,
            "초등학군":90.01,
            "중학군":35.88,
            "학군총점":46.706,
            "인구수":26.43,
            "인구증감":-16.21,
            "인구총점":13.638,
            "일자리":16.74,
            "소득수준":77.56,
            "일자리총점":34.986,
            "가치 총점":49.9259,
            "매매실거래년":20211125.0,
            "매매실거래가":13200.0,
            "전세실거래년":20211025.0,
            "전세실거래가":12500.0,
            "전세가율":94.7,
            "장기전세가율평균":61.28,
            "전세가율거품지수":-33.42,
            "검색코드":106010,
            "세대수":149.0,
            "준공년월":"2012-11-20",
            "준공년차":11.0,
            "가까운역이름":"모란",
            "가까운역거리":288.07,
            "역세권여부":"역세권",
            "30분이내주요거점역":2,
            "30분거점역이름":"['정자', '서현']",
            "1시간이내주요거점역":14,
            "1시간거점역이름":"['강남', '역삼', '잠실', '판교', '여의도', '을지로입구', '을지로3가', '양재', '정자', '수원시청', '왕십리', '수원', '구로디지털단지', '서현']",
            "3km이내백화점수":0,
            "5km이내아울렛몰수":1,
            "1km이내대형먀트수":0,
            "500m이내은행수":2,
            "500m이내병원수":66,
            "5km이내대형병원수":4,
            "500m이내공원수":1,
            "3km이내혐오시설수":0,
            "초등학교학업성취도":90.01,
            "중학교학업성취도":59.8,
            "용적률":399,
            "건폐율":42,
            "Y":37.434579,
            "X":127.128023,
            "rank":23.0,
            "area_info":"9평(30.76)",
            "last_sales":"2021-11-25,13200.0,9평(30.76)",
            "rank_history":[
                [
                    "202202",
                    23
                ],
                [
                    "202201",
                    22
                ]
            ],
            "rank_gap":-1
        },
        {
            "index":8,
            "아파트명":"호반써밋판교밸리",
            "투자타입":"일반",
            "전용면적(m2)":"110.78",
            "전용면적(평)":"33평",
            "법정동주소":"경기도 성남시 수정구 고등동 592",
            "도로명주소":"경기도 성남시 수정구 고등로 34",
            "세대수":80,
            "입주년차":100,
            "용적률점수":"--",
            "건폐율점수":"--",
            "세대당주차수":60,
            "난방방식":100,
            "공급면적":"--",
            "전용률":"--",
            "욕실수":100,
            "현관타입":100,
            "주거총점":87.0,
            "지역구공급총점":0.0,
            "역세권":0,
            "30분내 이동가능 거점":60,
            "1시간내 이동가능 거점":100,
            "교통총점":38.0,
            "백화점":0,
            "아울렛몰":0,
            "대형마트":80,
            "은행":0,
            "병원":10,
            "종합병원":100,
            "공원":0,
            "혐오시설":0,
            "인프라총점":33.0,
            "초등학군":90.0,
            "중학군":41.12,
            "학군총점":50.896,
            "인구수":26.43,
            "인구증감":-16.21,
            "인구총점":13.638,
            "일자리":16.74,
            "소득수준":77.56,
            "일자리총점":34.986,
            "가치 총점":48.2344,
            "매매실거래년":20211119.0,
            "매매실거래가":128500.0,
            "전세실거래년":20220122.0,
            "전세실거래가":60000.0,
            "전세가율":43.48,
            "장기전세가율평균":61.28,
            "전세가율거품지수":17.8,
            "검색코드":118718,
            "세대수":768.0,
            "준공년월":"2019-08-01",
            "준공년차":4.0,
            "가까운역이름":"모란",
            "가까운역거리":2876.22,
            "역세권여부":"비역세권",
            "30분이내주요거점역":3,
            "30분거점역이름":"['판교', '양재', '서현']",
            "1시간이내주요거점역":11,
            "1시간거점역이름":"['강남', '역삼', '잠실', '판교', '을지로3가', '양재', '정자', '수원시청', '왕십리', '구로디지털단지', '서현']",
            "3km이내백화점수":0,
            "5km이내아울렛몰수":0,
            "1km이내대형먀트수":1,
            "500m이내은행수":0,
            "500m이내병원수":2,
            "5km이내대형병원수":3,
            "500m이내공원수":0,
            "3km이내혐오시설수":0,
            "초등학교학업성취도":90.0,
            "중학교학업성취도":68.0,
            "용적률":169,
            "건폐율":21,
            "Y":37.429124,
            "X":127.096734,
            "rank":24.0,
            "area_info":"33평(110.78), 33평(112.03)",
            "last_sales":"2021-11-19,128500.0,33평(112.03)",
            "rank_history":[
                [
                    "202202",
                    24
                ],
                [
                    "202201",
                    28
                ]
            ],
            "rank_gap":4
        },
        {
            "index":249,
            "아파트명":"신동아파밀리에",
            "투자타입":"일반",
            "전용면적(m2)":"74.02",
            "전용면적(평)":"22평",
            "법정동주소":"경기도 성남시 수정구 태평동 7341",
            "도로명주소":"경기도 성남시 수정구 시민로 209",
            "세대수":0,
            "입주년차":40,
            "용적률점수":"--",
            "건폐율점수":"--",
            "세대당주차수":30,
            "난방방식":30,
            "공급면적":"--",
            "전용률":"--",
            "욕실수":50,
            "현관타입":100,
            "주거총점":30.5,
            "지역구공급총점":0.0,
            "역세권":50,
            "30분내 이동가능 거점":20,
            "1시간내 이동가능 거점":100,
            "교통총점":51.0,
            "백화점":0,
            "아울렛몰":80,
            "대형마트":80,
            "은행":20,
            "병원":80,
            "종합병원":100,
            "공원":0,
            "혐오시설":0,
            "인프라총점":50.0,
            "초등학군":89.99,
            "중학군":44.76,
            "학군총점":53.806,
            "인구수":26.43,
            "인구증감":-16.21,
            "인구총점":13.638,
            "일자리":16.74,
            "소득수준":77.56,
            "일자리총점":34.986,
            "가치 총점":47.0209,
            "매매실거래년":20210629.0,
            "매매실거래가":59700.0,
            "전세실거래년":20130827.0,
            "전세실거래가":13000.0,
            "전세가율":43.33,
            "장기전세가율평균":61.28,
            "전세가율거품지수":17.95,
            "검색코드":14383,
            "세대수":168.0,
            "준공년월":"2005-07-29",
            "준공년차":18.0,
            "가까운역이름":"신흥",
            "가까운역거리":857.83,
            "역세권여부":"준역세권",
            "30분이내주요거점역":1,
            "30분거점역이름":"['서현']",
            "1시간이내주요거점역":10,
            "1시간거점역이름":"['강남', '역삼', '잠실', '판교', '양재', '정자', '수원시청', '왕십리', '수원', '서현']",
            "3km이내백화점수":0,
            "5km이내아울렛몰수":1,
            "1km이내대형먀트수":1,
            "500m이내은행수":2,
            "500m이내병원수":51,
            "5km이내대형병원수":4,
            "500m이내공원수":0,
            "3km이내혐오시설수":0,
            "초등학교학업성취도":89.99,
            "중학교학업성취도":73.8,
            "용적률":259,
            "건폐율":33,
            "Y":37.446585,
            "X":127.140971,
            "rank":25.0,
            "area_info":"22평(74.02), 30평(100.08), 30평(100.35), 31평(103.88), 31평(103.03), 36평(119.95)",
            "last_sales":"2021-06-29,59700.0,36평(119.95)",
            "rank_history":[
                [
                    "202202",
                    25
                ],
                [
                    "202201",
                    24
                ]
            ],
            "rank_gap":-1
        },
        {
            "index":205,
            "아파트명":"위례호반베르디움",
            "투자타입":"일반",
            "전용면적(m2)":"125.94",
            "전용면적(평)":"38평",
            "법정동주소":"경기도 성남시 수정구 창곡동 515",
            "도로명주소":"경기도 성남시 수정구 위례중앙로 216",
            "세대수":90,
            "입주년차":80,
            "용적률점수":"--",
            "건폐율점수":"--",
            "세대당주차수":80,
            "난방방식":100,
            "공급면적":"--",
            "전용률":"--",
            "욕실수":100,
            "현관타입":100,
            "주거총점":89.5,
            "지역구공급총점":0.0,
            "역세권":0,
            "30분내 이동가능 거점":20,
            "1시간내 이동가능 거점":100,
            "교통총점":26.0,
            "백화점":0,
            "아울렛몰":80,
            "대형마트":0,
            "은행":0,
            "병원":60,
            "종합병원":100,
            "공원":0,
            "혐오시설":0,
            "인프라총점":34.0,
            "초등학군":89.99,
            "중학군":51.44,
            "학군총점":59.15,
            "인구수":26.43,
            "인구증감":-16.21,
            "인구총점":13.638,
            "일자리":16.74,
            "소득수준":77.56,
            "일자리총점":34.986,
            "가치 총점":46.0725,
            "매매실거래년":20210612.0,
            "매매실거래가":154000.0,
            "전세실거래년":20211210.0,
            "전세실거래가":86000.0,
            "전세가율":54.09,
            "장기전세가율평균":61.28,
            "전세가율거품지수":7.19,
            "검색코드":108789,
            "세대수":1137.0,
            "준공년월":"2016-12-06",
            "준공년차":7.0,
            "가까운역이름":"산성",
            "가까운역거리":1774.0,
            "역세권여부":"비역세권",
            "30분이내주요거점역":1,
            "30분거점역이름":"['잠실']",
            "1시간이내주요거점역":11,
            "1시간거점역이름":"['강남', '역삼', '잠실', '판교', '여의도', '을지로입구', '양재', '정자', '왕십리', '명동', '서현']",
            "3km이내백화점수":0,
            "5km이내아울렛몰수":1,
            "1km이내대형먀트수":0,
            "500m이내은행수":0,
            "500m이내병원수":29,
            "5km이내대형병원수":4,
            "500m이내공원수":0,
            "3km이내혐오시설수":0,
            "초등학교학업성취도":89.99,
            "중학교학업성취도":83.6,
            "용적률":223,
            "건폐율":17,
            "Y":37.472956,
            "X":127.152368,
            "rank":26.0,
            "area_info":"38평(125.94), 38평(126.31), 38평(127.07), 38평(127.0)",
            "last_sales":"2021-06-12,154000.0,38평(127.0)",
            "rank_history":[
                [
                    "202202",
                    26
                ],
                [
                    "202201",
                    26
                ]
            ],
            "rank_gap":0
        },
        {
            "index":127,
            "아파트명":"래미안위례",
            "투자타입":"일반",
            "전용면적(m2)":"128.97",
            "전용면적(평)":"39평",
            "법정동주소":"경기도 성남시 수정구 창곡동 528",
            "도로명주소":"경기도 성남시 수정구 위례순환로 150",
            "세대수":50,
            "입주년차":80,
            "용적률점수":"--",
            "건폐율점수":"--",
            "세대당주차수":60,
            "난방방식":100,
            "공급면적":"--",
            "전용률":"--",
            "욕실수":100,
            "현관타입":100,
            "주거총점":72.5,
            "지역구공급총점":0.0,
            "역세권":0,
            "30분내 이동가능 거점":40,
            "1시간내 이동가능 거점":90,
            "교통총점":30.0,
            "백화점":0,
            "아울렛몰":80,
            "대형마트":0,
            "은행":0,
            "병원":80,
            "종합병원":100,
            "공원":80,
            "혐오시설":0,
            "인프라총점":38.4,
            "초등학군":89.96,
            "중학군":56.64,
            "학군총점":63.304,
            "인구수":26.43,
            "인구증감":-16.21,
            "인구총점":13.638,
            "일자리":16.74,
            "소득수준":77.56,
            "일자리총점":34.986,
            "가치 총점":46.0156,
            "매매실거래년":20200214.0,
            "매매실거래가":240000.0,
            "전세실거래년":null,
            "전세실거래가":null,
            "전세가율":null,
            "장기전세가율평균":61.28,
            "전세가율거품지수":null,
            "검색코드":107016,
            "세대수":410.0,
            "준공년월":"2015-11-27",
            "준공년차":8.0,
            "가까운역이름":"산성",
            "가까운역거리":1539.5,
            "역세권여부":"비역세권",
            "30분이내주요거점역":2,
            "30분거점역이름":"['잠실', '서현']",
            "1시간이내주요거점역":9,
            "1시간거점역이름":"['역삼', '잠실', '판교', '여의도', '양재', '정자', '수원시청', '왕십리', '서현']",
            "3km이내백화점수":0,
            "5km이내아울렛몰수":1,
            "1km이내대형먀트수":0,
            "500m이내은행수":1,
            "500m이내병원수":58,
            "5km이내대형병원수":4,
            "500m이내공원수":1,
            "3km이내혐오시설수":0,
            "초등학교학업성취도":89.96,
            "중학교학업성취도":94.4,
            "용적률":179,
            "건폐율":23,
            "Y":37.470337,
            "X":127.144706,
            "rank":27.0,
            "area_info":"39평(128.97), 39평(130.64), 39평(130.96), 39평(131.43), 40평(133.35), 41평(136.57), 41평(137.33), 43평(143.75), 45평(149.31), 46평(154.21), 46평(154.59), 48평(160.56), 48평(160.56), 48평(160.8), 50평(165.61), 51평(171.14), 51평(171.18), 53평(176.36)",
            "last_sales":"2020-02-14,240000.0,53평(176.36)",
            "rank_history":[
                [
                    "202202",
                    27
                ],
                [
                    "202201",
                    25
                ]
            ],
            "rank_gap":-2
        },
        {
            "index":193,
            "아파트명":"위례자이",
            "투자타입":"일반",
            "전용면적(m2)":"126.91",
            "전용면적(평)":"38평",
            "법정동주소":"경기도 성남시 수정구 창곡동 531",
            "도로명주소":"경기도 성남시 수정구 위례순환로 100",
            "세대수":50,
            "입주년차":80,
            "용적률점수":"--",
            "건폐율점수":"--",
            "세대당주차수":80,
            "난방방식":100,
            "공급면적":"--",
            "전용률":"--",
            "욕실수":100,
            "현관타입":100,
            "주거총점":75.5,
            "지역구공급총점":0.0,
            "역세권":0,
            "30분내 이동가능 거점":20,
            "1시간내 이동가능 거점":100,
            "교통총점":26.0,
            "백화점":0,
            "아울렛몰":80,
            "대형마트":0,
            "은행":0,
            "병원":100,
            "종합병원":100,
            "공원":80,
            "혐오시설":0,
            "인프라총점":40.4,
            "초등학군":89.99,
            "중학군":56.64,
            "학군총점":63.31,
            "인구수":26.43,
            "인구증감":-16.21,
            "인구총점":13.638,
            "일자리":16.74,
            "소득수준":77.56,
            "일자리총점":34.986,
            "가치 총점":45.8165,
            "매매실거래년":20211205.0,
            "매매실거래가":245500.0,
            "전세실거래년":20211231.0,
            "전세실거래가":100000.0,
            "전세가율":55.87,
            "장기전세가율평균":61.28,
            "전세가율거품지수":5.41,
            "검색코드":109102,
            "세대수":517.0,
            "준공년월":"2016-10-27",
            "준공년차":7.0,
            "가까운역이름":"복정",
            "가까운역거리":1092.1,
            "역세권여부":"비역세권",
            "30분이내주요거점역":1,
            "30분거점역이름":"['서현']",
            "1시간이내주요거점역":10,
            "1시간거점역이름":"['강남', '역삼', '잠실', '판교', '여의도', '양재', '정자', '수원시청', '왕십리', '서현']",
            "3km이내백화점수":0,
            "5km이내아울렛몰수":1,
            "1km이내대형먀트수":0,
            "500m이내은행수":1,
            "500m이내병원수":61,
            "5km이내대형병원수":4,
            "500m이내공원수":1,
            "3km이내혐오시설수":0,
            "초등학교학업성취도":89.99,
            "중학교학업성취도":94.4,
            "용적률":169,
            "건폐율":21,
            "Y":37.47051,
            "X":127.139023,
            "rank":28.0,
            "area_info":"38평(126.91), 38평(126.94), 42평(140.06), 45평(150.37), 45평(150.37), 45평(151.08), 45평(151.08), 46평(153.68), 46평(154.52), 47평(158.45), 49평(162.09), 51평(171.24)",
            "last_sales":"2021-12-05,245500.0,45평(150.37)",
            "rank_history":[
                [
                    "202202",
                    28
                ],
                [
                    "202201",
                    27
                ]
            ],
            "rank_gap":-1
        },
        {
            "index":97,
            "아파트명":"우성에비뉴",
            "투자타입":"일반",
            "전용면적(m2)":"82.02",
            "전용면적(평)":"24평",
            "법정동주소":"경기도 성남시 수정구 양지동 1022",
            "도로명주소":"경기도 성남시 수정구 논골로36번길 15",
            "세대수":0,
            "입주년차":60,
            "용적률점수":"--",
            "건폐율점수":"--",
            "세대당주차수":30,
            "난방방식":30,
            "공급면적":"--",
            "전용률":"--",
            "욕실수":100,
            "현관타입":100,
            "주거총점":39.5,
            "지역구공급총점":0.0,
            "역세권":50,
            "30분내 이동가능 거점":0,
            "1시간내 이동가능 거점":80,
            "교통총점":41.0,
            "백화점":0,
            "아울렛몰":80,
            "대형마트":0,
            "은행":70,
            "병원":80,
            "종합병원":100,
            "공원":100,
            "혐오시설":0,
            "인프라총점":46.0,
            "초등학군":90.0,
            "중학군":50.22,
            "학군총점":58.176,
            "인구수":26.43,
            "인구증감":-16.21,
            "인구총점":13.638,
            "일자리":16.74,
            "소득수준":77.56,
            "일자리총점":34.986,
            "가치 총점":44.7764,
            "매매실거래년":20210907.0,
            "매매실거래가":78000.0,
            "전세실거래년":20150622.0,
            "전세실거래가":24000.0,
            "전세가율":64.34,
            "장기전세가율평균":61.28,
            "전세가율거품지수":-3.06,
            "검색코드":103470,
            "세대수":181.0,
            "준공년월":"2011-09-05",
            "준공년차":12.0,
            "가까운역이름":"남한산성입구",
            "가까운역거리":733.19,
            "역세권여부":"준역세권",
            "30분이내주요거점역":0,
            "30분거점역이름":"[]",
            "1시간이내주요거점역":8,
            "1시간거점역이름":"['강남', '역삼', '잠실', '판교', '양재', '정자', '왕십리', '서현']",
            "3km이내백화점수":0,
            "5km이내아울렛몰수":1,
            "1km이내대형먀트수":0,
            "500m이내은행수":3,
            "500m이내병원수":46,
            "5km이내대형병원수":3,
            "500m이내공원수":3,
            "3km이내혐오시설수":0,
            "초등학교학업성취도":90.0,
            "중학교학업성취도":83.7,
            "용적률":249,
            "건폐율":28,
            "Y":37.458114,
            "X":127.160371,
            "rank":29.0,
            "area_info":"24평(82.02), 25평(83.16), 31평(104.01), 32평(105.81)",
            "last_sales":"2021-09-07,78000.0,32평(105.81)",
            "rank_history":[
                [
                    "202202",
                    29
                ],
                [
                    "202201",
                    29
                ]
            ],
            "rank_gap":0
        },
        {
            "index":42,
            "아파트명":"삼정그린뷰",
            "투자타입":"일반",
            "전용면적(m2)":"107.01",
            "전용면적(평)":"32평",
            "법정동주소":"경기도 성남시 수정구 수진동 4678",
            "도로명주소":"경기도 성남시 수정구 수정로 2",
            "세대수":0,
            "입주년차":20,
            "용적률점수":"--",
            "건폐율점수":"--",
            "세대당주차수":30,
            "난방방식":30,
            "공급면적":"--",
            "전용률":"--",
            "욕실수":100,
            "현관타입":100,
            "주거총점":31.5,
            "지역구공급총점":0.0,
            "역세권":50,
            "30분내 이동가능 거점":60,
            "1시간내 이동가능 거점":100,
            "교통총점":63.0,
            "백화점":0,
            "아울렛몰":80,
            "대형마트":0,
            "은행":0,
            "병원":0,
            "종합병원":100,
            "공원":0,
            "혐오시설":0,
            "인프라총점":28.0,
            "초등학군":90.01,
            "중학군":41.12,
            "학군총점":50.898,
            "인구수":26.43,
            "인구증감":-16.21,
            "인구총점":13.638,
            "일자리":16.74,
            "소득수준":77.56,
            "일자리총점":34.986,
            "가치 총점":44.3847,
            "매매실거래년":20211017.0,
            "매매실거래가":80000.0,
            "전세실거래년":20220117.0,
            "전세실거래가":47000.0,
            "전세가율":58.75,
            "장기전세가율평균":61.28,
            "전세가율거품지수":2.53,
            "검색코드":13682,
            "세대수":274.0,
            "준공년월":"2003-12-20",
            "준공년차":20.0,
            "가까운역이름":"태평",
            "가까운역거리":618.27,
            "역세권여부":"준역세권",
            "30분이내주요거점역":3,
            "30분거점역이름":"['판교', '정자', '서현']",
            "1시간이내주요거점역":11,
            "1시간거점역이름":"['강남', '역삼', '잠실', '판교', '여의도', '양재', '정자', '수원시청', '왕십리', '수원', '서현']",
            "3km이내백화점수":0,
            "5km이내아울렛몰수":1,
            "1km이내대형먀트수":0,
            "500m이내은행수":0,
            "500m이내병원수":1,
            "5km이내대형병원수":4,
            "500m이내공원수":0,
            "3km이내혐오시설수":0,
            "초등학교학업성취도":90.01,
            "중학교학업성취도":68.0,
            "용적률":175,
            "건폐율":23,
            "Y":37.439264,
            "X":127.120771,
            "rank":30.0,
            "area_info":"32평(107.01), 60평(199.2)",
            "last_sales":"2021-10-17,80000.0,32평(107.01)",
            "rank_history":[
                [
                    "202202",
                    30
                ],
                [
                    "202201",
                    30
                ]
            ],
            "rank_gap":0
        },
        {
            "index":182,
            "아파트명":"위례자연앤래미안e편한세상",
            "투자타입":"일반",
            "전용면적(m2)":"99.91",
            "전용면적(평)":"30평",
            "법정동주소":"경기도 성남시 수정구 창곡동 567",
            "도로명주소":"경기도 성남시 수정구 위례동로 61",
            "세대수":100,
            "입주년차":80,
            "용적률점수":"--",
            "건폐율점수":"--",
            "세대당주차수":60,
            "난방방식":100,
            "공급면적":"--",
            "전용률":"--",
            "욕실수":100,
            "현관타입":100,
            "주거총점":90.0,
            "지역구공급총점":0.0,
            "역세권":0,
            "30분내 이동가능 거점":0,
            "1시간내 이동가능 거점":100,
            "교통총점":20.0,
            "백화점":0,
            "아울렛몰":80,
            "대형마트":0,
            "은행":0,
            "병원":10,
            "종합병원":100,
            "공원":80,
            "혐오시설":0,
            "인프라총점":31.4,
            "초등학군":89.98,
            "중학군":56.64,
            "학군총점":63.308,
            "인구수":26.43,
            "인구증감":-16.21,
            "인구총점":13.638,
            "일자리":16.74,
            "소득수준":77.56,
            "일자리총점":34.986,
            "가치 총점":43.9162,
            "매매실거래년":20211218.0,
            "매매실거래가":142000.0,
            "전세실거래년":20220116.0,
            "전세실거래가":65000.0,
            "전세가율":45.77,
            "장기전세가율평균":61.28,
            "전세가율거품지수":15.51,
            "검색코드":107715,
            "세대수":1540.0,
            "준공년월":"2016-06-30",
            "준공년차":7.0,
            "가까운역이름":"산성",
            "가까운역거리":1172.06,
            "역세권여부":"비역세권",
            "30분이내주요거점역":0,
            "30분거점역이름":"[]",
            "1시간이내주요거점역":10,
            "1시간거점역이름":"['강남', '역삼', '잠실', '판교', '을지로입구', '양재', '정자', '왕십리', '명동', '서현']",
            "3km이내백화점수":0,
            "5km이내아울렛몰수":1,
            "1km이내대형먀트수":0,
            "500m이내은행수":0,
            "500m이내병원수":2,
            "5km이내대형병원수":4,
            "500m이내공원수":1,
            "3km이내혐오시설수":0,
            "초등학교학업성취도":89.98,
            "중학교학업성취도":94.4,
            "용적률":188,
            "건폐율":17,
            "Y":37.467286,
            "X":127.14639,
            "rank":31.0,
            "area_info":"30평(99.91), 30평(101.01), 33평(111.85), 34평(112.77), 34평(113.12), 34평(113.77)",
            "last_sales":"2021-12-18,142000.0,30평(99.91)",
            "rank_history":[
                [
                    "202202",
                    31
                ],
                [
                    "202201",
                    33
                ]
            ],
            "rank_gap":2
        },
        {
            "index":78,
            "아파트명":"셀레스빌",
            "투자타입":"일반",
            "전용면적(m2)":"96.84",
            "전용면적(평)":"29평",
            "법정동주소":"경기도 성남시 수정구 신흥동 125-2",
            "도로명주소":"경기도 성남시 수정구 수정로 316",
            "세대수":0,
            "입주년차":40,
            "용적률점수":"--",
            "건폐율점수":"--",
            "세대당주차수":0,
            "난방방식":30,
            "공급면적":"--",
            "전용률":"--",
            "욕실수":100,
            "현관타입":100,
            "주거총점":31.0,
            "지역구공급총점":0.0,
            "역세권":50,
            "30분내 이동가능 거점":20,
            "1시간내 이동가능 거점":100,
            "교통총점":51.0,
            "백화점":0,
            "아울렛몰":80,
            "대형마트":0,
            "은행":20,
            "병원":60,
            "종합병원":100,
            "공원":80,
            "혐오시설":0,
            "인프라총점":38.4,
            "초등학군":89.92,
            "중학군":42.36,
            "학군총점":51.872,
            "인구수":26.43,
            "인구증감":-16.21,
            "인구총점":13.638,
            "일자리":16.74,
            "소득수준":77.56,
            "일자리총점":34.986,
            "가치 총점":43.3508,
            "매매실거래년":20211129.0,
            "매매실거래가":54800.0,
            "전세실거래년":20211121.0,
            "전세실거래가":41000.0,
            "전세가율":68.45,
            "장기전세가율평균":61.28,
            "전세가율거품지수":-7.17,
            "검색코드":25864,
            "세대수":117.0,
            "준공년월":"2007-03-09",
            "준공년차":16.0,
            "가까운역이름":"산성",
            "가까운역거리":605.37,
            "역세권여부":"준역세권",
            "30분이내주요거점역":1,
            "30분거점역이름":"['잠실']",
            "1시간이내주요거점역":11,
            "1시간거점역이름":"['강남', '역삼', '잠실', '판교', '여의도', '을지로입구', '을지로3가', '양재', '정자', '왕십리', '서현']",
            "3km이내백화점수":0,
            "5km이내아울렛몰수":1,
            "1km이내대형먀트수":0,
            "500m이내은행수":2,
            "500m이내병원수":21,
            "5km이내대형병원수":3,
            "500m이내공원수":1,
            "3km이내혐오시설수":0,
            "초등학교학업성취도":89.92,
            "중학교학업성취도":70.2,
            "용적률":713,
            "건폐율":75,
            "Y":37.451709,
            "X":127.149175,
            "rank":32.0,
            "area_info":"29평(96.84), 29평(97.36), 32평(105.8), 32평(106.11), 33평(112.25)",
            "last_sales":"2021-11-29,54800.0,32평(106.11)",
            "rank_history":[
                [
                    "202202",
                    32
                ],
                [
                    "202201",
                    31
                ]
            ],
            "rank_gap":-1
        },
        {
            "index":62,
            "아파트명":"삼부르네상스파크1",
            "투자타입":"일반",
            "전용면적(m2)":"49.42",
            "전용면적(평)":"14평",
            "법정동주소":"경기도 성남시 수정구 신흥동 179",
            "도로명주소":"경기도 성남시 수정구 수정로 312",
            "세대수":0,
            "입주년차":40,
            "용적률점수":"--",
            "건폐율점수":"--",
            "세대당주차수":30,
            "난방방식":30,
            "공급면적":"--",
            "전용률":"--",
            "욕실수":50,
            "현관타입":100,
            "주거총점":30.5,
            "지역구공급총점":0.0,
            "역세권":50,
            "30분내 이동가능 거점":20,
            "1시간내 이동가능 거점":100,
            "교통총점":51.0,
            "백화점":0,
            "아울렛몰":80,
            "대형마트":0,
            "은행":20,
            "병원":60,
            "종합병원":100,
            "공원":80,
            "혐오시설":0,
            "인프라총점":38.4,
            "초등학군":89.92,
            "중학군":42.36,
            "학군총점":51.872,
            "인구수":26.43,
            "인구증감":-16.21,
            "인구총점":13.638,
            "일자리":16.74,
            "소득수준":77.56,
            "일자리총점":34.986,
            "가치 총점":43.2508,
            "매매실거래년":20200606.0,
            "매매실거래가":47000.0,
            "전세실거래년":20210329.0,
            "전세실거래가":16800.0,
            "전세가율":73.04,
            "장기전세가율평균":61.28,
            "전세가율거품지수":-11.76,
            "검색코드":14628,
            "세대수":108.0,
            "준공년월":"2006-02-28",
            "준공년차":17.0,
            "가까운역이름":"산성",
            "가까운역거리":640.34,
            "역세권여부":"준역세권",
            "30분이내주요거점역":1,
            "30분거점역이름":"['잠실']",
            "1시간이내주요거점역":11,
            "1시간거점역이름":"['강남', '역삼', '잠실', '판교', '여의도', '을지로입구', '을지로3가', '양재', '정자', '왕십리', '서현']",
            "3km이내백화점수":0,
            "5km이내아울렛몰수":1,
            "1km이내대형먀트수":0,
            "500m이내은행수":2,
            "500m이내병원수":21,
            "5km이내대형병원수":3,
            "500m이내공원수":1,
            "3km이내혐오시설수":0,
            "초등학교학업성취도":89.92,
            "중학교학업성취도":70.2,
            "용적률":735,
            "건폐율":72,
            "Y":37.45141,
            "X":127.148986,
            "rank":33.0,
            "area_info":"14평(49.42), 24평(82.56), 25평(85.36), 27평(92.04), 32평(107.21), 32평(107.49), 38평(127.67)",
            "last_sales":"2020-06-06,47000.0,32평(107.49)",
            "rank_history":[
                [
                    "202202",
                    33
                ],
                [
                    "202201",
                    32
                ]
            ],
            "rank_gap":-1
        },
        {
            "index":0,
            "아파트명":"판교밸리포레자이",
            "투자타입":"일반",
            "전용면적(m2)":"81.08",
            "전용면적(평)":"24평",
            "법정동주소":"경기도 성남시 수정구 고등동 576",
            "도로명주소":"경기도 성남시 수정구 고등로 33",
            "세대수":50,
            "입주년차":100,
            "용적률점수":"--",
            "건폐율점수":"--",
            "세대당주차수":30,
            "난방방식":100,
            "공급면적":"--",
            "전용률":"--",
            "욕실수":100,
            "현관타입":100,
            "주거총점":72.0,
            "지역구공급총점":0.0,
            "역세권":0,
            "30분내 이동가능 거점":40,
            "1시간내 이동가능 거점":100,
            "교통총점":32.0,
            "백화점":0,
            "아울렛몰":0,
            "대형마트":80,
            "은행":0,
            "병원":10,
            "종합병원":100,
            "공원":0,
            "혐오시설":0,
            "인프라총점":33.0,
            "초등학군":90.0,
            "중학군":41.12,
            "학군총점":50.896,
            "인구수":26.43,
            "인구증감":-16.21,
            "인구총점":13.638,
            "일자리":16.74,
            "소득수준":77.56,
            "일자리총점":34.986,
            "가치 총점":43.1344,
            "매매실거래년":"18000101",
            "매매실거래가":null,
            "전세실거래년":20211029.0,
            "전세실거래가":65000.0,
            "전세가율":null,
            "장기전세가율평균":61.28,
            "전세가율거품지수":null,
            "검색코드":128970,
            "세대수":603.0,
            "준공년월":"2021-09-01",
            "준공년차":2.0,
            "가까운역이름":"모란",
            "가까운역거리":2973.63,
            "역세권여부":"비역세권",
            "30분이내주요거점역":2,
            "30분거점역이름":"['판교', '양재']",
            "1시간이내주요거점역":11,
            "1시간거점역이름":"['강남', '역삼', '잠실', '판교', '을지로3가', '양재', '정자', '왕십리', '구로디지털단지', '명동', '서현']",
            "3km이내백화점수":0,
            "5km이내아울렛몰수":0,
            "1km이내대형먀트수":1,
            "500m이내은행수":0,
            "500m이내병원수":2,
            "5km이내대형병원수":3,
            "500m이내공원수":0,
            "3km이내혐오시설수":0,
            "초등학교학업성취도":90.0,
            "중학교학업성취도":68.0,
            "용적률":169,
            "건폐율":23,
            "Y":37.430628,
            "X":127.095463,
            "rank":34.0,
            "area_info":"24평(81.08), 24평(81.43), 24평(81.33), 24평(81.35), 24평(81.43), 24평(81.39), 24평(81.2), 24평(81.34)",
            "last_sales":"1800-01-01,nan,24평(81.08)",
            "rank_history":[
                [
                    "202202",
                    34
                ],
                [
                    "202201",
                    39
                ]
            ],
            "rank_gap":5
        },
        {
            "index":145,
            "아파트명":"위례더힐55",
            "투자타입":"일반",
            "전용면적(m2)":"113.43",
            "전용면적(평)":"34평",
            "법정동주소":"경기도 성남시 수정구 창곡동 521",
            "도로명주소":"경기도 성남시 수정구 위례순환로 220",
            "세대수":90,
            "입주년차":80,
            "용적률점수":"--",
            "건폐율점수":"--",
            "세대당주차수":60,
            "난방방식":100,
            "공급면적":"--",
            "전용률":"--",
            "욕실수":100,
            "현관타입":100,
            "주거총점":86.5,
            "지역구공급총점":0.0,
            "역세권":0,
            "30분내 이동가능 거점":0,
            "1시간내 이동가능 거점":80,
            "교통총점":16.0,
            "백화점":0,
            "아울렛몰":80,
            "대형마트":0,
            "은행":0,
            "병원":60,
            "종합병원":100,
            "공원":0,
            "혐오시설":0,
            "인프라총점":34.0,
            "초등학군":89.99,
            "중학군":56.64,
            "학군총점":63.31,
            "인구수":26.43,
            "인구증감":-16.21,
            "인구총점":13.638,
            "일자리":16.74,
            "소득수준":77.56,
            "일자리총점":34.986,
            "가치 총점":42.5965,
            "매매실거래년":20210913.0,
            "매매실거래가":181000.0,
            "전세실거래년":20220122.0,
            "전세실거래가":59850.0,
            "전세가율":40.99,
            "장기전세가율평균":61.28,
            "전세가율거품지수":20.29,
            "검색코드":107924,
            "세대수":1380.0,
            "준공년월":"2015-12-31",
            "준공년차":8.0,
            "가까운역이름":"산성",
            "가까운역거리":1451.15,
            "역세권여부":"비역세권",
            "30분이내주요거점역":0,
            "30분거점역이름":"[]",
            "1시간이내주요거점역":8,
            "1시간거점역이름":"['강남', '역삼', '잠실', '여의도', '양재', '정자', '왕십리', '서현']",
            "3km이내백화점수":0,
            "5km이내아울렛몰수":1,
            "1km이내대형먀트수":0,
            "500m이내은행수":0,
            "500m이내병원수":10,
            "5km이내대형병원수":4,
            "500m이내공원수":0,
            "3km이내혐오시설수":0,
            "초등학교학업성취도":89.99,
            "중학교학업성취도":94.4,
            "용적률":179,
            "건폐율":15,
            "Y":37.46972,
            "X":127.1542,
            "rank":35.0,
            "area_info":"34평(113.43), 34평(114.06), 34평(114.24), 53평(176.83), 53평(177.86), 53평(177.85), 53평(177.41), 53평(177.15)",
            "last_sales":"2021-09-13,181000.0,53평(177.86)",
            "rank_history":[
                [
                    "202202",
                    35
                ],
                [
                    "202201",
                    34
                ]
            ],
            "rank_gap":-1
        },
        {
            "index":167,
            "아파트명":"위례아트리버푸르지오1단지",
            "투자타입":"일반",
            "전용면적(m2)":"124.91",
            "전용면적(평)":"37평",
            "법정동주소":"경기도 성남시 수정구 창곡동 530",
            "도로명주소":"경기도 성남시 수정구 위례광장로 70",
            "세대수":0,
            "입주년차":80,
            "용적률점수":"--",
            "건폐율점수":"--",
            "세대당주차수":60,
            "난방방식":100,
            "공급면적":"--",
            "전용률":"--",
            "욕실수":100,
            "현관타입":100,
            "주거총점":55.0,
            "지역구공급총점":0.0,
            "역세권":0,
            "30분내 이동가능 거점":40,
            "1시간내 이동가능 거점":80,
            "교통총점":28.0,
            "백화점":0,
            "아울렛몰":80,
            "대형마트":0,
            "은행":0,
            "병원":100,
            "종합병원":100,
            "공원":100,
            "혐오시설":0,
            "인프라총점":41.0,
            "초등학군":89.96,
            "중학군":56.64,
            "학군총점":63.304,
            "인구수":26.43,
            "인구증감":-16.21,
            "인구총점":13.638,
            "일자리":16.74,
            "소득수준":77.56,
            "일자리총점":34.986,
            "가치 총점":42.5956,
            "매매실거래년":20211008.0,
            "매매실거래가":215000.0,
            "전세실거래년":20210413.0,
            "전세실거래가":85000.0,
            "전세가율":47.22,
            "장기전세가율평균":61.28,
            "전세가율거품지수":14.06,
            "검색코드":109449,
            "세대수":124.0,
            "준공년월":"2016-12-30",
            "준공년차":7.0,
            "가까운역이름":"복정",
            "가까운역거리":1302.52,
            "역세권여부":"비역세권",
            "30분이내주요거점역":2,
            "30분거점역이름":"['잠실', '서현']",
            "1시간이내주요거점역":8,
            "1시간거점역이름":"['역삼', '잠실', '판교', '여의도', '양재', '정자', '왕십리', '서현']",
            "3km이내백화점수":0,
            "5km이내아울렛몰수":1,
            "1km이내대형먀트수":0,
            "500m이내은행수":1,
            "500m이내병원수":61,
            "5km이내대형병원수":4,
            "500m이내공원수":2,
            "3km이내혐오시설수":0,
            "초등학교학업성취도":89.96,
            "중학교학업성취도":94.4,
            "용적률":199,
            "건폐율":36,
            "Y":37.470541,
            "X":127.141408,
            "rank":36.0,
            "area_info":"37평(124.91), 37평(124.91), 37평(124.91), 39평(131.99), 39평(131.72), 40평(133.38), 40평(133.38), 40평(133.38), 52평(174.78)",
            "last_sales":"2021-10-08,215000.0,40평(133.38)",
            "rank_history":[
                [
                    "202202",
                    36
                ],
                [
                    "202201",
                    35
                ]
            ],
            "rank_gap":-1
        },
        {
            "index":188,
            "아파트명":"위례자연앤센트럴자이",
            "투자타입":"일반",
            "전용면적(m2)":"75.22",
            "전용면적(평)":"22평",
            "법정동주소":"경기도 성남시 수정구 창곡동 504",
            "도로명주소":"경기도 성남시 수정구 위례광장로 97",
            "세대수":90,
            "입주년차":80,
            "용적률점수":"--",
            "건폐율점수":"--",
            "세대당주차수":30,
            "난방방식":100,
            "공급면적":"--",
            "전용률":"--",
            "욕실수":50,
            "현관타입":100,
            "주거총점":77.0,
            "지역구공급총점":0.0,
            "역세권":0,
            "30분내 이동가능 거점":0,
            "1시간내 이동가능 거점":90,
            "교통총점":18.0,
            "백화점":0,
            "아울렛몰":80,
            "대형마트":0,
            "은행":0,
            "병원":80,
            "종합병원":100,
            "공원":0,
            "혐오시설":0,
            "인프라총점":36.0,
            "초등학군":89.99,
            "중학군":51.44,
            "학군총점":59.15,
            "인구수":26.43,
            "인구증감":-16.21,
            "인구총점":13.638,
            "일자리":16.74,
            "소득수준":77.56,
            "일자리총점":34.986,
            "가치 총점":41.3725,
            "매매실거래년":20211211.0,
            "매매실거래가":155000.0,
            "전세실거래년":20220124.0,
            "전세실거래가":59900.0,
            "전세가율":56.24,
            "장기전세가율평균":61.28,
            "전세가율거품지수":5.04,
            "검색코드":109266,
            "세대수":1413.0,
            "준공년월":"2017-06-28",
            "준공년차":6.0,
            "가까운역이름":"복정",
            "가까운역거리":1138.97,
            "역세권여부":"비역세권",
            "30분이내주요거점역":0,
            "30분거점역이름":"[]",
            "1시간이내주요거점역":9,
            "1시간거점역이름":"['강남', '역삼', '잠실', '판교', '여의도', '양재', '정자', '왕십리', '서현']",
            "3km이내백화점수":0,
            "5km이내아울렛몰수":1,
            "1km이내대형먀트수":0,
            "500m이내은행수":1,
            "500m이내병원수":58,
            "5km이내대형병원수":4,
            "500m이내공원수":0,
            "3km이내혐오시설수":0,
            "초등학교학업성취도":89.99,
            "중학교학업성취도":83.6,
            "용적률":179,
            "건폐율":19,
            "Y":37.472909,
            "X":127.139054,
            "rank":37.0,
            "area_info":"22평(75.22), 25평(83.92), 25평(84.49), 29평(98.79), 33평(112.17)",
            "last_sales":"2021-12-11,155000.0,29평(98.79)",
            "rank_history":[
                [
                    "202202",
                    37
                ],
                [
                    "202201",
                    36
                ]
            ],
            "rank_gap":-1
        },
        {
            "index":153,
            "아파트명":"위례보미리즌빌",
            "투자타입":"일반",
            "전용면적(m2)":"123.43",
            "전용면적(평)":"37평",
            "법정동주소":"경기도 성남시 수정구 창곡동 507",
            "도로명주소":"경기도 성남시 수정구 위례광장로 82",
            "세대수":0,
            "입주년차":80,
            "용적률점수":"--",
            "건폐율점수":"--",
            "세대당주차수":60,
            "난방방식":100,
            "공급면적":"--",
            "전용률":"--",
            "욕실수":100,
            "현관타입":100,
            "주거총점":55.0,
            "지역구공급총점":0.0,
            "역세권":0,
            "30분내 이동가능 거점":40,
            "1시간내 이동가능 거점":80,
            "교통총점":28.0,
            "백화점":0,
            "아울렛몰":80,
            "대형마트":0,
            "은행":0,
            "병원":80,
            "종합병원":100,
            "공원":0,
            "혐오시설":0,
            "인프라총점":36.0,
            "초등학군":89.96,
            "중학군":56.64,
            "학군총점":63.304,
            "인구수":26.43,
            "인구증감":-16.21,
            "인구총점":13.638,
            "일자리":16.74,
            "소득수준":77.56,
            "일자리총점":34.986,
            "가치 총점":41.0956,
            "매매실거래년":20201216.0,
            "매매실거래가":130000.0,
            "전세실거래년":20211006.0,
            "전세실거래가":82000.0,
            "전세가율":null,
            "장기전세가율평균":61.28,
            "전세가율거품지수":null,
            "검색코드":111417,
            "세대수":131.0,
            "준공년월":"2017-06-27",
            "준공년차":6.0,
            "가까운역이름":"복정",
            "가까운역거리":1313.89,
            "역세권여부":"비역세권",
            "30분이내주요거점역":2,
            "30분거점역이름":"['잠실', '서현']",
            "1시간이내주요거점역":8,
            "1시간거점역이름":"['역삼', '잠실', '판교', '여의도', '양재', '정자', '왕십리', '서현']",
            "3km이내백화점수":0,
            "5km이내아울렛몰수":1,
            "1km이내대형먀트수":0,
            "500m이내은행수":1,
            "500m이내병원수":58,
            "5km이내대형병원수":4,
            "500m이내공원수":0,
            "3km이내혐오시설수":0,
            "초등학교학업성취도":89.96,
            "중학교학업성취도":94.4,
            "용적률":199,
            "건폐율":36,
            "Y":37.471557,
            "X":127.141428,
            "rank":38.0,
            "area_info":"37평(123.43), 37평(124.23), 37평(125.35), 44평(146.29)",
            "last_sales":"2020-12-16,130000.0,37평(125.35)",
            "rank_history":[
                [
                    "202202",
                    38
                ],
                [
                    "202201",
                    35
                ]
            ],
            "rank_gap":-3
        },
        {
            "index":178,
            "아파트명":"위례역푸르지오5단지",
            "투자타입":"일반",
            "전용면적(m2)":"109.1",
            "전용면적(평)":"33평",
            "법정동주소":"경기도 성남시 수정구 창곡동 564",
            "도로명주소":"경기도 성남시 수정구 위례광장로 34",
            "세대수":0,
            "입주년차":80,
            "용적률점수":"--",
            "건폐율점수":"--",
            "세대당주차수":60,
            "난방방식":100,
            "공급면적":"--",
            "전용률":"--",
            "욕실수":100,
            "현관타입":100,
            "주거총점":55.0,
            "지역구공급총점":0.0,
            "역세권":0,
            "30분내 이동가능 거점":20,
            "1시간내 이동가능 거점":100,
            "교통총점":26.0,
            "백화점":0,
            "아울렛몰":80,
            "대형마트":0,
            "은행":0,
            "병원":60,
            "종합병원":100,
            "공원":80,
            "혐오시설":0,
            "인프라총점":36.4,
            "초등학군":89.98,
            "중학군":56.64,
            "학군총점":63.308,
            "인구수":26.43,
            "인구증감":-16.21,
            "인구총점":13.638,
            "일자리":16.74,
            "소득수준":77.56,
            "일자리총점":34.986,
            "가치 총점":40.5162,
            "매매실거래년":20210918.0,
            "매매실거래가":157000.0,
            "전세실거래년":20220126.0,
            "전세실거래가":65000.0,
            "전세가율":41.4,
            "장기전세가율평균":61.28,
            "전세가율거품지수":19.88,
            "검색코드":110633,
            "세대수":147.0,
            "준공년월":"2017-10-17",
            "준공년차":6.0,
            "가까운역이름":"산성",
            "가까운역거리":1310.33,
            "역세권여부":"비역세권",
            "30분이내주요거점역":1,
            "30분거점역이름":"['서현']",
            "1시간이내주요거점역":10,
            "1시간거점역이름":"['강남', '역삼', '잠실', '판교', '여의도', '양재', '정자', '왕십리', '명동', '서현']",
            "3km이내백화점수":0,
            "5km이내아울렛몰수":1,
            "1km이내대형먀트수":0,
            "500m이내은행수":1,
            "500m이내병원수":18,
            "5km이내대형병원수":4,
            "500m이내공원수":1,
            "3km이내혐오시설수":0,
            "초등학교학업성취도":89.98,
            "중학교학업성취도":94.4,
            "용적률":189,
            "건폐율":36,
            "Y":37.466662,
            "X":127.141193,
            "rank":39.0,
            "area_info":"33평(109.1), 33평(109.63)",
            "last_sales":"2021-09-18,157000.0,33평(109.1)",
            "rank_history":[
                [
                    "202202",
                    39
                ],
                [
                    "202201",
                    37
                ]
            ],
            "rank_gap":-2
        },
        {
            "index":157,
            "아파트명":"위례센트럴푸르지오",
            "투자타입":"일반",
            "전용면적(m2)":"121.27",
            "전용면적(평)":"36평",
            "법정동주소":"경기도 성남시 수정구 창곡동 519",
            "도로명주소":"경기도 성남시 수정구 위례순환로 211",
            "세대수":50,
            "입주년차":80,
            "용적률점수":"--",
            "건폐율점수":"--",
            "세대당주차수":60,
            "난방방식":100,
            "공급면적":"--",
            "전용률":"--",
            "욕실수":100,
            "현관타입":100,
            "주거총점":72.5,
            "지역구공급총점":0.0,
            "역세권":0,
            "30분내 이동가능 거점":0,
            "1시간내 이동가능 거점":90,
            "교통총점":18.0,
            "백화점":0,
            "아울렛몰":80,
            "대형마트":0,
            "은행":0,
            "병원":60,
            "종합병원":100,
            "공원":0,
            "혐오시설":0,
            "인프라총점":34.0,
            "초등학군":89.99,
            "중학군":56.64,
            "학군총점":63.31,
            "인구수":26.43,
            "인구증감":-16.21,
            "인구총점":13.638,
            "일자리":16.74,
            "소득수준":77.56,
            "일자리총점":34.986,
            "가치 총점":40.4965,
            "매매실거래년":20211120.0,
            "매매실거래가":171500.0,
            "전세실거래년":20211207.0,
            "전세실거래가":45900.0,
            "전세가율":28.87,
            "장기전세가율평균":61.28,
            "전세가율거품지수":32.41,
            "검색코드":107661,
            "세대수":687.0,
            "준공년월":"2016-04-11",
            "준공년차":7.0,
            "가까운역이름":"산성",
            "가까운역거리":1577.21,
            "역세권여부":"비역세권",
            "30분이내주요거점역":0,
            "30분거점역이름":"[]",
            "1시간이내주요거점역":9,
            "1시간거점역이름":"['강남', '역삼', '잠실', '판교', '여의도', '양재', '정자', '왕십리', '서현']",
            "3km이내백화점수":0,
            "5km이내아울렛몰수":1,
            "1km이내대형먀트수":0,
            "500m이내은행수":0,
            "500m이내병원수":29,
            "5km이내대형병원수":4,
            "500m이내공원수":0,
            "3km이내혐오시설수":0,
            "초등학교학업성취도":89.99,
            "중학교학업성취도":94.4,
            "용적률":224,
            "건폐율":18,
            "Y":37.471143,
            "X":127.152611,
            "rank":40.0,
            "area_info":"36평(121.27), 36평(121.27), 36평(121.73), 36평(121.52), 36평(122.18), 39평(131.02), 39평(131.02), 39평(131.98), 39평(131.62), 39평(132.01)",
            "last_sales":"2021-11-20,171500.0,39평(131.02)",
            "rank_history":[
                [
                    "202202",
                    40
                ],
                [
                    "202201",
                    38
                ]
            ],
            "rank_gap":-2
        },
        {
            "index":180,
            "아파트명":"위례역푸르지오6단지",
            "투자타입":"일반",
            "전용면적(m2)":"109.23",
            "전용면적(평)":"33평",
            "법정동주소":"경기도 성남시 수정구 창곡동 563",
            "도로명주소":"경기도 성남시 수정구 위례광장로 12",
            "세대수":0,
            "입주년차":80,
            "용적률점수":"--",
            "건폐율점수":"--",
            "세대당주차수":60,
            "난방방식":100,
            "공급면적":"--",
            "전용률":"--",
            "욕실수":100,
            "현관타입":100,
            "주거총점":55.0,
            "지역구공급총점":0.0,
            "역세권":0,
            "30분내 이동가능 거점":0,
            "1시간내 이동가능 거점":100,
            "교통총점":20.0,
            "백화점":0,
            "아울렛몰":80,
            "대형마트":0,
            "은행":0,
            "병원":60,
            "종합병원":100,
            "공원":100,
            "혐오시설":0,
            "인프라총점":37.0,
            "초등학군":89.98,
            "중학군":56.64,
            "학군총점":63.308,
            "인구수":26.43,
            "인구증감":-16.21,
            "인구총점":13.638,
            "일자리":16.74,
            "소득수준":77.56,
            "일자리총점":34.986,
            "가치 총점":38.5962,
            "매매실거래년":20211113.0,
            "매매실거래가":150000.0,
            "전세실거래년":20220124.0,
            "전세실거래가":55650.0,
            "전세가율":37.1,
            "장기전세가율평균":61.28,
            "전세가율거품지수":24.18,
            "검색코드":110634,
            "세대수":265.0,
            "준공년월":"2017-10-17",
            "준공년차":6.0,
            "가까운역이름":"산성",
            "가까운역거리":1250.59,
            "역세권여부":"비역세권",
            "30분이내주요거점역":0,
            "30분거점역이름":"[]",
            "1시간이내주요거점역":11,
            "1시간거점역이름":"['강남', '역삼', '잠실', '판교', '여의도', '을지로입구', '양재', '정자', '왕십리', '명동', '서현']",
            "3km이내백화점수":0,
            "5km이내아울렛몰수":1,
            "1km이내대형먀트수":0,
            "500m이내은행수":1,
            "500m이내병원수":18,
            "5km이내대형병원수":4,
            "500m이내공원수":2,
            "3km이내혐오시설수":0,
            "초등학교학업성취도":89.98,
            "중학교학업성취도":94.4,
            "용적률":189,
            "건폐율":26,
            "Y":37.466516,
            "X":127.142117,
            "rank":41.0,
            "area_info":"33평(109.23), 33평(109.76)",
            "last_sales":"2021-11-13,150000.0,33평(109.23)",
            "rank_history":[
                [
                    "202202",
                    41
                ],
                [
                    "202201",
                    40
                ]
            ],
            "rank_gap":-1
        },
        {
            "index":176,
            "아파트명":"위례역푸르지오4단지",
            "투자타입":"일반",
            "전용면적(m2)":"109.36",
            "전용면적(평)":"33평",
            "법정동주소":"경기도 성남시 수정구 창곡동 565",
            "도로명주소":"경기도 성남시 수정구 위례광장로 36",
            "세대수":0,
            "입주년차":80,
            "용적률점수":"--",
            "건폐율점수":"--",
            "세대당주차수":60,
            "난방방식":100,
            "공급면적":"--",
            "전용률":"--",
            "욕실수":100,
            "현관타입":100,
            "주거총점":55.0,
            "지역구공급총점":0.0,
            "역세권":0,
            "30분내 이동가능 거점":0,
            "1시간내 이동가능 거점":90,
            "교통총점":18.0,
            "백화점":0,
            "아울렛몰":80,
            "대형마트":0,
            "은행":0,
            "병원":80,
            "종합병원":100,
            "공원":100,
            "혐오시설":0,
            "인프라총점":39.0,
            "초등학군":89.96,
            "중학군":56.64,
            "학군총점":63.304,
            "인구수":26.43,
            "인구증감":-16.21,
            "인구총점":13.638,
            "일자리":16.74,
            "소득수준":77.56,
            "일자리총점":34.986,
            "가치 총점":38.4956,
            "매매실거래년":20211112.0,
            "매매실거래가":155000.0,
            "전세실거래년":20220108.0,
            "전세실거래가":63000.0,
            "전세가율":40.65,
            "장기전세가율평균":61.28,
            "전세가율거품지수":20.63,
            "검색코드":110632,
            "세대수":208.0,
            "준공년월":"2017-10-16",
            "준공년차":6.0,
            "가까운역이름":"복정",
            "가까운역거리":1280.18,
            "역세권여부":"비역세권",
            "30분이내주요거점역":0,
            "30분거점역이름":"[]",
            "1시간이내주요거점역":9,
            "1시간거점역이름":"['강남', '역삼', '잠실', '판교', '여의도', '양재', '정자', '왕십리', '서현']",
            "3km이내백화점수":0,
            "5km이내아울렛몰수":1,
            "1km이내대형먀트수":0,
            "500m이내은행수":1,
            "500m이내병원수":34,
            "5km이내대형병원수":4,
            "500m이내공원수":2,
            "3km이내혐오시설수":0,
            "초등학교학업성취도":89.96,
            "중학교학업성취도":94.4,
            "용적률":189,
            "건폐율":31,
            "Y":37.468092,
            "X":127.140957,
            "rank":42.0,
            "area_info":"33평(109.36), 33평(109.88)",
            "last_sales":"2021-11-12,155000.0,33평(109.36)",
            "rank_history":[
                [
                    "202202",
                    42
                ],
                [
                    "202201",
                    41
                ]
            ],
            "rank_gap":-1
        },
        {
            "index":11,
            "아파트명":"선경논골",
            "투자타입":"재건축",
            "전용면적(m2)":"47.46",
            "전용면적(평)":"14평",
            "법정동주소":"경기도 성남시 수정구 단대동 6",
            "도로명주소":"경기도 성남시 수정구 논골로 87",
            "세대수":50,
            "입주년차":"--",
            "용적률점수":0,
            "건폐율점수":80,
            "세대당주차수":"--",
            "난방방식":"--",
            "공급면적":50,
            "전용률":60,
            "욕실수":"--",
            "현관타입":"--",
            "주거총점":36.5,
            "지역구공급총점":0.0,
            "역세권":50,
            "30분내 이동가능 거점":0,
            "1시간내 이동가능 거점":70,
            "교통총점":39.0,
            "백화점":0,
            "아울렛몰":80,
            "대형마트":0,
            "은행":0,
            "병원":0,
            "종합병원":100,
            "공원":80,
            "혐오시설":0,
            "인프라총점":30.4,
            "초등학군":90.0,
            "중학군":41.5,
            "학군총점":51.2,
            "인구수":26.43,
            "인구증감":-16.21,
            "인구총점":13.638,
            "일자리":16.74,
            "소득수준":77.56,
            "일자리총점":34.986,
            "가치 총점":37.75,
            "매매실거래년":20211002.0,
            "매매실거래가":49000.0,
            "전세실거래년":20220122.0,
            "전세실거래가":18000.0,
            "전세가율":51.43,
            "장기전세가율평균":61.28,
            "전세가율거품지수":9.85,
            "검색코드":2658,
            "세대수":426.0,
            "준공년월":"1991-12-14",
            "준공년차":32.0,
            "가까운역이름":"산성",
            "가까운역거리":850.22,
            "역세권여부":"준역세권",
            "30분이내주요거점역":0,
            "30분거점역이름":"[]",
            "1시간이내주요거점역":7,
            "1시간거점역이름":"['강남', '역삼', '잠실', '판교', '정자', '왕십리', '서현']",
            "3km이내백화점수":0,
            "5km이내아울렛몰수":1,
            "1km이내대형먀트수":0,
            "500m이내은행수":1,
            "500m이내병원수":0,
            "5km이내대형병원수":4,
            "500m이내공원수":1,
            "3km이내혐오시설수":0,
            "초등학교학업성취도":90.0,
            "중학교학업성취도":68.7,
            "용적률":230,
            "건폐율":21,
            "Y":37.461824,
            "X":127.157504,
            "rank":43.0,
            "area_info":"14평(47.46), 19평(63.09)",
            "last_sales":"2021-10-02,49000.0,19평(63.09)",
            "rank_history":[
                [
                    "202202",
                    43
                ],
                [
                    "202201",
                    42
                ]
            ],
            "rank_gap":-1
        },
        {
            "index":106,
            "아파트명":"e편한세상테라스위례(민간임대)",
            "투자타입":"일반",
            "전용면적(m2)":"108.3",
            "전용면적(평)":"32평",
            "법정동주소":"경기도 성남시 수정구 창곡동 575",
            "도로명주소":"경기도 성남시 수정구 위례동이로 24",
            "세대수":30,
            "입주년차":80,
            "용적률점수":"--",
            "건폐율점수":"--",
            "세대당주차수":60,
            "난방방식":100,
            "공급면적":"--",
            "전용률":"--",
            "욕실수":100,
            "현관타입":100,
            "주거총점":65.5,
            "지역구공급총점":0.0,
            "역세권":0,
            "30분내 이동가능 거점":0,
            "1시간내 이동가능 거점":70,
            "교통총점":14.0,
            "백화점":0,
            "아울렛몰":80,
            "대형마트":0,
            "은행":0,
            "병원":0,
            "종합병원":100,
            "공원":80,
            "혐오시설":0,
            "인프라총점":30.4,
            "초등학군":89.98,
            "중학군":56.64,
            "학군총점":63.308,
            "인구수":26.43,
            "인구증감":-16.21,
            "인구총점":13.638,
            "일자리":16.74,
            "소득수준":77.56,
            "일자리총점":34.986,
            "가치 총점":36.6162,
            "매매실거래년":"18000101",
            "매매실거래가":null,
            "전세실거래년":null,
            "전세실거래가":null,
            "전세가율":null,
            "장기전세가율평균":61.28,
            "전세가율거품지수":null,
            "검색코드":118961,
            "세대수":360.0,
            "준공년월":"2017-11-28",
            "준공년차":6.0,
            "가까운역이름":"산성",
            "가까운역거리":1064.64,
            "역세권여부":"비역세권",
            "30분이내주요거점역":0,
            "30분거점역이름":"[]",
            "1시간이내주요거점역":7,
            "1시간거점역이름":"['강남', '역삼', '잠실', '여의도', '정자', '왕십리', '서현']",
            "3km이내백화점수":0,
            "5km이내아울렛몰수":1,
            "1km이내대형먀트수":0,
            "500m이내은행수":0,
            "500m이내병원수":0,
            "5km이내대형병원수":4,
            "500m이내공원수":1,
            "3km이내혐오시설수":0,
            "초등학교학업성취도":89.98,
            "중학교학업성취도":94.4,
            "용적률":94,
            "건폐율":37,
            "Y":37.466516,
            "X":127.152239,
            "rank":44.0,
            "area_info":"32평(108.3), 32평(108.11), 32평(108.3), 32평(108.3), 32평(108.19), 32평(108.11), 32평(108.19), 32평(108.88), 32평(108.35), 32평(108.19), 32평(108.19), 32평(108.88), 32평(108.3), 32평(108.36), 32평(108.3), 32평(108.19), 33평(109.92), 33평(110.18), 33평(110.02), 33평(110.02), 33평(110.18)",
            "last_sales":"1800-01-01,nan,32평(108.3)",
            "rank_history":[
                [
                    "202202",
                    44
                ],
                [
                    "202201",
                    43
                ]
            ],
            "rank_gap":-1
        },
        {
            "index":101,
            "아파트명":"주원파크빌",
            "투자타입":"일반",
            "전용면적(m2)":"78.47",
            "전용면적(평)":"23평",
            "법정동주소":"경기도 성남시 수정구 양지동 93",
            "도로명주소":"경기도 성남시 수정구 수정로 566",
            "세대수":0,
            "입주년차":40,
            "용적률점수":"--",
            "건폐율점수":"--",
            "세대당주차수":0,
            "난방방식":30,
            "공급면적":"--",
            "전용률":"--",
            "욕실수":100,
            "현관타입":100,
            "주거총점":31.0,
            "지역구공급총점":0.0,
            "역세권":0,
            "30분내 이동가능 거점":0,
            "1시간내 이동가능 거점":90,
            "교통총점":18.0,
            "백화점":0,
            "아울렛몰":80,
            "대형마트":0,
            "은행":0,
            "병원":30,
            "종합병원":100,
            "공원":80,
            "혐오시설":0,
            "인프라총점":33.4,
            "초등학군":89.97,
            "중학군":46.08,
            "학군총점":54.858,
            "인구수":26.43,
            "인구증감":-16.21,
            "인구총점":13.638,
            "일자리":16.74,
            "소득수준":77.56,
            "일자리총점":34.986,
            "가치 총점":30.7487,
            "매매실거래년":20201125.0,
            "매매실거래가":60000.0,
            "전세실거래년":null,
            "전세실거래가":null,
            "전세가율":null,
            "장기전세가율평균":61.28,
            "전세가율거품지수":null,
            "검색코드":13884,
            "세대수":150.0,
            "준공년월":"2004-07-26",
            "준공년차":19.0,
            "가까운역이름":"남한산성입구",
            "가까운역거리":1458.44,
            "역세권여부":"비역세권",
            "30분이내주요거점역":0,
            "30분거점역이름":"[]",
            "1시간이내주요거점역":9,
            "1시간거점역이름":"['강남', '역삼', '잠실', '판교', '여의도', '양재', '정자', '왕십리', '서현']",
            "3km이내백화점수":0,
            "5km이내아울렛몰수":1,
            "1km이내대형먀트수":0,
            "500m이내은행수":0,
            "500m이내병원수":7,
            "5km이내대형병원수":3,
            "500m이내공원수":1,
            "3km이내혐오시설수":0,
            "초등학교학업성취도":89.97,
            "중학교학업성취도":75.6,
            "용적률":306,
            "건폐율":57,
            "Y":37.4633,
            "X":127.16712,
            "rank":45.0,
            "area_info":"23평(78.47), 31평(103.75), 31평(105.67), 32평(108.67), 32평(108.77)",
            "last_sales":"2020-11-25,60000.0,31평(105.67)",
            "rank_history":[
                [
                    "202202",
                    45
                ],
                [
                    "202201",
                    44
                ]
            ],
            "rank_gap":-1
        }
    ]
}