{
    "schema":{
        "fields":[
            {
                "name":"index",
                "type":"integer"
            },
            {
                "name":"아파트명",
                "type":"string"
            },
            {
                "name":"투자타입",
                "type":"string"
            },
            {
                "name":"전용면적(m2)",
                "type":"string"
            },
            {
                "name":"전용면적(평)",
                "type":"string"
            },
            {
                "name":"법정동주소",
                "type":"string"
            },
            {
                "name":"도로명주소",
                "type":"string"
            },
            {
                "name":"세대수",
                "type":"integer"
            },
            {
                "name":"입주년차",
                "type":"string"
            },
            {
                "name":"용적률점수",
                "type":"string"
            },
            {
                "name":"건폐율점수",
                "type":"string"
            },
            {
                "name":"세대당주차수",
                "type":"string"
            },
            {
                "name":"난방방식",
                "type":"string"
            },
            {
                "name":"공급면적",
                "type":"string"
            },
            {
                "name":"전용률",
                "type":"string"
            },
            {
                "name":"욕실수",
                "type":"string"
            },
            {
                "name":"현관타입",
                "type":"string"
            },
            {
                "name":"주거총점",
                "type":"number"
            },
            {
                "name":"지역구공급총점",
                "type":"number"
            },
            {
                "name":"역세권",
                "type":"integer"
            },
            {
                "name":"30분내 이동가능 거점",
                "type":"integer"
            },
            {
                "name":"1시간내 이동가능 거점",
                "type":"integer"
            },
            {
                "name":"교통총점",
                "type":"number"
            },
            {
                "name":"백화점",
                "type":"integer"
            },
            {
                "name":"아울렛몰",
                "type":"integer"
            },
            {
                "name":"대형마트",
                "type":"integer"
            },
            {
                "name":"은행",
                "type":"integer"
            },
            {
                "name":"병원",
                "type":"integer"
            },
            {
                "name":"종합병원",
                "type":"integer"
            },
            {
                "name":"공원",
                "type":"integer"
            },
            {
                "name":"혐오시설",
                "type":"integer"
            },
            {
                "name":"인프라총점",
                "type":"number"
            },
            {
                "name":"초등학군",
                "type":"number"
            },
            {
                "name":"중학군",
                "type":"number"
            },
            {
                "name":"학군총점",
                "type":"number"
            },
            {
                "name":"인구수",
                "type":"number"
            },
            {
                "name":"인구증감",
                "type":"number"
            },
            {
                "name":"인구총점",
                "type":"number"
            },
            {
                "name":"일자리",
                "type":"number"
            },
            {
                "name":"소득수준",
                "type":"number"
            },
            {
                "name":"일자리총점",
                "type":"number"
            },
            {
                "name":"가치 총점",
                "type":"number"
            },
            {
                "name":"매매실거래년",
                "type":"string"
            },
            {
                "name":"매매실거래가",
                "type":"number"
            },
            {
                "name":"전세실거래년",
                "type":"number"
            },
            {
                "name":"전세실거래가",
                "type":"number"
            },
            {
                "name":"전세가율",
                "type":"number"
            },
            {
                "name":"장기전세가율평균",
                "type":"number"
            },
            {
                "name":"전세가율거품지수",
                "type":"number"
            },
            {
                "name":"검색코드",
                "type":"integer"
            },
            {
                "name":"세대수",
                "type":"number"
            },
            {
                "name":"준공년월",
                "type":"string"
            },
            {
                "name":"준공년차",
                "type":"number"
            },
            {
                "name":"가까운역이름",
                "type":"string"
            },
            {
                "name":"가까운역거리",
                "type":"number"
            },
            {
                "name":"역세권여부",
                "type":"string"
            },
            {
                "name":"30분이내주요거점역",
                "type":"integer"
            },
            {
                "name":"30분거점역이름",
                "type":"string"
            },
            {
                "name":"1시간이내주요거점역",
                "type":"integer"
            },
            {
                "name":"1시간거점역이름",
                "type":"string"
            },
            {
                "name":"3km이내백화점수",
                "type":"integer"
            },
            {
                "name":"5km이내아울렛몰수",
                "type":"integer"
            },
            {
                "name":"1km이내대형먀트수",
                "type":"integer"
            },
            {
                "name":"500m이내은행수",
                "type":"integer"
            },
            {
                "name":"500m이내병원수",
                "type":"integer"
            },
            {
                "name":"5km이내대형병원수",
                "type":"integer"
            },
            {
                "name":"500m이내공원수",
                "type":"integer"
            },
            {
                "name":"3km이내혐오시설수",
                "type":"integer"
            },
            {
                "name":"초등학교학업성취도",
                "type":"number"
            },
            {
                "name":"중학교학업성취도",
                "type":"number"
            },
            {
                "name":"용적률",
                "type":"integer"
            },
            {
                "name":"건폐율",
                "type":"integer"
            },
            {
                "name":"Y",
                "type":"number"
            },
            {
                "name":"X",
                "type":"number"
            },
            {
                "name":"rank",
                "type":"number"
            },
            {
                "name":"area_info",
                "type":"string"
            },
            {
                "name":"last_sales",
                "type":"string"
            },
            {
                "name":"rank_history",
                "type":"string"
            },
            {
                "name":"rank_gap",
                "type":"integer"
            }
        ],
        "primaryKey":[
            "index"
        ],
        "pandas_version":"1.4.0"
    },
    "data":[
        {
            "index":376,
            "아파트명":"목련3단지",
            "투자타입":"재건축",
            "전용면적(m2)":"56.18",
            "전용면적(평)":"16평",
            "법정동주소":"경기도 안양시 동안구 호계동 1052-3",
            "도로명주소":"경기도 안양시 동안구 평촌대로211번길 21",
            "세대수":90,
            "입주년차":"--",
            "용적률점수":60,
            "건폐율점수":100,
            "세대당주차수":"--",
            "난방방식":"--",
            "공급면적":50,
            "전용률":60,
            "욕실수":"--",
            "현관타입":"--",
            "주거총점":76.5,
            "지역구공급총점":0.0,
            "역세권":80,
            "30분내 이동가능 거점":20,
            "1시간내 이동가능 거점":100,
            "교통총점":66.0,
            "백화점":100,
            "아울렛몰":80,
            "대형마트":100,
            "은행":100,
            "병원":100,
            "종합병원":100,
            "공원":100,
            "혐오시설":0,
            "인프라총점":96.0,
            "초등학군":90.05,
            "중학군":58.42,
            "학군총점":64.746,
            "인구수":35.05,
            "인구증감":-3.82,
            "인구총점":23.389,
            "일자리":17.98,
            "소득수준":63.58,
            "일자리총점":31.66,
            "가치 총점":76.9119,
            "매매실거래년":20211014.0,
            "매매실거래가":82000.0,
            "전세실거래년":20211203.0,
            "전세실거래가":21000.0,
            "전세가율":40.94,
            "장기전세가율평균":71.26,
            "전세가율거품지수":30.32,
            "검색코드":3022,
            "세대수":902.0,
            "준공년월":"1992-07-30",
            "준공년차":31.0,
            "가까운역이름":"범계",
            "가까운역거리":406.05,
            "역세권여부":"역세권",
            "30분이내주요거점역":1,
            "30분거점역이름":"['평촌']",
            "1시간이내주요거점역":13,
            "1시간거점역이름":"['강남', '역삼', '여의도', '을지로3가', '양재', '수원시청', '평촌', '가산디지털단지', '홍대입구', '수원', '구로디지털단지', '명동', '안산']",
            "3km이내백화점수":1,
            "5km이내아울렛몰수":1,
            "1km이내대형먀트수":4,
            "500m이내은행수":11,
            "500m이내병원수":136,
            "5km이내대형병원수":5,
            "500m이내공원수":13,
            "3km이내혐오시설수":0,
            "초등학교학업성취도":90.05,
            "중학교학업성취도":93.1,
            "용적률":196,
            "건폐율":13,
            "Y":37.389306,
            "X":126.955361,
            "rank":1.0,
            "area_info":"16평(56.18), 20평(68.44), 22평(74.83), 22평(74.83)",
            "last_sales":"2021-10-14,82000.0,22평(74.83)",
            "rank_history":[
                [
                    "202202",
                    1
                ],
                [
                    "202201",
                    1
                ]
            ],
            "rank_gap":0
        },
        {
            "index":374,
            "아파트명":"목련2단지",
            "투자타입":"재건축",
            "전용면적(m2)":"46.27",
            "전용면적(평)":"13평",
            "법정동주소":"경기도 안양시 동안구 호계동 1052",
            "도로명주소":"경기도 안양시 동안구 동안로 102",
            "세대수":90,
            "입주년차":"--",
            "용적률점수":60,
            "건폐율점수":100,
            "세대당주차수":"--",
            "난방방식":"--",
            "공급면적":50,
            "전용률":60,
            "욕실수":"--",
            "현관타입":"--",
            "주거총점":76.5,
            "지역구공급총점":0.0,
            "역세권":80,
            "30분내 이동가능 거점":20,
            "1시간내 이동가능 거점":100,
            "교통총점":66.0,
            "백화점":100,
            "아울렛몰":80,
            "대형마트":100,
            "은행":100,
            "병원":100,
            "종합병원":100,
            "공원":100,
            "혐오시설":0,
            "인프라총점":96.0,
            "초등학군":90.05,
            "중학군":58.42,
            "학군총점":64.746,
            "인구수":35.05,
            "인구증감":-3.82,
            "인구총점":23.389,
            "일자리":17.98,
            "소득수준":63.58,
            "일자리총점":31.66,
            "가치 총점":76.9119,
            "매매실거래년":20211102.0,
            "매매실거래가":92000.0,
            "전세실거래년":20220122.0,
            "전세실거래가":20000.0,
            "전세가율":38.83,
            "장기전세가율평균":71.26,
            "전세가율거품지수":32.43,
            "검색코드":3015,
            "세대수":994.0,
            "준공년월":"1992-03-28",
            "준공년차":31.0,
            "가까운역이름":"범계",
            "가까운역거리":276.86,
            "역세권여부":"역세권",
            "30분이내주요거점역":1,
            "30분거점역이름":"['평촌']",
            "1시간이내주요거점역":15,
            "1시간거점역이름":"['강남', '역삼', '잠실', '여의도', '을지로입구', '을지로3가', '양재', '수원시청', '평촌', '가산디지털단지', '홍대입구', '수원', '구로디지털단지', '명동', '안산']",
            "3km이내백화점수":1,
            "5km이내아울렛몰수":1,
            "1km이내대형먀트수":3,
            "500m이내은행수":11,
            "500m이내병원수":150,
            "5km이내대형병원수":5,
            "500m이내공원수":14,
            "3km이내혐오시설수":0,
            "초등학교학업성취도":90.05,
            "중학교학업성취도":93.1,
            "용적률":193,
            "건폐율":15,
            "Y":37.388678,
            "X":126.953608,
            "rank":1.0,
            "area_info":"13평(46.27), 23평(77.13)",
            "last_sales":"2021-11-02,92000.0,23평(77.13)",
            "rank_history":[
                [
                    "202202",
                    1
                ],
                [
                    "202201",
                    2
                ]
            ],
            "rank_gap":1
        },
        {
            "index":368,
            "아파트명":"목련1단지",
            "투자타입":"재건축",
            "전용면적(m2)":"117.27",
            "전용면적(평)":"35평",
            "법정동주소":"경기도 안양시 동안구 호계동 1053-2",
            "도로명주소":"경기도 안양시 동안구 동안로 101",
            "세대수":50,
            "입주년차":"--",
            "용적률점수":60,
            "건폐율점수":100,
            "세대당주차수":"--",
            "난방방식":"--",
            "공급면적":100,
            "전용률":80,
            "욕실수":"--",
            "현관타입":"--",
            "주거총점":68.0,
            "지역구공급총점":0.0,
            "역세권":80,
            "30분내 이동가능 거점":20,
            "1시간내 이동가능 거점":100,
            "교통총점":66.0,
            "백화점":100,
            "아울렛몰":80,
            "대형마트":100,
            "은행":100,
            "병원":100,
            "종합병원":100,
            "공원":100,
            "혐오시설":0,
            "인프라총점":96.0,
            "초등학군":90.05,
            "중학군":58.42,
            "학군총점":64.746,
            "인구수":35.05,
            "인구증감":-3.82,
            "인구총점":23.389,
            "일자리":17.98,
            "소득수준":63.58,
            "일자리총점":31.66,
            "가치 총점":75.2119,
            "매매실거래년":20210924.0,
            "매매실거래가":164500.0,
            "전세실거래년":20201112.0,
            "전세실거래가":63000.0,
            "전세가율":47.01,
            "장기전세가율평균":71.26,
            "전세가율거품지수":24.25,
            "검색코드":1457,
            "세대수":480.0,
            "준공년월":"1992-11-27",
            "준공년차":31.0,
            "가까운역이름":"범계",
            "가까운역거리":197.18,
            "역세권여부":"역세권",
            "30분이내주요거점역":1,
            "30분거점역이름":"['평촌']",
            "1시간이내주요거점역":16,
            "1시간거점역이름":"['강남', '역삼', '잠실', '여의도', '을지로입구', '을지로3가', '양재', '수원시청', '평촌', '가산디지털단지', '왕십리', '홍대입구', '수원', '구로디지털단지', '명동', '안산']",
            "3km이내백화점수":1,
            "5km이내아울렛몰수":1,
            "1km이내대형먀트수":3,
            "500m이내은행수":9,
            "500m이내병원수":133,
            "5km이내대형병원수":5,
            "500m이내공원수":15,
            "3km이내혐오시설수":0,
            "초등학교학업성취도":90.05,
            "중학교학업성취도":93.1,
            "용적률":186,
            "건폐율":14,
            "Y":37.3881,
            "X":126.95147,
            "rank":2.0,
            "area_info":"35평(117.27), 42평(141.92), 47평(156.63), 52평(173.96), 53평(176.22), 58평(194.82)",
            "last_sales":"2021-09-24,164500.0,47평(156.63)",
            "rank_history":[
                [
                    "202202",
                    2
                ],
                [
                    "202201",
                    3
                ]
            ],
            "rank_gap":1
        },
        {
            "index":328,
            "아파트명":"초원7단지부영",
            "투자타입":"재건축",
            "전용면적(m2)":"51.81",
            "전용면적(평)":"15평",
            "법정동주소":"경기도 안양시 동안구 평촌동 896-6",
            "도로명주소":"경기도 안양시 동안구 관평로138번길 63",
            "세대수":100,
            "입주년차":"--",
            "용적률점수":20,
            "건폐율점수":100,
            "세대당주차수":"--",
            "난방방식":"--",
            "공급면적":50,
            "전용률":60,
            "욕실수":"--",
            "현관타입":"--",
            "주거총점":63.5,
            "지역구공급총점":0.0,
            "역세권":80,
            "30분내 이동가능 거점":40,
            "1시간내 이동가능 거점":100,
            "교통총점":72.0,
            "백화점":100,
            "아울렛몰":100,
            "대형마트":100,
            "은행":70,
            "병원":80,
            "종합병원":100,
            "공원":100,
            "혐오시설":-50,
            "인프라총점":92.0,
            "초등학군":90.02,
            "중학군":57.3,
            "학군총점":63.844,
            "인구수":35.05,
            "인구증감":-3.82,
            "인구총점":23.389,
            "일자리":17.98,
            "소득수준":63.58,
            "일자리총점":31.66,
            "가치 총점":75.0766,
            "매매실거래년":20211227.0,
            "매매실거래가":75000.0,
            "전세실거래년":20220115.0,
            "전세실거래가":20475.0,
            "전세가율":40.54,
            "장기전세가율평균":71.26,
            "전세가율거품지수":30.72,
            "검색코드":2595,
            "세대수":1743.0,
            "준공년월":"1992-10-15",
            "준공년차":31.0,
            "가까운역이름":"평촌",
            "가까운역거리":293.4,
            "역세권여부":"역세권",
            "30분이내주요거점역":2,
            "30분거점역이름":"['여의도', '평촌']",
            "1시간이내주요거점역":16,
            "1시간거점역이름":"['강남', '역삼', '잠실', '여의도', '을지로입구', '을지로3가', '양재', '수원시청', '평촌', '가산디지털단지', '왕십리', '홍대입구', '수원', '구로디지털단지', '명동', '안산']",
            "3km이내백화점수":1,
            "5km이내아울렛몰수":2,
            "1km이내대형먀트수":3,
            "500m이내은행수":4,
            "500m이내병원수":48,
            "5km이내대형병원수":5,
            "500m이내공원수":4,
            "3km이내혐오시설수":1,
            "초등학교학업성취도":90.02,
            "중학교학업성취도":91.9,
            "용적률":212,
            "건폐율":16,
            "Y":37.391797,
            "X":126.964982,
            "rank":3.0,
            "area_info":"15평(51.81), 20평(68.23), 24평(81.73)",
            "last_sales":"2021-12-27,75000.0,24평(81.73)",
            "rank_history":[
                [
                    "202202",
                    3
                ],
                [
                    "202201",
                    4
                ]
            ],
            "rank_gap":1
        },
        {
            "index":234,
            "아파트명":"은하수,샛별5,6단지",
            "투자타입":"일반",
            "전용면적(m2)":"38.79",
            "전용면적(평)":"11평",
            "법정동주소":"경기도 안양시 동안구 비산동 1103-5",
            "도로명주소":"경기도 안양시 동안구 동안로159번길 14",
            "세대수":100,
            "입주년차":0,
            "용적률점수":"--",
            "건폐율점수":"--",
            "세대당주차수":0,
            "난방방식":100,
            "공급면적":"--",
            "전용률":"--",
            "욕실수":50,
            "현관타입":10,
            "주거총점":51.0,
            "지역구공급총점":0.0,
            "역세권":80,
            "30분내 이동가능 거점":20,
            "1시간내 이동가능 거점":100,
            "교통총점":66.0,
            "백화점":100,
            "아울렛몰":80,
            "대형마트":100,
            "은행":100,
            "병원":100,
            "종합병원":100,
            "공원":100,
            "혐오시설":0,
            "인프라총점":96.0,
            "초등학군":89.98,
            "중학군":53.16,
            "학군총점":60.524,
            "인구수":35.05,
            "인구증감":-3.82,
            "인구총점":23.389,
            "일자리":17.98,
            "소득수준":63.58,
            "일자리총점":31.66,
            "가치 총점":71.1786,
            "매매실거래년":20211219.0,
            "매매실거래가":61800.0,
            "전세실거래년":20220115.0,
            "전세실거래가":13125.0,
            "전세가율":43.75,
            "장기전세가율평균":71.26,
            "전세가율거품지수":27.51,
            "검색코드":1992,
            "세대수":3227.0,
            "준공년월":"1993-11-25",
            "준공년차":30.0,
            "가까운역이름":"범계",
            "가까운역거리":490.7,
            "역세권여부":"역세권",
            "30분이내주요거점역":1,
            "30분거점역이름":"['평촌']",
            "1시간이내주요거점역":13,
            "1시간거점역이름":"['강남', '역삼', '여의도', '을지로3가', '양재', '수원시청', '평촌', '가산디지털단지', '왕십리', '수원', '구로디지털단지', '명동', '안산']",
            "3km이내백화점수":1,
            "5km이내아울렛몰수":1,
            "1km이내대형먀트수":3,
            "500m이내은행수":5,
            "500m이내병원수":86,
            "5km이내대형병원수":5,
            "500m이내공원수":6,
            "3km이내혐오시설수":0,
            "초등학교학업성취도":89.98,
            "중학교학업성취도":86.6,
            "용적률":167,
            "건폐율":15,
            "Y":37.394087,
            "X":126.949525,
            "rank":4.0,
            "area_info":"11평(38.79), 14평(48.13), 17평(58.6), 21평(70.8), 21평(71.36)",
            "last_sales":"2021-12-19,61800.0,21평(71.36)",
            "rank_history":[
                [
                    "202202",
                    4
                ],
                [
                    "202201",
                    5
                ]
            ],
            "rank_gap":1
        },
        {
            "index":392,
            "아파트명":"목련9단지",
            "투자타입":"일반",
            "전용면적(m2)":"120.13",
            "전용면적(평)":"36평",
            "법정동주소":"경기도 안양시 동안구 호계동 1053-3",
            "도로명주소":"경기도 안양시 동안구 동안로 75",
            "세대수":50,
            "입주년차":0,
            "용적률점수":"--",
            "건폐율점수":"--",
            "세대당주차수":60,
            "난방방식":100,
            "공급면적":"--",
            "전용률":"--",
            "욕실수":100,
            "현관타입":100,
            "주거총점":56.5,
            "지역구공급총점":0.0,
            "역세권":80,
            "30분내 이동가능 거점":20,
            "1시간내 이동가능 거점":100,
            "교통총점":66.0,
            "백화점":100,
            "아울렛몰":80,
            "대형마트":100,
            "은행":20,
            "병원":100,
            "종합병원":100,
            "공원":100,
            "혐오시설":0,
            "인프라총점":88.0,
            "초등학군":90.05,
            "중학군":58.42,
            "학군총점":64.746,
            "인구수":35.05,
            "인구증감":-3.82,
            "인구총점":23.389,
            "일자리":17.98,
            "소득수준":63.58,
            "일자리총점":31.66,
            "가치 총점":70.5119,
            "매매실거래년":20211004.0,
            "매매실거래가":156000.0,
            "전세실거래년":20211225.0,
            "전세실거래가":85000.0,
            "전세가율":54.49,
            "장기전세가율평균":71.26,
            "전세가율거품지수":16.77,
            "검색코드":1458,
            "세대수":578.0,
            "준공년월":"1994-07-14",
            "준공년차":29.0,
            "가까운역이름":"범계",
            "가까운역거리":430.89,
            "역세권여부":"역세권",
            "30분이내주요거점역":1,
            "30분거점역이름":"['평촌']",
            "1시간이내주요거점역":16,
            "1시간거점역이름":"['강남', '역삼', '잠실', '여의도', '을지로3가', '양재', '정자', '수원시청', '평촌', '가산디지털단지', '왕십리', '홍대입구', '수원', '구로디지털단지', '명동', '안산']",
            "3km이내백화점수":1,
            "5km이내아울렛몰수":1,
            "1km이내대형먀트수":3,
            "500m이내은행수":2,
            "500m이내병원수":69,
            "5km이내대형병원수":5,
            "500m이내공원수":14,
            "3km이내혐오시설수":0,
            "초등학교학업성취도":90.05,
            "중학교학업성취도":93.1,
            "용적률":207,
            "건폐율":16,
            "Y":37.386107,
            "X":126.952311,
            "rank":5.0,
            "area_info":"36평(120.13), 45평(151.68), 53평(176.97)",
            "last_sales":"2021-10-04,156000.0,36평(120.13)",
            "rank_history":[
                [
                    "202202",
                    5
                ],
                [
                    "202201",
                    6
                ]
            ],
            "rank_gap":1
        },
        {
            "index":230,
            "아파트명":"은하수(청구)",
            "투자타입":"재건축",
            "전용면적(m2)":"76.87",
            "전용면적(평)":"23평",
            "법정동주소":"경기도 안양시 동안구 비산동 1104",
            "도로명주소":"경기도 안양시 동안구 시민대로159번길 59",
            "세대수":50,
            "입주년차":"--",
            "용적률점수":20,
            "건폐율점수":100,
            "세대당주차수":"--",
            "난방방식":"--",
            "공급면적":50,
            "전용률":60,
            "욕실수":"--",
            "현관타입":"--",
            "주거총점":48.5,
            "지역구공급총점":0.0,
            "역세권":80,
            "30분내 이동가능 거점":20,
            "1시간내 이동가능 거점":100,
            "교통총점":66.0,
            "백화점":100,
            "아울렛몰":80,
            "대형마트":100,
            "은행":100,
            "병원":80,
            "종합병원":100,
            "공원":100,
            "혐오시설":0,
            "인프라총점":94.0,
            "초등학군":90.01,
            "중학군":53.16,
            "학군총점":60.53,
            "인구수":35.05,
            "인구증감":-3.82,
            "인구총점":23.389,
            "일자리":17.98,
            "소득수준":63.58,
            "일자리총점":31.66,
            "가치 총점":70.0795,
            "매매실거래년":20211102.0,
            "매매실거래가":105000.0,
            "전세실거래년":20220115.0,
            "전세실거래가":31000.0,
            "전세가율":46.97,
            "장기전세가율평균":71.26,
            "전세가율거품지수":24.29,
            "검색코드":3075,
            "세대수":502.0,
            "준공년월":"1992-06-13",
            "준공년차":31.0,
            "가까운역이름":"범계",
            "가까운역거리":465.95,
            "역세권여부":"역세권",
            "30분이내주요거점역":1,
            "30분거점역이름":"['평촌']",
            "1시간이내주요거점역":14,
            "1시간거점역이름":"['강남', '역삼', '잠실', '여의도', '을지로3가', '수원시청', '평촌', '가산디지털단지', '왕십리', '홍대입구', '수원', '구로디지털단지', '명동', '안산']",
            "3km이내백화점수":1,
            "5km이내아울렛몰수":1,
            "1km이내대형먀트수":3,
            "500m이내은행수":5,
            "500m이내병원수":42,
            "5km이내대형병원수":5,
            "500m이내공원수":3,
            "3km이내혐오시설수":0,
            "초등학교학업성취도":90.01,
            "중학교학업성취도":86.6,
            "용적률":208,
            "건폐율":14,
            "Y":37.39182,
            "X":126.94619,
            "rank":6.0,
            "area_info":"23평(76.87), 27평(89.68), 32평(107.57), 32평(107.06)",
            "last_sales":"2021-11-02,105000.0,32평(107.57)",
            "rank_history":[
                [
                    "202202",
                    6
                ],
                [
                    "202201",
                    7
                ]
            ],
            "rank_gap":1
        },
        {
            "index":331,
            "아파트명":"초원8단지세경",
            "투자타입":"일반",
            "전용면적(m2)":"64.05",
            "전용면적(평)":"19평",
            "법정동주소":"경기도 안양시 동안구 평촌동 896-2",
            "도로명주소":"경기도 안양시 동안구 관평로138번길 13",
            "세대수":80,
            "입주년차":0,
            "용적률점수":"--",
            "건폐율점수":"--",
            "세대당주차수":0,
            "난방방식":100,
            "공급면적":"--",
            "전용률":"--",
            "욕실수":50,
            "현관타입":10,
            "주거총점":44.0,
            "지역구공급총점":0.0,
            "역세권":80,
            "30분내 이동가능 거점":20,
            "1시간내 이동가능 거점":100,
            "교통총점":66.0,
            "백화점":100,
            "아울렛몰":100,
            "대형마트":100,
            "은행":100,
            "병원":80,
            "종합병원":100,
            "공원":100,
            "혐오시설":-50,
            "인프라총점":95.0,
            "초등학군":90.02,
            "중학군":57.3,
            "학군총점":63.844,
            "인구수":35.05,
            "인구증감":-3.82,
            "인구총점":23.389,
            "일자리":17.98,
            "소득수준":63.58,
            "일자리총점":31.66,
            "가치 총점":69.9766,
            "매매실거래년":20210915.0,
            "매매실거래가":72500.0,
            "전세실거래년":20220123.0,
            "전세실거래가":30000.0,
            "전세가율":41.38,
            "장기전세가율평균":71.26,
            "전세가율거품지수":29.88,
            "검색코드":8775,
            "세대수":709.0,
            "준공년월":"1996-07-26",
            "준공년차":27.0,
            "가까운역이름":"평촌",
            "가까운역거리":406.12,
            "역세권여부":"역세권",
            "30분이내주요거점역":1,
            "30분거점역이름":"['평촌']",
            "1시간이내주요거점역":15,
            "1시간거점역이름":"['강남', '역삼', '잠실', '여의도', '을지로입구', '을지로3가', '양재', '수원시청', '평촌', '가산디지털단지', '홍대입구', '수원', '구로디지털단지', '명동', '안산']",
            "3km이내백화점수":1,
            "5km이내아울렛몰수":2,
            "1km이내대형먀트수":3,
            "500m이내은행수":5,
            "500m이내병원수":34,
            "5km이내대형병원수":5,
            "500m이내공원수":5,
            "3km이내혐오시설수":1,
            "초등학교학업성취도":90.02,
            "중학교학업성취도":91.9,
            "용적률":199,
            "건폐율":16,
            "Y":37.390665,
            "X":126.963292,
            "rank":7.0,
            "area_info":"19평(64.05)",
            "last_sales":"2021-09-15,72500.0,19평(64.05)",
            "rank_history":[
                [
                    "202202",
                    7
                ],
                [
                    "202201",
                    8
                ]
            ],
            "rank_gap":1
        },
        {
            "index":37,
            "아파트명":"인덕원마을삼성",
            "투자타입":"일반",
            "전용면적(m2)":"79.41",
            "전용면적(평)":"24평",
            "법정동주소":"경기도 안양시 동안구 관양동 1510-1",
            "도로명주소":"경기도 안양시 동안구 안양판교로 42",
            "세대수":90,
            "입주년차":0,
            "용적률점수":"--",
            "건폐율점수":"--",
            "세대당주차수":30,
            "난방방식":100,
            "공급면적":"--",
            "전용률":"--",
            "욕실수":50,
            "현관타입":100,
            "주거총점":61.0,
            "지역구공급총점":0.0,
            "역세권":80,
            "30분내 이동가능 거점":20,
            "1시간내 이동가능 거점":100,
            "교통총점":66.0,
            "백화점":100,
            "아울렛몰":80,
            "대형마트":80,
            "은행":70,
            "병원":80,
            "종합병원":100,
            "공원":100,
            "혐오시설":0,
            "인프라총점":88.0,
            "초등학군":90.0,
            "중학군":44.62,
            "학군총점":53.696,
            "인구수":35.05,
            "인구증감":-3.82,
            "인구총점":23.389,
            "일자리":17.98,
            "소득수준":63.58,
            "일자리총점":31.66,
            "가치 총점":69.7544,
            "매매실거래년":20210815.0,
            "매매실거래가":85000.0,
            "전세실거래년":20220127.0,
            "전세실거래가":35700.0,
            "전세가율":36.43,
            "장기전세가율평균":71.26,
            "전세가율거품지수":34.83,
            "검색코드":2505,
            "세대수":1314.0,
            "준공년월":"1998-12-10",
            "준공년차":25.0,
            "가까운역이름":"인덕원",
            "가까운역거리":417.35,
            "역세권여부":"역세권",
            "30분이내주요거점역":1,
            "30분거점역이름":"['평촌']",
            "1시간이내주요거점역":12,
            "1시간거점역이름":"['강남', '역삼', '잠실', '여의도', '을지로입구', '을지로3가', '양재', '평촌', '왕십리', '홍대입구', '명동', '서현']",
            "3km이내백화점수":1,
            "5km이내아울렛몰수":1,
            "1km이내대형먀트수":1,
            "500m이내은행수":3,
            "500m이내병원수":41,
            "5km이내대형병원수":3,
            "500m이내공원수":5,
            "3km이내혐오시설수":0,
            "초등학교학업성취도":90.0,
            "중학교학업성취도":72.5,
            "용적률":353,
            "건폐율":24,
            "Y":37.398436,
            "X":126.979347,
            "rank":8.0,
            "area_info":"24평(79.41), 24평(79.52), 32평(106.51)",
            "last_sales":"2021-08-15,85000.0,32평(106.51)",
            "rank_history":[
                [
                    "202202",
                    8
                ],
                [
                    "202201",
                    18
                ]
            ],
            "rank_gap":10
        },
        {
            "index":575,
            "아파트명":"호계현대홈타운1차",
            "투자타입":"일반",
            "전용면적(m2)":"88.41",
            "전용면적(평)":"26평",
            "법정동주소":"경기도 안양시 동안구 호계동 914-40",
            "도로명주소":"경기도 안양시 동안구 경수대로733번길 23",
            "세대수":50,
            "입주년차":20,
            "용적률점수":"--",
            "건폐율점수":"--",
            "세대당주차수":30,
            "난방방식":100,
            "공급면적":"--",
            "전용률":"--",
            "욕실수":100,
            "현관타입":100,
            "주거총점":56.0,
            "지역구공급총점":0.0,
            "역세권":80,
            "30분내 이동가능 거점":20,
            "1시간내 이동가능 거점":100,
            "교통총점":66.0,
            "백화점":100,
            "아울렛몰":80,
            "대형마트":100,
            "은행":0,
            "병원":80,
            "종합병원":100,
            "공원":100,
            "혐오시설":0,
            "인프라총점":84.0,
            "초등학군":89.97,
            "중학군":58.42,
            "학군총점":64.73,
            "인구수":35.05,
            "인구증감":-3.82,
            "인구총점":23.389,
            "일자리":17.98,
            "소득수준":63.58,
            "일자리총점":31.66,
            "가치 총점":69.2095,
            "매매실거래년":20210830.0,
            "매매실거래가":85600.0,
            "전세실거래년":20211221.0,
            "전세실거래가":40000.0,
            "전세가율":55.17,
            "장기전세가율평균":71.26,
            "전세가율거품지수":16.09,
            "검색코드":3081,
            "세대수":604.0,
            "준공년월":"2002-11-22",
            "준공년차":21.0,
            "가까운역이름":"범계",
            "가까운역거리":443.54,
            "역세권여부":"역세권",
            "30분이내주요거점역":1,
            "30분거점역이름":"['평촌']",
            "1시간이내주요거점역":13,
            "1시간거점역이름":"['강남', '역삼', '잠실', '여의도', '을지로3가', '양재', '수원시청', '평촌', '왕십리', '수원', '구로디지털단지', '명동', '안산']",
            "3km이내백화점수":1,
            "5km이내아울렛몰수":1,
            "1km이내대형먀트수":3,
            "500m이내은행수":1,
            "500m이내병원수":33,
            "5km이내대형병원수":5,
            "500m이내공원수":13,
            "3km이내혐오시설수":0,
            "초등학교학업성취도":89.97,
            "중학교학업성취도":93.1,
            "용적률":285,
            "건폐율":18,
            "Y":37.38606,
            "X":126.949037,
            "rank":9.0,
            "area_info":"26평(88.41), 35평(118.24), 36평(120.41), 46평(155.21)",
            "last_sales":"2021-08-30,85600.0,36평(120.41)",
            "rank_history":[
                [
                    "202202",
                    9
                ],
                [
                    "202201",
                    9
                ]
            ],
            "rank_gap":0
        },
        {
            "index":45,
            "아파트명":"평촌더샵센트럴시티",
            "투자타입":"일반",
            "전용면적(m2)":"80.69",
            "전용면적(평)":"24평",
            "법정동주소":"경기도 안양시 동안구 관양동 1815",
            "도로명주소":"경기도 안양시 동안구 시민대로327번길 55",
            "세대수":90,
            "입주년차":80,
            "용적률점수":"--",
            "건폐율점수":"--",
            "세대당주차수":60,
            "난방방식":100,
            "공급면적":"--",
            "전용률":"--",
            "욕실수":100,
            "현관타입":100,
            "주거총점":86.5,
            "지역구공급총점":0.0,
            "역세권":50,
            "30분내 이동가능 거점":20,
            "1시간내 이동가능 거점":100,
            "교통총점":51.0,
            "백화점":100,
            "아울렛몰":80,
            "대형마트":100,
            "은행":0,
            "병원":80,
            "종합병원":100,
            "공원":100,
            "혐오시설":-50,
            "인프라총점":83.0,
            "초등학군":89.99,
            "중학군":48.6,
            "학군총점":56.878,
            "인구수":35.05,
            "인구증감":-3.82,
            "인구총점":23.389,
            "일자리":17.98,
            "소득수준":63.58,
            "일자리총점":31.66,
            "가치 총점":68.5817,
            "매매실거래년":20210904.0,
            "매매실거래가":164000.0,
            "전세실거래년":20211106.0,
            "전세실거래가":60000.0,
            "전세가율":55.05,
            "장기전세가율평균":71.26,
            "전세가율거품지수":16.21,
            "검색코드":107579,
            "세대수":1459.0,
            "준공년월":"2016-06-28",
            "준공년차":7.0,
            "가까운역이름":"평촌",
            "가까운역거리":683.64,
            "역세권여부":"준역세권",
            "30분이내주요거점역":1,
            "30분거점역이름":"['평촌']",
            "1시간이내주요거점역":11,
            "1시간거점역이름":"['강남', '역삼', '잠실', '여의도', '수원시청', '평촌', '가산디지털단지', '수원', '구로디지털단지', '명동', '안산']",
            "3km이내백화점수":1,
            "5km이내아울렛몰수":1,
            "1km이내대형먀트수":3,
            "500m이내은행수":1,
            "500m이내병원수":35,
            "5km이내대형병원수":4,
            "500m이내공원수":5,
            "3km이내혐오시설수":1,
            "초등학교학업성취도":89.99,
            "중학교학업성취도":78.8,
            "용적률":249,
            "건폐율":15,
            "Y":37.400415,
            "X":126.963257,
            "rank":10.0,
            "area_info":"24평(80.69), 24평(81.48), 34평(112.75), 34평(113.46), 34평(113.3), 38평(127.43)",
            "last_sales":"2021-09-04,164000.0,38평(127.43)",
            "rank_history":[
                [
                    "202202",
                    10
                ],
                [
                    "202201",
                    10
                ]
            ],
            "rank_gap":0
        },
        {
            "index":383,
            "아파트명":"목련6단지",
            "투자타입":"일반",
            "전용면적(m2)":"123.11",
            "전용면적(평)":"37평",
            "법정동주소":"경기도 안양시 동안구 호계동 1054-6",
            "도로명주소":"경기도 안양시 동안구 평촌대로179번길 27",
            "세대수":50,
            "입주년차":0,
            "용적률점수":"--",
            "건폐율점수":"--",
            "세대당주차수":60,
            "난방방식":100,
            "공급면적":"--",
            "전용률":"--",
            "욕실수":100,
            "현관타입":100,
            "주거총점":56.5,
            "지역구공급총점":0.0,
            "역세권":50,
            "30분내 이동가능 거점":20,
            "1시간내 이동가능 거점":100,
            "교통총점":51.0,
            "백화점":100,
            "아울렛몰":100,
            "대형마트":100,
            "은행":70,
            "병원":100,
            "종합병원":100,
            "공원":100,
            "혐오시설":0,
            "인프라총점":95.0,
            "초등학군":90.05,
            "중학군":58.42,
            "학군총점":64.746,
            "인구수":35.05,
            "인구증감":-3.82,
            "인구총점":23.389,
            "일자리":17.98,
            "소득수준":63.58,
            "일자리총점":31.66,
            "가치 총점":67.3619,
            "매매실거래년":20211007.0,
            "매매실거래가":177000.0,
            "전세실거래년":20220108.0,
            "전세실거래가":68000.0,
            "전세가율":45.33,
            "장기전세가율평균":71.26,
            "전세가율거품지수":25.93,
            "검색코드":1456,
            "세대수":440.0,
            "준공년월":"1993-07-13",
            "준공년차":30.0,
            "가까운역이름":"범계",
            "가까운역거리":612.88,
            "역세권여부":"준역세권",
            "30분이내주요거점역":1,
            "30분거점역이름":"['평촌']",
            "1시간이내주요거점역":11,
            "1시간거점역이름":"['강남', '역삼', '여의도', '양재', '평촌', '가산디지털단지', '왕십리', '수원', '구로디지털단지', '명동', '안산']",
            "3km이내백화점수":1,
            "5km이내아울렛몰수":2,
            "1km이내대형먀트수":3,
            "500m이내은행수":3,
            "500m이내병원수":60,
            "5km이내대형병원수":5,
            "500m이내공원수":14,
            "3km이내혐오시설수":0,
            "초등학교학업성취도":90.05,
            "중학교학업성취도":93.1,
            "용적률":207,
            "건폐율":16,
            "Y":37.386822,
            "X":126.956649,
            "rank":11.0,
            "area_info":"37평(123.11), 48평(158.79), 58평(193.34)",
            "last_sales":"2021-10-07,177000.0,48평(158.79)",
            "rank_history":[
                [
                    "202202",
                    11
                ],
                [
                    "202201",
                    12
                ]
            ],
            "rank_gap":1
        },
        {
            "index":57,
            "아파트명":"한가람신라",
            "투자타입":"재건축",
            "전용면적(m2)":"49.97",
            "전용면적(평)":"15평",
            "법정동주소":"경기도 안양시 동안구 관양동 1589-1",
            "도로명주소":"경기도 안양시 동안구 달안로 124",
            "세대수":90,
            "입주년차":"--",
            "용적률점수":60,
            "건폐율점수":100,
            "세대당주차수":"--",
            "난방방식":"--",
            "공급면적":50,
            "전용률":60,
            "욕실수":"--",
            "현관타입":"--",
            "주거총점":76.5,
            "지역구공급총점":0.0,
            "역세권":50,
            "30분내 이동가능 거점":20,
            "1시간내 이동가능 거점":100,
            "교통총점":51.0,
            "백화점":100,
            "아울렛몰":80,
            "대형마트":100,
            "은행":20,
            "병원":60,
            "종합병원":100,
            "공원":100,
            "혐오시설":-50,
            "인프라총점":83.0,
            "초등학군":89.99,
            "중학군":54.9,
            "학군총점":61.918,
            "인구수":35.05,
            "인구증감":-3.82,
            "인구총점":23.389,
            "일자리":17.98,
            "소득수준":63.58,
            "일자리총점":31.66,
            "가치 총점":67.3377,
            "매매실거래년":20220104.0,
            "매매실거래가":47800.0,
            "전세실거래년":20220126.0,
            "전세실거래가":17300.0,
            "전세가율":36.19,
            "장기전세가율평균":71.26,
            "전세가율거품지수":35.07,
            "검색코드":1464,
            "세대수":1068.0,
            "준공년월":"1992-07-31",
            "준공년차":31.0,
            "가까운역이름":"평촌",
            "가까운역거리":701.85,
            "역세권여부":"준역세권",
            "30분이내주요거점역":1,
            "30분거점역이름":"['평촌']",
            "1시간이내주요거점역":12,
            "1시간거점역이름":"['강남', '역삼', '잠실', '여의도', '양재', '정자', '수원시청', '평촌', '수원', '구로디지털단지', '명동', '안산']",
            "3km이내백화점수":1,
            "5km이내아울렛몰수":1,
            "1km이내대형먀트수":4,
            "500m이내은행수":2,
            "500m이내병원수":12,
            "5km이내대형병원수":5,
            "500m이내공원수":4,
            "3km이내혐오시설수":1,
            "초등학교학업성취도":89.99,
            "중학교학업성취도":89.7,
            "용적률":197,
            "건폐율":17,
            "Y":37.397312,
            "X":126.95691,
            "rank":12.0,
            "area_info":"15평(49.97), 15평(52.75), 17평(57.07), 18평(59.74), 24평(80.13)",
            "last_sales":"2022-01-04,47800.0,15평(49.97)",
            "rank_history":[
                [
                    "202202",
                    12
                ],
                [
                    "202201",
                    16
                ]
            ],
            "rank_gap":4
        },
        {
            "index":358,
            "아파트명":"금정역호계푸르지오",
            "투자타입":"일반",
            "전용면적(m2)":"80.94",
            "전용면적(평)":"24평",
            "법정동주소":"경기도 안양시 동안구 호계동 1279",
            "도로명주소":"경기도 안양시 동안구 엘에스로116번길 56",
            "세대수":50,
            "입주년차":80,
            "용적률점수":"--",
            "건폐율점수":"--",
            "세대당주차수":30,
            "난방방식":30,
            "공급면적":"--",
            "전용률":"--",
            "욕실수":100,
            "현관타입":100,
            "주거총점":61.0,
            "지역구공급총점":0.0,
            "역세권":50,
            "30분내 이동가능 거점":40,
            "1시간내 이동가능 거점":100,
            "교통총점":57.0,
            "백화점":100,
            "아울렛몰":80,
            "대형마트":80,
            "은행":100,
            "병원":60,
            "종합병원":100,
            "공원":100,
            "혐오시설":0,
            "인프라총점":89.0,
            "초등학군":90.04,
            "중학군":48.14,
            "학군총점":56.52,
            "인구수":35.05,
            "인구증감":-3.82,
            "인구총점":23.389,
            "일자리":17.98,
            "소득수준":63.58,
            "일자리총점":31.66,
            "가치 총점":67.328,
            "매매실거래년":20211129.0,
            "매매실거래가":78000.0,
            "전세실거래년":20211230.0,
            "전세실거래가":36750.0,
            "전세가율":47.12,
            "장기전세가율평균":71.26,
            "전세가율거품지수":24.14,
            "검색코드":107639,
            "세대수":410.0,
            "준공년월":"2015-08-28",
            "준공년차":8.0,
            "가까운역이름":"금정",
            "가까운역거리":718.64,
            "역세권여부":"준역세권",
            "30분이내주요거점역":2,
            "30분거점역이름":"['평촌', '수원']",
            "1시간이내주요거점역":12,
            "1시간거점역이름":"['강남', '역삼', '여의도', '양재', '수원시청', '평촌', '가산디지털단지', '홍대입구', '수원', '구로디지털단지', '명동', '안산']",
            "3km이내백화점수":1,
            "5km이내아울렛몰수":1,
            "1km이내대형먀트수":1,
            "500m이내은행수":5,
            "500m이내병원수":12,
            "5km이내대형병원수":5,
            "500m이내공원수":2,
            "3km이내혐오시설수":0,
            "초등학교학업성취도":90.04,
            "중학교학업성취도":78.9,
            "용적률":179,
            "건폐율":18,
            "Y":37.374374,
            "X":126.951097,
            "rank":13.0,
            "area_info":"24평(80.94), 24평(80.98), 24평(81.23), 24평(81.41), 29평(98.68), 30평(99.37), 30평(99.65), 30평(101.98), 32평(108.26), 34평(114.56)",
            "last_sales":"2021-11-29,78000.0,24평(80.94)",
            "rank_history":[
                [
                    "202202",
                    13
                ],
                [
                    "202201",
                    11
                ]
            ],
            "rank_gap":-2
        },
        {
            "index":73,
            "아파트명":"관악(동성,현대,청구)",
            "투자타입":"재건축",
            "전용면적(m2)":"76.7",
            "전용면적(평)":"23평",
            "법정동주소":"경기도 안양시 동안구 비산동 1102",
            "도로명주소":"경기도 안양시 동안구 학의로 20",
            "세대수":100,
            "입주년차":"--",
            "용적률점수":20,
            "건폐율점수":100,
            "세대당주차수":"--",
            "난방방식":"--",
            "공급면적":50,
            "전용률":60,
            "욕실수":"--",
            "현관타입":"--",
            "주거총점":63.5,
            "지역구공급총점":0.0,
            "역세권":50,
            "30분내 이동가능 거점":40,
            "1시간내 이동가능 거점":100,
            "교통총점":57.0,
            "백화점":100,
            "아울렛몰":80,
            "대형마트":100,
            "은행":20,
            "병원":60,
            "종합병원":100,
            "공원":100,
            "혐오시설":0,
            "인프라총점":84.0,
            "초등학군":90.01,
            "중학군":53.16,
            "학군총점":60.53,
            "인구수":35.05,
            "인구증감":-3.82,
            "인구총점":23.389,
            "일자리":17.98,
            "소득수준":63.58,
            "일자리총점":31.66,
            "가치 총점":66.9295,
            "매매실거래년":20210908.0,
            "매매실거래가":94000.0,
            "전세실거래년":20220103.0,
            "전세실거래가":31000.0,
            "전세가율":42.47,
            "장기전세가율평균":71.26,
            "전세가율거품지수":28.79,
            "검색코드":3076,
            "세대수":1800.0,
            "준공년월":"1992-11-14",
            "준공년차":31.0,
            "가까운역이름":"범계",
            "가까운역거리":917.78,
            "역세권여부":"준역세권",
            "30분이내주요거점역":2,
            "30분거점역이름":"['평촌', '수원']",
            "1시간이내주요거점역":11,
            "1시간거점역이름":"['강남', '역삼', '여의도', '수원시청', '평촌', '가산디지털단지', '왕십리', '수원', '구로디지털단지', '명동', '안산']",
            "3km이내백화점수":1,
            "5km이내아울렛몰수":1,
            "1km이내대형먀트수":5,
            "500m이내은행수":2,
            "500m이내병원수":11,
            "5km이내대형병원수":5,
            "500m이내공원수":2,
            "3km이내혐오시설수":0,
            "초등학교학업성취도":90.01,
            "중학교학업성취도":86.6,
            "용적률":209,
            "건폐율":17,
            "Y":37.395261,
            "X":126.943024,
            "rank":14.0,
            "area_info":"23평(76.7), 26평(88.15), 31평(105.65), 31평(105.59), 31평(105.37)",
            "last_sales":"2021-09-08,94000.0,31평(105.65)",
            "rank_history":[
                [
                    "202202",
                    14
                ],
                [
                    "202201",
                    13
                ]
            ],
            "rank_gap":-1
        },
        {
            "index":527,
            "아파트명":"한마음1단지",
            "투자타입":"일반",
            "전용면적(m2)":"80.13",
            "전용면적(평)":"24평",
            "법정동주소":"경기도 안양시 동안구 호계동 895",
            "도로명주소":"경기도 안양시 동안구 경수대로797번길 5",
            "세대수":50,
            "입주년차":20,
            "용적률점수":"--",
            "건폐율점수":"--",
            "세대당주차수":30,
            "난방방식":30,
            "공급면적":"--",
            "전용률":"--",
            "욕실수":50,
            "현관타입":100,
            "주거총점":44.0,
            "지역구공급총점":0.0,
            "역세권":80,
            "30분내 이동가능 거점":20,
            "1시간내 이동가능 거점":100,
            "교통총점":66.0,
            "백화점":100,
            "아울렛몰":80,
            "대형마트":100,
            "은행":20,
            "병원":80,
            "종합병원":100,
            "공원":100,
            "혐오시설":0,
            "인프라총점":86.0,
            "초등학군":90.01,
            "중학군":53.16,
            "학군총점":60.53,
            "인구수":35.05,
            "인구증감":-3.82,
            "인구총점":23.389,
            "일자리":17.98,
            "소득수준":63.58,
            "일자리총점":31.66,
            "가치 총점":66.7795,
            "매매실거래년":20220117.0,
            "매매실거래가":62000.0,
            "전세실거래년":20211219.0,
            "전세실거래가":37000.0,
            "전세가율":55.22,
            "장기전세가율평균":71.26,
            "전세가율거품지수":16.04,
            "검색코드":2042,
            "세대수":644.0,
            "준공년월":"1999-07-15",
            "준공년차":24.0,
            "가까운역이름":"범계",
            "가까운역거리":491.64,
            "역세권여부":"역세권",
            "30분이내주요거점역":1,
            "30분거점역이름":"['평촌']",
            "1시간이내주요거점역":14,
            "1시간거점역이름":"['강남', '역삼', '여의도', '을지로3가', '양재', '수원시청', '평촌', '가산디지털단지', '왕십리', '홍대입구', '수원', '구로디지털단지', '명동', '안산']",
            "3km이내백화점수":1,
            "5km이내아울렛몰수":1,
            "1km이내대형먀트수":3,
            "500m이내은행수":2,
            "500m이내병원수":30,
            "5km이내대형병원수":5,
            "500m이내공원수":3,
            "3km이내혐오시설수":0,
            "초등학교학업성취도":90.01,
            "중학교학업성취도":86.6,
            "용적률":400,
            "건폐율":25,
            "Y":37.39058,
            "X":126.94533,
            "rank":15.0,
            "area_info":"24평(80.13), 32평(107.22)",
            "last_sales":"2022-01-17,62000.0,32평(107.22)",
            "rank_history":[
                [
                    "202202",
                    15
                ],
                [
                    "202201",
                    17
                ]
            ],
            "rank_gap":2
        },
        {
            "index":325,
            "아파트명":"초원6단지한양",
            "투자타입":"일반",
            "전용면적(m2)":"77.86",
            "전용면적(평)":"23평",
            "법정동주소":"경기도 안양시 동안구 평촌동 897-5",
            "도로명주소":"경기도 안양시 동안구 부림로 80",
            "세대수":80,
            "입주년차":0,
            "용적률점수":"--",
            "건폐율점수":"--",
            "세대당주차수":0,
            "난방방식":100,
            "공급면적":"--",
            "전용률":"--",
            "욕실수":50,
            "현관타입":10,
            "주거총점":44.0,
            "지역구공급총점":0.0,
            "역세권":80,
            "30분내 이동가능 거점":20,
            "1시간내 이동가능 거점":100,
            "교통총점":66.0,
            "백화점":100,
            "아울렛몰":100,
            "대형마트":100,
            "은행":0,
            "병원":60,
            "종합병원":100,
            "공원":100,
            "혐오시설":-50,
            "인프라총점":83.0,
            "초등학군":90.02,
            "중학군":57.3,
            "학군총점":63.844,
            "인구수":35.05,
            "인구증감":-3.82,
            "인구총점":23.389,
            "일자리":17.98,
            "소득수준":63.58,
            "일자리총점":31.66,
            "가치 총점":66.3766,
            "매매실거래년":20211204.0,
            "매매실거래가":75000.0,
            "전세실거래년":20220104.0,
            "전세실거래가":35000.0,
            "전세가율":46.67,
            "장기전세가율평균":71.26,
            "전세가율거품지수":24.59,
            "검색코드":8481,
            "세대수":870.0,
            "준공년월":"1993-11-20",
            "준공년차":30.0,
            "가까운역이름":"평촌",
            "가까운역거리":482.35,
            "역세권여부":"역세권",
            "30분이내주요거점역":1,
            "30분거점역이름":"['평촌']",
            "1시간이내주요거점역":15,
            "1시간거점역이름":"['강남', '역삼', '잠실', '여의도', '을지로3가', '정자', '수원시청', '평촌', '가산디지털단지', '왕십리', '홍대입구', '수원', '구로디지털단지', '명동', '안산']",
            "3km이내백화점수":1,
            "5km이내아울렛몰수":2,
            "1km이내대형먀트수":3,
            "500m이내은행수":1,
            "500m이내병원수":19,
            "5km이내대형병원수":5,
            "500m이내공원수":3,
            "3km이내혐오시설수":1,
            "초등학교학업성취도":90.02,
            "중학교학업성취도":91.9,
            "용적률":208,
            "건폐율":17,
            "Y":37.391399,
            "X":126.967957,
            "rank":16.0,
            "area_info":"23평(77.86), 29평(97.99), 31평(105.27)",
            "last_sales":"2021-12-04,75000.0,23평(77.86)",
            "rank_history":[
                [
                    "202202",
                    16
                ],
                [
                    "202201",
                    14
                ]
            ],
            "rank_gap":-2
        },
        {
            "index":224,
            "아파트명":"은하수(벽산)",
            "투자타입":"재건축",
            "전용면적(m2)":"69.61",
            "전용면적(평)":"21평",
            "법정동주소":"경기도 안양시 동안구 비산동 1103",
            "도로명주소":"경기도 안양시 동안구 시민대로159번길 62",
            "세대수":50,
            "입주년차":"--",
            "용적률점수":20,
            "건폐율점수":0,
            "세대당주차수":"--",
            "난방방식":"--",
            "공급면적":50,
            "전용률":80,
            "욕실수":"--",
            "현관타입":"--",
            "주거총점":29.5,
            "지역구공급총점":0.0,
            "역세권":80,
            "30분내 이동가능 거점":20,
            "1시간내 이동가능 거점":100,
            "교통총점":66.0,
            "백화점":100,
            "아울렛몰":80,
            "대형마트":100,
            "은행":100,
            "병원":80,
            "종합병원":100,
            "공원":100,
            "혐오시설":0,
            "인프라총점":94.0,
            "초등학군":90.01,
            "중학군":53.16,
            "학군총점":60.53,
            "인구수":35.05,
            "인구증감":-3.82,
            "인구총점":23.389,
            "일자리":17.98,
            "소득수준":63.58,
            "일자리총점":31.66,
            "가치 총점":66.2795,
            "매매실거래년":20211218.0,
            "매매실거래가":72500.0,
            "전세실거래년":20210806.0,
            "전세실거래가":26000.0,
            "전세가율":35.86,
            "장기전세가율평균":71.26,
            "전세가율거품지수":35.4,
            "검색코드":1467,
            "세대수":620.0,
            "준공년월":"1992-05-30",
            "준공년차":31.0,
            "가까운역이름":"범계",
            "가까운역거리":451.58,
            "역세권여부":"역세권",
            "30분이내주요거점역":1,
            "30분거점역이름":"['평촌']",
            "1시간이내주요거점역":14,
            "1시간거점역이름":"['강남', '역삼', '잠실', '여의도', '을지로3가', '수원시청', '평촌', '가산디지털단지', '왕십리', '홍대입구', '수원', '구로디지털단지', '명동', '안산']",
            "3km이내백화점수":1,
            "5km이내아울렛몰수":1,
            "1km이내대형먀트수":3,
            "500m이내은행수":5,
            "500m이내병원수":55,
            "5km이내대형병원수":5,
            "500m이내공원수":4,
            "3km이내혐오시설수":0,
            "초등학교학업성취도":90.01,
            "중학교학업성취도":86.6,
            "용적률":216,
            "건폐율":0,
            "Y":37.392649,
            "X":126.947172,
            "rank":17.0,
            "area_info":"21평(69.61), 22평(74.3), 28평(95.13), 32평(106.2)",
            "last_sales":"2021-12-18,72500.0,21평(69.61)",
            "rank_history":[
                [
                    "202202",
                    17
                ],
                [
                    "202201",
                    15
                ]
            ],
            "rank_gap":-2
        },
        {
            "index":350,
            "아파트명":"향촌현대5차",
            "투자타입":"일반",
            "전용면적(m2)":"75.89",
            "전용면적(평)":"22평",
            "법정동주소":"경기도 안양시 동안구 평촌동 899-7",
            "도로명주소":"경기도 안양시 동안구 귀인로 213",
            "세대수":80,
            "입주년차":0,
            "용적률점수":"--",
            "건폐율점수":"--",
            "세대당주차수":0,
            "난방방식":100,
            "공급면적":"--",
            "전용률":"--",
            "욕실수":50,
            "현관타입":100,
            "주거총점":53.0,
            "지역구공급총점":0.0,
            "역세권":50,
            "30분내 이동가능 거점":20,
            "1시간내 이동가능 거점":100,
            "교통총점":51.0,
            "백화점":100,
            "아울렛몰":100,
            "대형마트":100,
            "은행":70,
            "병원":80,
            "종합병원":100,
            "공원":100,
            "혐오시설":-50,
            "인프라총점":92.0,
            "초등학군":90.04,
            "중학군":57.3,
            "학군총점":63.848,
            "인구수":35.05,
            "인구증감":-3.82,
            "인구총점":23.389,
            "일자리":17.98,
            "소득수준":63.58,
            "일자리총점":31.66,
            "가치 총점":65.6272,
            "매매실거래년":20211111.0,
            "매매실거래가":85000.0,
            "전세실거래년":20220110.0,
            "전세실거래가":42000.0,
            "전세가율":49.41,
            "장기전세가율평균":71.26,
            "전세가율거품지수":21.85,
            "검색코드":1482,
            "세대수":780.0,
            "준공년월":"1993-04-30",
            "준공년차":30.0,
            "가까운역이름":"평촌",
            "가까운역거리":798.52,
            "역세권여부":"준역세권",
            "30분이내주요거점역":1,
            "30분거점역이름":"['평촌']",
            "1시간이내주요거점역":12,
            "1시간거점역이름":"['강남', '역삼', '판교', '여의도', '양재', '평촌', '가산디지털단지', '왕십리', '수원', '구로디지털단지', '명동', '안산']",
            "3km이내백화점수":1,
            "5km이내아울렛몰수":2,
            "1km이내대형먀트수":3,
            "500m이내은행수":3,
            "500m이내병원수":32,
            "5km이내대형병원수":5,
            "500m이내공원수":6,
            "3km이내혐오시설수":1,
            "초등학교학업성취도":90.04,
            "중학교학업성취도":91.9,
            "용적률":209,
            "건폐율":15,
            "Y":37.387274,
            "X":126.961938,
            "rank":18.0,
            "area_info":"22평(75.89), 31평(105.63)",
            "last_sales":"2021-11-11,85000.0,22평(75.89)",
            "rank_history":[
                [
                    "202202",
                    18
                ],
                [
                    "202201",
                    22
                ]
            ],
            "rank_gap":4
        },
        {
            "index":215,
            "아파트명":"안양임곡휴먼시아",
            "투자타입":"일반",
            "전용면적(m2)":"63.74",
            "전용면적(평)":"19평",
            "법정동주소":"경기도 안양시 동안구 비산동 1163",
            "도로명주소":"경기도 안양시 동안구 임곡로 16",
            "세대수":50,
            "입주년차":40,
            "용적률점수":"--",
            "건폐율점수":"--",
            "세대당주차수":30,
            "난방방식":100,
            "공급면적":"--",
            "전용률":"--",
            "욕실수":50,
            "현관타입":10,
            "주거총점":46.0,
            "지역구공급총점":0.0,
            "역세권":50,
            "30분내 이동가능 거점":60,
            "1시간내 이동가능 거점":100,
            "교통총점":63.0,
            "백화점":100,
            "아울렛몰":100,
            "대형마트":100,
            "은행":0,
            "병원":60,
            "종합병원":100,
            "공원":100,
            "혐오시설":0,
            "인프라총점":84.0,
            "초등학군":90.0,
            "중학군":50.02,
            "학군총점":58.016,
            "인구수":35.05,
            "인구증감":-3.82,
            "인구총점":23.389,
            "일자리":17.98,
            "소득수준":63.58,
            "일자리총점":31.66,
            "가치 총점":65.1524,
            "매매실거래년":20210910.0,
            "매매실거래가":76800.0,
            "전세실거래년":20220125.0,
            "전세실거래가":31000.0,
            "전세가율":64.85,
            "장기전세가율평균":71.26,
            "전세가율거품지수":6.41,
            "검색코드":22957,
            "세대수":492.0,
            "준공년월":"2007-07-10",
            "준공년차":16.0,
            "가까운역이름":"안양",
            "가까운역거리":650.67,
            "역세권여부":"준역세권",
            "30분이내주요거점역":3,
            "30분거점역이름":"['평촌', '가산디지털단지', '수원']",
            "1시간이내주요거점역":11,
            "1시간거점역이름":"['여의도', '을지로입구', '을지로3가', '수원시청', '평촌', '가산디지털단지', '홍대입구', '수원', '구로디지털단지', '안산', '마곡']",
            "3km이내백화점수":1,
            "5km이내아울렛몰수":2,
            "1km이내대형먀트수":3,
            "500m이내은행수":0,
            "500m이내병원수":16,
            "5km이내대형병원수":5,
            "500m이내공원수":2,
            "3km이내혐오시설수":0,
            "초등학교학업성취도":90.0,
            "중학교학업성취도":80.7,
            "용적률":259,
            "건폐율":18,
            "Y":37.401336,
            "X":126.930233,
            "rank":19.0,
            "area_info":"19평(63.74), 19평(63.93), 24평(81.69), 24평(81.36), 24평(81.62), 35평(115.81), 34평(115.3), 35평(115.72), 44평(148.15)",
            "last_sales":"2021-09-10,76800.0,35평(115.72)",
            "rank_history":[
                [
                    "202202",
                    19
                ],
                [
                    "202201",
                    21
                ]
            ],
            "rank_gap":2
        },
        {
            "index":534,
            "아파트명":"한스하임(도시형)",
            "투자타입":"일반",
            "전용면적(m2)":"23.31",
            "전용면적(평)":"7평",
            "법정동주소":"경기도 안양시 동안구 호계동 903-4",
            "도로명주소":"경기도 안양시 동안구 경수대로 769",
            "세대수":0,
            "입주년차":80,
            "용적률점수":"--",
            "건폐율점수":"--",
            "세대당주차수":0,
            "난방방식":30,
            "공급면적":"--",
            "전용률":"--",
            "욕실수":50,
            "현관타입":10,
            "주거총점":25.0,
            "지역구공급총점":0.0,
            "역세권":80,
            "30분내 이동가능 거점":20,
            "1시간내 이동가능 거점":100,
            "교통총점":66.0,
            "백화점":100,
            "아울렛몰":80,
            "대형마트":100,
            "은행":70,
            "병원":100,
            "종합병원":100,
            "공원":100,
            "혐오시설":0,
            "인프라총점":93.0,
            "초등학군":90.01,
            "중학군":53.16,
            "학군총점":60.53,
            "인구수":35.05,
            "인구증감":-3.82,
            "인구총점":23.389,
            "일자리":17.98,
            "소득수준":63.58,
            "일자리총점":31.66,
            "가치 총점":65.0795,
            "매매실거래년":20211129.0,
            "매매실거래가":14900.0,
            "전세실거래년":20211227.0,
            "전세실거래가":14800.0,
            "전세가율":99.33,
            "장기전세가율평균":71.26,
            "전세가율거품지수":-28.07,
            "검색코드":115416,
            "세대수":122.0,
            "준공년월":"2018-02-09",
            "준공년차":5.0,
            "가까운역이름":"범계",
            "가까운역거리":328.21,
            "역세권여부":"역세권",
            "30분이내주요거점역":1,
            "30분거점역이름":"['평촌']",
            "1시간이내주요거점역":16,
            "1시간거점역이름":"['강남', '역삼', '잠실', '여의도', '을지로입구', '을지로3가', '양재', '수원시청', '평촌', '가산디지털단지', '왕십리', '홍대입구', '수원', '구로디지털단지', '명동', '안산']",
            "3km이내백화점수":1,
            "5km이내아울렛몰수":1,
            "1km이내대형먀트수":3,
            "500m이내은행수":3,
            "500m이내병원수":90,
            "5km이내대형병원수":5,
            "500m이내공원수":3,
            "3km이내혐오시설수":0,
            "초등학교학업성취도":90.01,
            "중학교학업성취도":86.6,
            "용적률":298,
            "건폐율":53,
            "Y":37.389361,
            "X":126.947131,
            "rank":20.0,
            "area_info":"7평(23.31), 13평(45.83)",
            "last_sales":"2021-11-29,14900.0,7평(23.31)",
            "rank_history":[
                [
                    "202202",
                    20
                ],
                [
                    "202201",
                    19
                ]
            ],
            "rank_gap":-1
        },
        {
            "index":228,
            "아파트명":"은하수(신성)",
            "투자타입":"재건축",
            "전용면적(m2)":"74.06",
            "전용면적(평)":"22평",
            "법정동주소":"경기도 안양시 동안구 비산동 1103-4",
            "도로명주소":"경기도 안양시 동안구 달안로 40",
            "세대수":50,
            "입주년차":"--",
            "용적률점수":20,
            "건폐율점수":100,
            "세대당주차수":"--",
            "난방방식":"--",
            "공급면적":50,
            "전용률":80,
            "욕실수":"--",
            "현관타입":"--",
            "주거총점":49.5,
            "지역구공급총점":0.0,
            "역세권":50,
            "30분내 이동가능 거점":20,
            "1시간내 이동가능 거점":100,
            "교통총점":51.0,
            "백화점":100,
            "아울렛몰":80,
            "대형마트":100,
            "은행":100,
            "병원":80,
            "종합병원":100,
            "공원":100,
            "혐오시설":0,
            "인프라총점":94.0,
            "초등학군":90.01,
            "중학군":53.16,
            "학군총점":60.53,
            "인구수":35.05,
            "인구증감":-3.82,
            "인구총점":23.389,
            "일자리":17.98,
            "소득수준":63.58,
            "일자리총점":31.66,
            "가치 총점":65.0295,
            "매매실거래년":20210929.0,
            "매매실거래가":84500.0,
            "전세실거래년":20220124.0,
            "전세실거래가":39000.0,
            "전세가율":46.15,
            "장기전세가율평균":71.26,
            "전세가율거품지수":25.11,
            "검색코드":1468,
            "세대수":508.0,
            "준공년월":"1992-11-11",
            "준공년차":31.0,
            "가까운역이름":"범계",
            "가까운역거리":558.81,
            "역세권여부":"준역세권",
            "30분이내주요거점역":1,
            "30분거점역이름":"['평촌']",
            "1시간이내주요거점역":12,
            "1시간거점역이름":"['강남', '역삼', '여의도', '양재', '수원시청', '평촌', '가산디지털단지', '왕십리', '수원', '구로디지털단지', '명동', '안산']",
            "3km이내백화점수":1,
            "5km이내아울렛몰수":1,
            "1km이내대형먀트수":3,
            "500m이내은행수":5,
            "500m이내병원수":45,
            "5km이내대형병원수":5,
            "500m이내공원수":6,
            "3km이내혐오시설수":0,
            "초등학교학업성취도":90.01,
            "중학교학업성취도":86.6,
            "용적률":207,
            "건폐율":17,
            "Y":37.394351,
            "X":126.948142,
            "rank":21.0,
            "area_info":"22평(74.06), 31평(104.61)",
            "last_sales":"2021-09-29,84500.0,22평(74.06)",
            "rank_history":[
                [
                    "202202",
                    21
                ],
                [
                    "202201",
                    20
                ]
            ],
            "rank_gap":-1
        },
        {
            "index":345,
            "아파트명":"향촌롯데",
            "투자타입":"일반",
            "전용면적(m2)":"77.18",
            "전용면적(평)":"23평",
            "법정동주소":"경기도 안양시 동안구 평촌동 899",
            "도로명주소":"경기도 안양시 동안구 평촌대로180번길 28",
            "세대수":50,
            "입주년차":0,
            "용적률점수":"--",
            "건폐율점수":"--",
            "세대당주차수":0,
            "난방방식":100,
            "공급면적":"--",
            "전용률":"--",
            "욕실수":50,
            "현관타입":100,
            "주거총점":42.5,
            "지역구공급총점":0.0,
            "역세권":50,
            "30분내 이동가능 거점":20,
            "1시간내 이동가능 거점":100,
            "교통총점":51.0,
            "백화점":100,
            "아울렛몰":100,
            "대형마트":100,
            "은행":100,
            "병원":80,
            "종합병원":100,
            "공원":100,
            "혐오시설":0,
            "인프라총점":96.0,
            "초등학군":90.04,
            "중학군":57.3,
            "학군총점":63.848,
            "인구수":35.05,
            "인구증감":-3.82,
            "인구총점":23.389,
            "일자리":17.98,
            "소득수준":63.58,
            "일자리총점":31.66,
            "가치 총점":64.7272,
            "매매실거래년":20211231.0,
            "매매실거래가":80000.0,
            "전세실거래년":20220126.0,
            "전세실거래가":34600.0,
            "전세가율":43.25,
            "장기전세가율평균":71.26,
            "전세가율거품지수":28.01,
            "검색코드":1480,
            "세대수":530.0,
            "준공년월":"1993-03-27",
            "준공년차":30.0,
            "가까운역이름":"범계",
            "가까운역거리":778.59,
            "역세권여부":"준역세권",
            "30분이내주요거점역":1,
            "30분거점역이름":"['평촌']",
            "1시간이내주요거점역":10,
            "1시간거점역이름":"['강남', '역삼', '여의도', '양재', '평촌', '가산디지털단지', '수원', '구로디지털단지', '명동', '안산']",
            "3km이내백화점수":1,
            "5km이내아울렛몰수":2,
            "1km이내대형먀트수":4,
            "500m이내은행수":6,
            "500m이내병원수":32,
            "5km이내대형병원수":5,
            "500m이내공원수":5,
            "3km이내혐오시설수":0,
            "초등학교학업성취도":90.04,
            "중학교학업성취도":91.9,
            "용적률":206,
            "건폐율":16,
            "Y":37.387953,
            "X":126.959309,
            "rank":22.0,
            "area_info":"23평(77.18), 24평(80.69), 33평(110.13)",
            "last_sales":"2021-12-31,80000.0,23평(77.18)",
            "rank_history":[
                [
                    "202202",
                    22
                ],
                [
                    "202201",
                    22
                ]
            ],
            "rank_gap":0
        },
        {
            "index":412,
            "아파트명":"무궁화효성,한양",
            "투자타입":"재건축",
            "전용면적(m2)":"78.76",
            "전용면적(평)":"23평",
            "법정동주소":"경기도 안양시 동안구 호계동 1055",
            "도로명주소":"경기도 안양시 동안구 동안로 35",
            "세대수":80,
            "입주년차":"--",
            "용적률점수":20,
            "건폐율점수":100,
            "세대당주차수":"--",
            "난방방식":"--",
            "공급면적":50,
            "전용률":60,
            "욕실수":"--",
            "현관타입":"--",
            "주거총점":57.5,
            "지역구공급총점":0.0,
            "역세권":50,
            "30분내 이동가능 거점":20,
            "1시간내 이동가능 거점":90,
            "교통총점":49.0,
            "백화점":100,
            "아울렛몰":100,
            "대형마트":100,
            "은행":20,
            "병원":60,
            "종합병원":100,
            "공원":100,
            "혐오시설":0,
            "인프라총점":86.0,
            "초등학군":90.0,
            "중학군":58.42,
            "학군총점":64.736,
            "인구수":35.05,
            "인구증감":-3.82,
            "인구총점":23.389,
            "일자리":17.98,
            "소득수준":63.58,
            "일자리총점":31.66,
            "가치 총점":64.1604,
            "매매실거래년":20211210.0,
            "매매실거래가":87500.0,
            "전세실거래년":20220112.0,
            "전세실거래가":33600.0,
            "전세가율":48.7,
            "장기전세가율평균":71.26,
            "전세가율거품지수":22.56,
            "검색코드":19492,
            "세대수":800.0,
            "준공년월":"1992-12-05",
            "준공년차":31.0,
            "가까운역이름":"범계",
            "가까운역거리":876.04,
            "역세권여부":"준역세권",
            "30분이내주요거점역":1,
            "30분거점역이름":"['평촌']",
            "1시간이내주요거점역":9,
            "1시간거점역이름":"['강남', '역삼', '여의도', '평촌', '가산디지털단지', '수원', '구로디지털단지', '명동', '안산']",
            "3km이내백화점수":1,
            "5km이내아울렛몰수":2,
            "1km이내대형먀트수":2,
            "500m이내은행수":2,
            "500m이내병원수":15,
            "5km이내대형병원수":5,
            "500m이내공원수":14,
            "3km이내혐오시설수":0,
            "초등학교학업성취도":90.0,
            "중학교학업성취도":93.1,
            "용적률":219,
            "건폐율":17,
            "Y":37.382459,
            "X":126.954428,
            "rank":23.0,
            "area_info":"23평(78.76), 24평(79.36), 30평(100.3), 32평(107.51), 32평(107.72)",
            "last_sales":"2021-12-10,87500.0,32평(107.72)",
            "rank_history":[
                [
                    "202202",
                    23
                ],
                [
                    "202201",
                    26
                ]
            ],
            "rank_gap":3
        },
        {
            "index":386,
            "아파트명":"목련7단지",
            "투자타입":"재건축",
            "전용면적(m2)":"122.79",
            "전용면적(평)":"37평",
            "법정동주소":"경기도 안양시 동안구 호계동 1054-8",
            "도로명주소":"경기도 안양시 동안구 귀인로 157",
            "세대수":50,
            "입주년차":"--",
            "용적률점수":20,
            "건폐율점수":100,
            "세대당주차수":"--",
            "난방방식":"--",
            "공급면적":100,
            "전용률":80,
            "욕실수":"--",
            "현관타입":"--",
            "주거총점":52.0,
            "지역구공급총점":0.0,
            "역세권":50,
            "30분내 이동가능 거점":20,
            "1시간내 이동가능 거점":100,
            "교통총점":51.0,
            "백화점":100,
            "아울렛몰":100,
            "대형마트":100,
            "은행":20,
            "병원":60,
            "종합병원":100,
            "공원":100,
            "혐오시설":0,
            "인프라총점":86.0,
            "초등학군":90.04,
            "중학군":58.42,
            "학군총점":64.744,
            "인구수":35.05,
            "인구증감":-3.82,
            "인구총점":23.389,
            "일자리":17.98,
            "소득수준":63.58,
            "일자리총점":31.66,
            "가치 총점":63.7616,
            "매매실거래년":20220110.0,
            "매매실거래가":148000.0,
            "전세실거래년":20220122.0,
            "전세실거래가":57000.0,
            "전세가율":38.78,
            "장기전세가율평균":71.26,
            "전세가율거품지수":32.48,
            "검색코드":1459,
            "세대수":466.0,
            "준공년월":"1992-09-26",
            "준공년차":31.0,
            "가까운역이름":"범계",
            "가까운역거리":767.0,
            "역세권여부":"준역세권",
            "30분이내주요거점역":1,
            "30분거점역이름":"['평촌']",
            "1시간이내주요거점역":10,
            "1시간거점역이름":"['강남', '역삼', '여의도', '양재', '평촌', '가산디지털단지', '수원', '구로디지털단지', '명동', '안산']",
            "3km이내백화점수":1,
            "5km이내아울렛몰수":2,
            "1km이내대형먀트수":2,
            "500m이내은행수":2,
            "500m이내병원수":28,
            "5km이내대형병원수":5,
            "500m이내공원수":15,
            "3km이내혐오시설수":0,
            "초등학교학업성취도":90.04,
            "중학교학업성취도":93.1,
            "용적률":209,
            "건폐율":15,
            "Y":37.38576,
            "X":126.957849,
            "rank":24.0,
            "area_info":"37평(122.79), 47평(155.67), 56평(187.27)",
            "last_sales":"2022-01-10,148000.0,47평(155.67)",
            "rank_history":[
                [
                    "202202",
                    24
                ],
                [
                    "202201",
                    28
                ]
            ],
            "rank_gap":4
        },
        {
            "index":380,
            "아파트명":"목련5단지",
            "투자타입":"일반",
            "전용면적(m2)":"54.27",
            "전용면적(평)":"16평",
            "법정동주소":"경기도 안양시 동안구 호계동 1052-5",
            "도로명주소":"경기도 안양시 동안구 평촌대로179번길 30",
            "세대수":50,
            "입주년차":0,
            "용적률점수":"--",
            "건폐율점수":"--",
            "세대당주차수":0,
            "난방방식":100,
            "공급면적":"--",
            "전용률":"--",
            "욕실수":50,
            "현관타입":10,
            "주거총점":33.5,
            "지역구공급총점":0.0,
            "역세권":50,
            "30분내 이동가능 거점":20,
            "1시간내 이동가능 거점":100,
            "교통총점":51.0,
            "백화점":100,
            "아울렛몰":100,
            "대형마트":100,
            "은행":100,
            "병원":100,
            "종합병원":100,
            "공원":100,
            "혐오시설":0,
            "인프라총점":98.0,
            "초등학군":90.05,
            "중학군":58.42,
            "학군총점":64.746,
            "인구수":35.05,
            "인구증감":-3.82,
            "인구총점":23.389,
            "일자리":17.98,
            "소득수준":63.58,
            "일자리총점":31.66,
            "가치 총점":63.6619,
            "매매실거래년":20211228.0,
            "매매실거래가":60000.0,
            "전세실거래년":20220128.0,
            "전세실거래가":22500.0,
            "전세가율":37.5,
            "장기전세가율평균":71.26,
            "전세가율거품지수":33.76,
            "검색코드":3023,
            "세대수":683.0,
            "준공년월":"1993-03-27",
            "준공년차":30.0,
            "가까운역이름":"범계",
            "가까운역거리":516.34,
            "역세권여부":"준역세권",
            "30분이내주요거점역":1,
            "30분거점역이름":"['평촌']",
            "1시간이내주요거점역":12,
            "1시간거점역이름":"['강남', '역삼', '여의도', '을지로3가', '양재', '평촌', '가산디지털단지', '왕십리', '수원', '구로디지털단지', '명동', '안산']",
            "3km이내백화점수":1,
            "5km이내아울렛몰수":2,
            "1km이내대형먀트수":4,
            "500m이내은행수":7,
            "500m이내병원수":117,
            "5km이내대형병원수":5,
            "500m이내공원수":15,
            "3km이내혐오시설수":0,
            "초등학교학업성취도":90.05,
            "중학교학업성취도":93.1,
            "용적률":189,
            "건폐율":15,
            "Y":37.388143,
            "X":126.956269,
            "rank":25.0,
            "area_info":"16평(54.27), 23평(76.57), 23평(78.61)",
            "last_sales":"2021-12-28,60000.0,16평(54.27)",
            "rank_history":[
                [
                    "202202",
                    25
                ],
                [
                    "202201",
                    23
                ]
            ],
            "rank_gap":-2
        },
        {
            "index":285,
            "아파트명":"꿈우성",
            "투자타입":"일반",
            "전용면적(m2)":"121.32",
            "전용면적(평)":"36평",
            "법정동주소":"경기도 안양시 동안구 평촌동 933",
            "도로명주소":"경기도 안양시 동안구 부림로 34",
            "세대수":50,
            "입주년차":0,
            "용적률점수":"--",
            "건폐율점수":"--",
            "세대당주차수":60,
            "난방방식":100,
            "공급면적":"--",
            "전용률":"--",
            "욕실수":100,
            "현관타입":100,
            "주거총점":56.5,
            "지역구공급총점":0.0,
            "역세권":50,
            "30분내 이동가능 거점":20,
            "1시간내 이동가능 거점":100,
            "교통총점":51.0,
            "백화점":100,
            "아울렛몰":100,
            "대형마트":100,
            "은행":0,
            "병원":30,
            "종합병원":100,
            "공원":100,
            "혐오시설":-50,
            "인프라총점":80.0,
            "초등학군":90.02,
            "중학군":60.12,
            "학군총점":66.1,
            "인구수":35.05,
            "인구증감":-3.82,
            "인구총점":23.389,
            "일자리":17.98,
            "소득수준":63.58,
            "일자리총점":31.66,
            "가치 총점":63.065,
            "매매실거래년":20211114.0,
            "매매실거래가":116750.0,
            "전세실거래년":20211210.0,
            "전세실거래가":53000.0,
            "전세가율":45.4,
            "장기전세가율평균":71.26,
            "전세가율거품지수":25.86,
            "검색코드":1451,
            "세대수":422.0,
            "준공년월":"1993-11-09",
            "준공년차":30.0,
            "가까운역이름":"평촌",
            "가까운역거리":892.28,
            "역세권여부":"준역세권",
            "30분이내주요거점역":1,
            "30분거점역이름":"['평촌']",
            "1시간이내주요거점역":10,
            "1시간거점역이름":"['강남', '역삼', '여의도', '양재', '수원시청', '평촌', '가산디지털단지', '수원', '명동', '안산']",
            "3km이내백화점수":1,
            "5km이내아울렛몰수":2,
            "1km이내대형먀트수":2,
            "500m이내은행수":1,
            "500m이내병원수":9,
            "5km이내대형병원수":5,
            "500m이내공원수":4,
            "3km이내혐오시설수":1,
            "초등학교학업성취도":90.02,
            "중학교학업성취도":95.4,
            "용적률":206,
            "건폐율":16,
            "Y":37.387811,
            "X":126.969847,
            "rank":26.0,
            "area_info":"36평(121.32), 46평(155.12), 55평(184.2)",
            "last_sales":"2021-11-14,116750.0,36평(121.32)",
            "rank_history":[
                [
                    "202202",
                    26
                ],
                [
                    "202201",
                    24
                ]
            ],
            "rank_gap":-2
        },
        {
            "index":348,
            "아파트명":"향촌현대4차",
            "투자타입":"재건축",
            "전용면적(m2)":"78.67",
            "전용면적(평)":"23평",
            "법정동주소":"경기도 안양시 동안구 평촌동 899-2",
            "도로명주소":"경기도 안양시 동안구 귀인로 193",
            "세대수":50,
            "입주년차":"--",
            "용적률점수":20,
            "건폐율점수":100,
            "세대당주차수":"--",
            "난방방식":"--",
            "공급면적":50,
            "전용률":60,
            "욕실수":"--",
            "현관타입":"--",
            "주거총점":48.5,
            "지역구공급총점":0.0,
            "역세권":50,
            "30분내 이동가능 거점":20,
            "1시간내 이동가능 거점":100,
            "교통총점":51.0,
            "백화점":100,
            "아울렛몰":100,
            "대형마트":100,
            "은행":20,
            "병원":60,
            "종합병원":100,
            "공원":100,
            "혐오시설":0,
            "인프라총점":86.0,
            "초등학군":90.04,
            "중학군":57.3,
            "학군총점":63.848,
            "인구수":35.05,
            "인구증감":-3.82,
            "인구총점":23.389,
            "일자리":17.98,
            "소득수준":63.58,
            "일자리총점":31.66,
            "가치 총점":62.9272,
            "매매실거래년":20211229.0,
            "매매실거래가":80000.0,
            "전세실거래년":20220115.0,
            "전세실거래가":36700.0,
            "전세가율":45.88,
            "장기전세가율평균":71.26,
            "전세가율거품지수":25.38,
            "검색코드":1481,
            "세대수":552.0,
            "준공년월":"1992-11-28",
            "준공년차":31.0,
            "가까운역이름":"범계",
            "가까운역거리":899.59,
            "역세권여부":"준역세권",
            "30분이내주요거점역":1,
            "30분거점역이름":"['평촌']",
            "1시간이내주요거점역":11,
            "1시간거점역이름":"['강남', '역삼', '여의도', '양재', '수원시청', '평촌', '가산디지털단지', '수원', '구로디지털단지', '명동', '안산']",
            "3km이내백화점수":1,
            "5km이내아울렛몰수":2,
            "1km이내대형먀트수":3,
            "500m이내은행수":2,
            "500m이내병원수":28,
            "5km이내대형병원수":5,
            "500m이내공원수":5,
            "3km이내혐오시설수":0,
            "초등학교학업성취도":90.04,
            "중학교학업성취도":91.9,
            "용적률":203,
            "건폐율":17,
            "Y":37.386483,
            "X":126.960097,
            "rank":27.0,
            "area_info":"23평(78.67), 32평(106.96)",
            "last_sales":"2021-12-29,80000.0,23평(78.67)",
            "rank_history":[
                [
                    "202202",
                    27
                ],
                [
                    "202201",
                    27
                ]
            ],
            "rank_gap":0
        },
        {
            "index":332,
            "아파트명":"평촌e-편한세상",
            "투자타입":"일반",
            "전용면적(m2)":"157.81",
            "전용면적(평)":"47평",
            "법정동주소":"경기도 안양시 동안구 평촌동 75-1",
            "도로명주소":"경기도 안양시 동안구 흥안대로456번길 17",
            "세대수":0,
            "입주년차":60,
            "용적률점수":"--",
            "건폐율점수":"--",
            "세대당주차수":80,
            "난방방식":100,
            "공급면적":"--",
            "전용률":"--",
            "욕실수":100,
            "현관타입":100,
            "주거총점":54.0,
            "지역구공급총점":0.0,
            "역세권":50,
            "30분내 이동가능 거점":20,
            "1시간내 이동가능 거점":100,
            "교통총점":51.0,
            "백화점":100,
            "아울렛몰":80,
            "대형마트":80,
            "은행":70,
            "병원":80,
            "종합병원":100,
            "공원":100,
            "혐오시설":-50,
            "인프라총점":87.0,
            "초등학군":90.0,
            "중학군":44.62,
            "학군총점":53.696,
            "인구수":35.05,
            "인구증감":-3.82,
            "인구총점":23.389,
            "일자리":17.98,
            "소득수준":63.58,
            "일자리총점":31.66,
            "가치 총점":62.8044,
            "매매실거래년":20210810.0,
            "매매실거래가":188000.0,
            "전세실거래년":20220108.0,
            "전세실거래가":70000.0,
            "전세가율":47.62,
            "장기전세가율평균":71.26,
            "전세가율거품지수":23.64,
            "검색코드":26459,
            "세대수":220.0,
            "준공년월":"2010-06-11",
            "준공년차":13.0,
            "가까운역이름":"인덕원",
            "가까운역거리":634.74,
            "역세권여부":"준역세권",
            "30분이내주요거점역":1,
            "30분거점역이름":"['평촌']",
            "1시간이내주요거점역":16,
            "1시간거점역이름":"['강남', '역삼', '잠실', '판교', '여의도', '을지로3가', '양재', '수원시청', '평촌', '가산디지털단지', '왕십리', '홍대입구', '수원', '구로디지털단지', '명동', '안산']",
            "3km이내백화점수":1,
            "5km이내아울렛몰수":1,
            "1km이내대형먀트수":1,
            "500m이내은행수":4,
            "500m이내병원수":37,
            "5km이내대형병원수":4,
            "500m이내공원수":4,
            "3km이내혐오시설수":1,
            "초등학교학업성취도":90.0,
            "중학교학업성취도":72.5,
            "용적률":229,
            "건폐율":22,
            "Y":37.395845,
            "X":126.976638,
            "rank":28.0,
            "area_info":"47평(157.81), 56평(186.49), 56평(187.19), 56평(187.45)",
            "last_sales":"2021-08-10,188000.0,56평(187.19)",
            "rank_history":[
                [
                    "202202",
                    28
                ],
                [
                    "202201",
                    52
                ]
            ],
            "rank_gap":24
        },
        {
            "index":389,
            "아파트명":"목련8단지",
            "투자타입":"재건축",
            "전용면적(m2)":"119.71",
            "전용면적(평)":"36평",
            "법정동주소":"경기도 안양시 동안구 호계동 1053-4",
            "도로명주소":"경기도 안양시 동안구 동안로 57",
            "세대수":50,
            "입주년차":"--",
            "용적률점수":20,
            "건폐율점수":100,
            "세대당주차수":"--",
            "난방방식":"--",
            "공급면적":100,
            "전용률":80,
            "욕실수":"--",
            "현관타입":"--",
            "주거총점":52.0,
            "지역구공급총점":0.0,
            "역세권":50,
            "30분내 이동가능 거점":20,
            "1시간내 이동가능 거점":100,
            "교통총점":51.0,
            "백화점":100,
            "아울렛몰":80,
            "대형마트":100,
            "은행":0,
            "병원":60,
            "종합병원":100,
            "공원":100,
            "혐오시설":0,
            "인프라총점":82.0,
            "초등학군":89.97,
            "중학군":58.42,
            "학군총점":64.73,
            "인구수":35.05,
            "인구증감":-3.82,
            "인구총점":23.389,
            "일자리":17.98,
            "소득수준":63.58,
            "일자리총점":31.66,
            "가치 총점":62.5595,
            "매매실거래년":20211011.0,
            "매매실거래가":128000.0,
            "전세실거래년":20211101.0,
            "전세실거래가":57000.0,
            "전세가율":44.53,
            "장기전세가율평균":71.26,
            "전세가율거품지수":26.73,
            "검색코드":3016,
            "세대수":516.0,
            "준공년월":"1992-10-30",
            "준공년차":31.0,
            "가까운역이름":"범계",
            "가까운역거리":607.95,
            "역세권여부":"준역세권",
            "30분이내주요거점역":1,
            "30분거점역이름":"['평촌']",
            "1시간이내주요거점역":11,
            "1시간거점역이름":"['강남', '역삼', '여의도', '양재', '평촌', '가산디지털단지', '왕십리', '수원', '구로디지털단지', '명동', '안산']",
            "3km이내백화점수":1,
            "5km이내아울렛몰수":1,
            "1km이내대형먀트수":3,
            "500m이내은행수":0,
            "500m이내병원수":12,
            "5km이내대형병원수":5,
            "500m이내공원수":16,
            "3km이내혐오시설수":0,
            "초등학교학업성취도":89.97,
            "중학교학업성취도":93.1,
            "용적률":208,
            "건폐율":15,
            "Y":37.384674,
            "X":126.953223,
            "rank":29.0,
            "area_info":"36평(119.71), 45평(151.48), 59평(195.44)",
            "last_sales":"2021-10-11,128000.0,36평(119.71)",
            "rank_history":[
                [
                    "202202",
                    29
                ],
                [
                    "202201",
                    36
                ]
            ],
            "rank_gap":7
        },
        {
            "index":315,
            "아파트명":"초원1단지성원",
            "투자타입":"재건축",
            "전용면적(m2)":"75.13",
            "전용면적(평)":"22평",
            "법정동주소":"경기도 안양시 동안구 평촌동 898",
            "도로명주소":"경기도 안양시 동안구 관평로138번길 12",
            "세대수":30,
            "입주년차":"--",
            "용적률점수":20,
            "건폐율점수":100,
            "세대당주차수":"--",
            "난방방식":"--",
            "공급면적":50,
            "전용률":80,
            "욕실수":"--",
            "현관타입":"--",
            "주거총점":43.5,
            "지역구공급총점":0.0,
            "역세권":50,
            "30분내 이동가능 거점":20,
            "1시간내 이동가능 거점":100,
            "교통총점":51.0,
            "백화점":100,
            "아울렛몰":100,
            "대형마트":100,
            "은행":20,
            "병원":80,
            "종합병원":100,
            "공원":100,
            "혐오시설":-50,
            "인프라총점":87.0,
            "초등학군":90.02,
            "중학군":57.3,
            "학군총점":63.844,
            "인구수":35.05,
            "인구증감":-3.82,
            "인구총점":23.389,
            "일자리":17.98,
            "소득수준":63.58,
            "일자리총점":31.66,
            "가치 총점":62.2266,
            "매매실거래년":20211007.0,
            "매매실거래가":78500.0,
            "전세실거래년":20220108.0,
            "전세실거래가":33600.0,
            "전세가율":42.8,
            "장기전세가율평균":71.26,
            "전세가율거품지수":28.46,
            "검색코드":1479,
            "세대수":368.0,
            "준공년월":"1992-08-22",
            "준공년차":31.0,
            "가까운역이름":"평촌",
            "가까운역거리":566.34,
            "역세권여부":"준역세권",
            "30분이내주요거점역":1,
            "30분거점역이름":"['평촌']",
            "1시간이내주요거점역":15,
            "1시간거점역이름":"['강남', '역삼', '잠실', '여의도', '을지로3가', '양재', '수원시청', '평촌', '가산디지털단지', '왕십리', '홍대입구', '수원', '구로디지털단지', '명동', '안산']",
            "3km이내백화점수":1,
            "5km이내아울렛몰수":2,
            "1km이내대형먀트수":3,
            "500m이내은행수":2,
            "500m이내병원수":32,
            "5km이내대형병원수":5,
            "500m이내공원수":4,
            "3km이내혐오시설수":1,
            "초등학교학업성취도":90.02,
            "중학교학업성취도":91.9,
            "용적률":215,
            "건폐율":13,
            "Y":37.389214,
            "X":126.963312,
            "rank":30.0,
            "area_info":"22평(75.13), 31평(102.69)",
            "last_sales":"2021-10-07,78500.0,22평(75.13)",
            "rank_history":[
                [
                    "202202",
                    30
                ],
                [
                    "202201",
                    30
                ]
            ],
            "rank_gap":0
        },
        {
            "index":200,
            "아파트명":"샛별한양1단지",
            "투자타입":"일반",
            "전용면적(m2)":"46.86",
            "전용면적(평)":"14평",
            "법정동주소":"경기도 안양시 동안구 비산동 1101-2",
            "도로명주소":"경기도 안양시 동안구 달안로 61",
            "세대수":90,
            "입주년차":0,
            "용적률점수":"--",
            "건폐율점수":"--",
            "세대당주차수":30,
            "난방방식":100,
            "공급면적":"--",
            "전용률":"--",
            "욕실수":50,
            "현관타입":10,
            "주거총점":52.0,
            "지역구공급총점":0.0,
            "역세권":50,
            "30분내 이동가능 거점":20,
            "1시간내 이동가능 거점":100,
            "교통총점":51.0,
            "백화점":100,
            "아울렛몰":80,
            "대형마트":100,
            "은행":0,
            "병원":60,
            "종합병원":100,
            "공원":100,
            "혐오시설":0,
            "인프라총점":82.0,
            "초등학군":90.0,
            "중학군":54.9,
            "학군총점":61.92,
            "인구수":35.05,
            "인구증감":-3.82,
            "인구총점":23.389,
            "일자리":17.98,
            "소득수준":63.58,
            "일자리총점":31.66,
            "가치 총점":62.138,
            "매매실거래년":20211016.0,
            "매매실거래가":56000.0,
            "전세실거래년":20211224.0,
            "전세실거래가":16500.0,
            "전세가율":33.33,
            "장기전세가율평균":71.26,
            "전세가율거품지수":37.93,
            "검색코드":22752,
            "세대수":1262.0,
            "준공년월":"1993-03-23",
            "준공년차":30.0,
            "가까운역이름":"범계",
            "가까운역거리":804.59,
            "역세권여부":"준역세권",
            "30분이내주요거점역":1,
            "30분거점역이름":"['평촌']",
            "1시간이내주요거점역":12,
            "1시간거점역이름":"['강남', '역삼', '판교', '여의도', '양재', '수원시청', '평촌', '가산디지털단지', '수원', '구로디지털단지', '명동', '안산']",
            "3km이내백화점수":1,
            "5km이내아울렛몰수":1,
            "1km이내대형먀트수":3,
            "500m이내은행수":1,
            "500m이내병원수":10,
            "5km이내대형병원수":5,
            "500m이내공원수":6,
            "3km이내혐오시설수":0,
            "초등학교학업성취도":90.0,
            "중학교학업성취도":89.7,
            "용적률":198,
            "건폐율":17,
            "Y":37.396872,
            "X":126.94892,
            "rank":31.0,
            "area_info":"14평(46.86), 16평(56.0), 17평(57.45)",
            "last_sales":"2021-10-16,56000.0,17평(57.45)",
            "rank_history":[
                [
                    "202202",
                    31
                ],
                [
                    "202201",
                    38
                ]
            ],
            "rank_gap":7
        },
        {
            "index":319,
            "아파트명":"초원3단지대원",
            "투자타입":"일반",
            "전용면적(m2)":"76.65",
            "전용면적(평)":"23평",
            "법정동주소":"경기도 안양시 동안구 평촌동 898-6",
            "도로명주소":"경기도 안양시 동안구 부림로 55",
            "세대수":80,
            "입주년차":0,
            "용적률점수":"--",
            "건폐율점수":"--",
            "세대당주차수":0,
            "난방방식":100,
            "공급면적":"--",
            "전용률":"--",
            "욕실수":50,
            "현관타입":100,
            "주거총점":53.0,
            "지역구공급총점":0.0,
            "역세권":50,
            "30분내 이동가능 거점":20,
            "1시간내 이동가능 거점":100,
            "교통총점":51.0,
            "백화점":100,
            "아울렛몰":100,
            "대형마트":80,
            "은행":0,
            "병원":60,
            "종합병원":100,
            "공원":100,
            "혐오시설":-50,
            "인프라총점":80.0,
            "초등학군":90.02,
            "중학군":57.3,
            "학군총점":63.844,
            "인구수":35.05,
            "인구증감":-3.82,
            "인구총점":23.389,
            "일자리":17.98,
            "소득수준":63.58,
            "일자리총점":31.66,
            "가치 총점":62.0266,
            "매매실거래년":20211113.0,
            "매매실거래가":82000.0,
            "전세실거래년":20220113.0,
            "전세실거래가":38800.0,
            "전세가율":47.32,
            "장기전세가율평균":71.26,
            "전세가율거품지수":23.94,
            "검색코드":1477,
            "세대수":752.0,
            "준공년월":"1993-07-31",
            "준공년차":30.0,
            "가까운역이름":"평촌",
            "가까운역거리":668.4,
            "역세권여부":"준역세권",
            "30분이내주요거점역":1,
            "30분거점역이름":"['평촌']",
            "1시간이내주요거점역":10,
            "1시간거점역이름":"['강남', '역삼', '여의도', '수원시청', '평촌', '가산디지털단지', '수원', '구로디지털단지', '명동', '안산']",
            "3km이내백화점수":1,
            "5km이내아울렛몰수":2,
            "1km이내대형먀트수":1,
            "500m이내은행수":0,
            "500m이내병원수":12,
            "5km이내대형병원수":5,
            "500m이내공원수":5,
            "3km이내혐오시설수":1,
            "초등학교학업성취도":90.02,
            "중학교학업성취도":91.9,
            "용적률":207,
            "건폐율":19,
            "Y":37.388721,
            "X":126.96674,
            "rank":32.0,
            "area_info":"23평(76.65), 23평(76.65), 31평(103.95), 32평(105.99)",
            "last_sales":"2021-11-13,82000.0,23평(76.65)",
            "rank_history":[
                [
                    "202202",
                    32
                ],
                [
                    "202201",
                    29
                ]
            ],
            "rank_gap":-3
        },
        {
            "index":336,
            "아파트명":"푸른마을인덕원대우",
            "투자타입":"일반",
            "전용면적(m2)":"81.04",
            "전용면적(평)":"24평",
            "법정동주소":"경기도 안양시 동안구 평촌동 75-2",
            "도로명주소":"경기도 안양시 동안구 학의로 390",
            "세대수":100,
            "입주년차":20,
            "용적률점수":"--",
            "건폐율점수":"--",
            "세대당주차수":0,
            "난방방식":30,
            "공급면적":"--",
            "전용률":"--",
            "욕실수":100,
            "현관타입":100,
            "주거총점":62.0,
            "지역구공급총점":0.0,
            "역세권":50,
            "30분내 이동가능 거점":20,
            "1시간내 이동가능 거점":100,
            "교통총점":51.0,
            "백화점":100,
            "아울렛몰":80,
            "대형마트":80,
            "은행":0,
            "병원":60,
            "종합병원":100,
            "공원":100,
            "혐오시설":0,
            "인프라총점":79.0,
            "초등학군":89.98,
            "중학군":44.62,
            "학군총점":53.692,
            "인구수":35.05,
            "인구증감":-3.82,
            "인구총점":23.389,
            "일자리":17.98,
            "소득수준":63.58,
            "일자리총점":31.66,
            "가치 총점":62.0038,
            "매매실거래년":20211213.0,
            "매매실거래가":90000.0,
            "전세실거래년":20220128.0,
            "전세실거래가":35700.0,
            "전세가율":43.01,
            "장기전세가율평균":71.26,
            "전세가율거품지수":28.25,
            "검색코드":8205,
            "세대수":1996.0,
            "준공년월":"2001-04-28",
            "준공년차":22.0,
            "가까운역이름":"인덕원",
            "가까운역거리":743.5,
            "역세권여부":"준역세권",
            "30분이내주요거점역":1,
            "30분거점역이름":"['평촌']",
            "1시간이내주요거점역":10,
            "1시간거점역이름":"['역삼', '여의도', '양재', '수원시청', '평촌', '가산디지털단지', '수원', '구로디지털단지', '명동', '안산']",
            "3km이내백화점수":1,
            "5km이내아울렛몰수":1,
            "1km이내대형먀트수":1,
            "500m이내은행수":1,
            "500m이내병원수":23,
            "5km이내대형병원수":4,
            "500m이내공원수":3,
            "3km이내혐오시설수":0,
            "초등학교학업성취도":89.98,
            "중학교학업성취도":72.5,
            "용적률":337,
            "건폐율":20,
            "Y":37.395117,
            "X":126.978997,
            "rank":33.0,
            "area_info":"24평(81.04), 24평(81.05), 32평(108.33)",
            "last_sales":"2021-12-13,90000.0,32평(108.33)",
            "rank_history":[
                [
                    "202202",
                    33
                ],
                [
                    "202201",
                    53
                ]
            ],
            "rank_gap":20
        },
        {
            "index":55,
            "아파트명":"한가람세경",
            "투자타입":"일반",
            "전용면적(m2)":"64.06",
            "전용면적(평)":"19평",
            "법정동주소":"경기도 안양시 동안구 관양동 1589",
            "도로명주소":"경기도 안양시 동안구 달안로 110",
            "세대수":90,
            "입주년차":0,
            "용적률점수":"--",
            "건폐율점수":"--",
            "세대당주차수":0,
            "난방방식":100,
            "공급면적":"--",
            "전용률":"--",
            "욕실수":50,
            "현관타입":10,
            "주거총점":47.5,
            "지역구공급총점":0.0,
            "역세권":50,
            "30분내 이동가능 거점":20,
            "1시간내 이동가능 거점":100,
            "교통총점":51.0,
            "백화점":100,
            "아울렛몰":80,
            "대형마트":100,
            "은행":20,
            "병원":60,
            "종합병원":100,
            "공원":100,
            "혐오시설":0,
            "인프라총점":84.0,
            "초등학군":89.99,
            "중학군":54.9,
            "학군총점":61.918,
            "인구수":35.05,
            "인구증감":-3.82,
            "인구총점":23.389,
            "일자리":17.98,
            "소득수준":63.58,
            "일자리총점":31.66,
            "가치 총점":61.8377,
            "매매실거래년":20211120.0,
            "매매실거래가":69800.0,
            "전세실거래년":20220122.0,
            "전세실거래가":25725.0,
            "전세가율":39.4,
            "장기전세가율평균":71.26,
            "전세가율거품지수":31.86,
            "검색코드":3286,
            "세대수":1292.0,
            "준공년월":"1996-11-25",
            "준공년차":27.0,
            "가까운역이름":"평촌",
            "가까운역거리":808.24,
            "역세권여부":"준역세권",
            "30분이내주요거점역":1,
            "30분거점역이름":"['평촌']",
            "1시간이내주요거점역":12,
            "1시간거점역이름":"['강남', '역삼', '여의도', '양재', '정자', '수원시청', '평촌', '왕십리', '수원', '구로디지털단지', '명동', '안산']",
            "3km이내백화점수":1,
            "5km이내아울렛몰수":1,
            "1km이내대형먀트수":6,
            "500m이내은행수":2,
            "500m이내병원수":27,
            "5km이내대형병원수":5,
            "500m이내공원수":5,
            "3km이내혐오시설수":0,
            "초등학교학업성취도":89.99,
            "중학교학업성취도":89.7,
            "용적률":196,
            "건폐율":16,
            "Y":37.396395,
            "X":126.955127,
            "rank":34.0,
            "area_info":"19평(64.06), 20평(66.77)",
            "last_sales":"2021-11-20,69800.0,20평(66.77)",
            "rank_history":[
                [
                    "202202",
                    34
                ],
                [
                    "202201",
                    32
                ]
            ],
            "rank_gap":-2
        },
        {
            "index":398,
            "아파트명":"무궁화경남",
            "투자타입":"일반",
            "전용면적(m2)":"81.38",
            "전용면적(평)":"24평",
            "법정동주소":"경기도 안양시 동안구 호계동 1057",
            "도로명주소":"경기도 안양시 동안구 귀인로172번길 22",
            "세대수":50,
            "입주년차":0,
            "용적률점수":"--",
            "건폐율점수":"--",
            "세대당주차수":0,
            "난방방식":100,
            "공급면적":"--",
            "전용률":"--",
            "욕실수":50,
            "현관타입":100,
            "주거총점":42.5,
            "지역구공급총점":0.0,
            "역세권":50,
            "30분내 이동가능 거점":20,
            "1시간내 이동가능 거점":90,
            "교통총점":49.0,
            "백화점":100,
            "아울렛몰":100,
            "대형마트":100,
            "은행":20,
            "병원":80,
            "종합병원":100,
            "공원":100,
            "혐오시설":0,
            "인프라총점":88.0,
            "초등학군":90.0,
            "중학군":58.42,
            "학군총점":64.736,
            "인구수":35.05,
            "인구증감":-3.82,
            "인구총점":23.389,
            "일자리":17.98,
            "소득수준":63.58,
            "일자리총점":31.66,
            "가치 총점":61.7604,
            "매매실거래년":20211015.0,
            "매매실거래가":103000.0,
            "전세실거래년":20211211.0,
            "전세실거래가":30450.0,
            "전세가율":41.15,
            "장기전세가율평균":71.26,
            "전세가율거품지수":30.11,
            "검색코드":1471,
            "세대수":590.0,
            "준공년월":"1994-08-23",
            "준공년차":29.0,
            "가까운역이름":"범계",
            "가까운역거리":878.03,
            "역세권여부":"준역세권",
            "30분이내주요거점역":1,
            "30분거점역이름":"['평촌']",
            "1시간이내주요거점역":9,
            "1시간거점역이름":"['강남', '역삼', '여의도', '평촌', '가산디지털단지', '수원', '구로디지털단지', '명동', '안산']",
            "3km이내백화점수":1,
            "5km이내아울렛몰수":2,
            "1km이내대형먀트수":2,
            "500m이내은행수":2,
            "500m이내병원수":30,
            "5km이내대형병원수":5,
            "500m이내공원수":16,
            "3km이내혐오시설수":0,
            "초등학교학업성취도":90.0,
            "중학교학업성취도":93.1,
            "용적률":208,
            "건폐율":16,
            "Y":37.384082,
            "X":126.957669,
            "rank":35.0,
            "area_info":"24평(81.38), 32평(106.73), 32평(106.86)",
            "last_sales":"2021-10-15,103000.0,32평(106.86)",
            "rank_history":[
                [
                    "202202",
                    35
                ],
                [
                    "202201",
                    42
                ]
            ],
            "rank_gap":7
        },
        {
            "index":529,
            "아파트명":"한마음2단지",
            "투자타입":"일반",
            "전용면적(m2)":"74.71",
            "전용면적(평)":"22평",
            "법정동주소":"경기도 안양시 동안구 호계동 893-1",
            "도로명주소":"경기도 안양시 동안구 경수대로797번길 12",
            "세대수":50,
            "입주년차":20,
            "용적률점수":"--",
            "건폐율점수":"--",
            "세대당주차수":0,
            "난방방식":30,
            "공급면적":"--",
            "전용률":"--",
            "욕실수":50,
            "현관타입":100,
            "주거총점":39.5,
            "지역구공급총점":0.0,
            "역세권":50,
            "30분내 이동가능 거점":20,
            "1시간내 이동가능 거점":100,
            "교통총점":51.0,
            "백화점":100,
            "아울렛몰":80,
            "대형마트":100,
            "은행":70,
            "병원":60,
            "종합병원":100,
            "공원":100,
            "혐오시설":0,
            "인프라총점":89.0,
            "초등학군":90.01,
            "중학군":53.16,
            "학군총점":60.53,
            "인구수":35.05,
            "인구증감":-3.82,
            "인구총점":23.389,
            "일자리":17.98,
            "소득수준":63.58,
            "일자리총점":31.66,
            "가치 총점":61.5295,
            "매매실거래년":20211216.0,
            "매매실거래가":72000.0,
            "전세실거래년":20210925.0,
            "전세실거래가":37000.0,
            "전세가율":61.67,
            "장기전세가율평균":71.26,
            "전세가율거품지수":9.59,
            "검색코드":3083,
            "세대수":426.0,
            "준공년월":"2003-04-28",
            "준공년차":20.0,
            "가까운역이름":"범계",
            "가까운역거리":612.88,
            "역세권여부":"준역세권",
            "30분이내주요거점역":1,
            "30분거점역이름":"['평촌']",
            "1시간이내주요거점역":12,
            "1시간거점역이름":"['강남', '역삼', '여의도', '양재', '수원시청', '평촌', '가산디지털단지', '왕십리', '수원', '구로디지털단지', '명동', '안산']",
            "3km이내백화점수":1,
            "5km이내아울렛몰수":1,
            "1km이내대형먀트수":3,
            "500m이내은행수":3,
            "500m이내병원수":13,
            "5km이내대형병원수":5,
            "500m이내공원수":3,
            "3km이내혐오시설수":0,
            "초등학교학업성취도":90.01,
            "중학교학업성취도":86.6,
            "용적률":353,
            "건폐율":21,
            "Y":37.390945,
            "X":126.944022,
            "rank":36.0,
            "area_info":"22평(74.71), 22평(74.71), 22평(74.71), 29평(98.79), 39평(129.69)",
            "last_sales":"2021-12-16,72000.0,29평(98.79)",
            "rank_history":[
                [
                    "202202",
                    36
                ],
                [
                    "202201",
                    33
                ]
            ],
            "rank_gap":-3
        },
        {
            "index":317,
            "아파트명":"초원2단지대림",
            "투자타입":"일반",
            "전용면적(m2)":"81.52",
            "전용면적(평)":"24평",
            "법정동주소":"경기도 안양시 동안구 평촌동 898-2",
            "도로명주소":"경기도 안양시 동안구 귀인로 237",
            "세대수":90,
            "입주년차":0,
            "용적률점수":"--",
            "건폐율점수":"--",
            "세대당주차수":0,
            "난방방식":100,
            "공급면적":"--",
            "전용률":"--",
            "욕실수":50,
            "현관타입":10,
            "주거총점":47.5,
            "지역구공급총점":0.0,
            "역세권":50,
            "30분내 이동가능 거점":20,
            "1시간내 이동가능 거점":100,
            "교통총점":51.0,
            "백화점":100,
            "아울렛몰":100,
            "대형마트":80,
            "은행":20,
            "병원":60,
            "종합병원":100,
            "공원":100,
            "혐오시설":-50,
            "인프라총점":82.0,
            "초등학군":90.02,
            "중학군":57.3,
            "학군총점":63.844,
            "인구수":35.05,
            "인구증감":-3.82,
            "인구총점":23.389,
            "일자리":17.98,
            "소득수준":63.58,
            "일자리총점":31.66,
            "가치 총점":61.5266,
            "매매실거래년":20211120.0,
            "매매실거래가":78500.0,
            "전세실거래년":20220119.0,
            "전세실거래가":35000.0,
            "전세가율":44.59,
            "장기전세가율평균":71.26,
            "전세가율거품지수":26.67,
            "검색코드":1483,
            "세대수":1035.0,
            "준공년월":"1993-11-15",
            "준공년차":30.0,
            "가까운역이름":"평촌",
            "가까운역거리":666.46,
            "역세권여부":"준역세권",
            "30분이내주요거점역":1,
            "30분거점역이름":"['평촌']",
            "1시간이내주요거점역":11,
            "1시간거점역이름":"['강남', '역삼', '여의도', '양재', '수원시청', '평촌', '가산디지털단지', '수원', '구로디지털단지', '명동', '안산']",
            "3km이내백화점수":1,
            "5km이내아울렛몰수":2,
            "1km이내대형먀트수":1,
            "500m이내은행수":2,
            "500m이내병원수":20,
            "5km이내대형병원수":5,
            "500m이내공원수":7,
            "3km이내혐오시설수":1,
            "초등학교학업성취도":90.02,
            "중학교학업성취도":91.9,
            "용적률":216,
            "건폐율":15,
            "Y":37.388325,
            "X":126.964657,
            "rank":37.0,
            "area_info":"24평(81.52), 32평(106.77)",
            "last_sales":"2021-11-20,78500.0,24평(81.52)",
            "rank_history":[
                [
                    "202202",
                    37
                ],
                [
                    "202201",
                    31
                ]
            ],
            "rank_gap":-6
        },
        {
            "index":1,
            "아파트명":"공작부영",
            "투자타입":"일반",
            "전용면적(m2)":"51.46",
            "전용면적(평)":"15평",
            "법정동주소":"경기도 안양시 동안구 관양동 1588",
            "도로명주소":"경기도 안양시 동안구 관평로212번길 21",
            "세대수":100,
            "입주년차":0,
            "용적률점수":"--",
            "건폐율점수":"--",
            "세대당주차수":0,
            "난방방식":100,
            "공급면적":"--",
            "전용률":"--",
            "욕실수":50,
            "현관타입":10,
            "주거총점":51.0,
            "지역구공급총점":0.0,
            "역세권":50,
            "30분내 이동가능 거점":20,
            "1시간내 이동가능 거점":100,
            "교통총점":51.0,
            "백화점":100,
            "아울렛몰":0,
            "대형마트":100,
            "은행":100,
            "병원":60,
            "종합병원":100,
            "공원":100,
            "혐오시설":-50,
            "인프라총점":83.0,
            "초등학군":89.99,
            "중학군":48.6,
            "학군총점":56.878,
            "인구수":35.05,
            "인구증감":-3.82,
            "인구총점":23.389,
            "일자리":17.98,
            "소득수준":63.58,
            "일자리총점":31.66,
            "가치 총점":61.4817,
            "매매실거래년":20211111.0,
            "매매실거래가":63000.0,
            "전세실거래년":20220125.0,
            "전세실거래가":17300.0,
            "전세가율":34.6,
            "장기전세가율평균":71.26,
            "전세가율거품지수":36.66,
            "검색코드":1463,
            "세대수":1710.0,
            "준공년월":"1993-03-13",
            "준공년차":30.0,
            "가까운역이름":"평촌",
            "가까운역거리":575.81,
            "역세권여부":"준역세권",
            "30분이내주요거점역":1,
            "30분거점역이름":"['평촌']",
            "1시간이내주요거점역":12,
            "1시간거점역이름":"['강남', '역삼', '잠실', '여의도', '양재', '수원시청', '평촌', '가산디지털단지', '수원', '구로디지털단지', '명동', '안산']",
            "3km이내백화점수":1,
            "5km이내아울렛몰수":0,
            "1km이내대형먀트수":4,
            "500m이내은행수":5,
            "500m이내병원수":18,
            "5km이내대형병원수":5,
            "500m이내공원수":5,
            "3km이내혐오시설수":1,
            "초등학교학업성취도":89.99,
            "중학교학업성취도":78.8,
            "용적률":198,
            "건폐율":14,
            "Y":37.39769,
            "X":126.95897,
            "rank":38.0,
            "area_info":"15평(51.46), 20평(68.1), 25평(83.73)",
            "last_sales":"2021-11-11,63000.0,20평(68.1)",
            "rank_history":[
                [
                    "202202",
                    38
                ],
                [
                    "202201",
                    34
                ]
            ],
            "rank_gap":-4
        },
        {
            "index":401,
            "아파트명":"무궁화금호",
            "투자타입":"재건축",
            "전용면적(m2)":"74.04",
            "전용면적(평)":"22평",
            "법정동주소":"경기도 안양시 동안구 호계동 1056",
            "도로명주소":"경기도 안양시 동안구 동안로 40",
            "세대수":50,
            "입주년차":"--",
            "용적률점수":20,
            "건폐율점수":100,
            "세대당주차수":"--",
            "난방방식":"--",
            "공급면적":50,
            "전용률":80,
            "욕실수":"--",
            "현관타입":"--",
            "주거총점":49.5,
            "지역구공급총점":0.0,
            "역세권":50,
            "30분내 이동가능 거점":20,
            "1시간내 이동가능 거점":80,
            "교통총점":47.0,
            "백화점":100,
            "아울렛몰":100,
            "대형마트":100,
            "은행":0,
            "병원":60,
            "종합병원":100,
            "공원":100,
            "혐오시설":0,
            "인프라총점":84.0,
            "초등학군":90.0,
            "중학군":58.42,
            "학군총점":64.736,
            "인구수":35.05,
            "인구증감":-3.82,
            "인구총점":23.389,
            "일자리":17.98,
            "소득수준":63.58,
            "일자리총점":31.66,
            "가치 총점":61.2604,
            "매매실거래년":20210803.0,
            "매매실거래가":71500.0,
            "전세실거래년":20211113.0,
            "전세실거래가":40000.0,
            "전세가율":55.94,
            "장기전세가율평균":71.26,
            "전세가율거품지수":15.32,
            "검색코드":1472,
            "세대수":438.0,
            "준공년월":"1992-08-19",
            "준공년차":31.0,
            "가까운역이름":"범계",
            "가까운역거리":835.06,
            "역세권여부":"준역세권",
            "30분이내주요거점역":1,
            "30분거점역이름":"['평촌']",
            "1시간이내주요거점역":8,
            "1시간거점역이름":"['강남', '역삼', '여의도', '평촌', '가산디지털단지', '수원', '명동', '안산']",
            "3km이내백화점수":1,
            "5km이내아울렛몰수":2,
            "1km이내대형먀트수":2,
            "500m이내은행수":1,
            "500m이내병원수":24,
            "5km이내대형병원수":5,
            "500m이내공원수":14,
            "3km이내혐오시설수":0,
            "초등학교학업성취도":90.0,
            "중학교학업성취도":93.1,
            "용적률":215,
            "건폐율":19,
            "Y":37.383481,
            "X":126.955927,
            "rank":39.0,
            "area_info":"22평(74.04), 26평(88.93), 31평(103.08)",
            "last_sales":"2021-08-03,71500.0,22평(74.04)",
            "rank_history":[
                [
                    "202202",
                    39
                ],
                [
                    "202201",
                    40
                ]
            ],
            "rank_gap":1
        },
        {
            "index":160,
            "아파트명":"대광로제비앙",
            "투자타입":"일반",
            "전용면적(m2)":"100.05",
            "전용면적(평)":"30평",
            "법정동주소":"경기도 안양시 동안구 비산동 1167",
            "도로명주소":"경기도 안양시 동안구 경수대로 946",
            "세대수":0,
            "입주년차":80,
            "용적률점수":"--",
            "건폐율점수":"--",
            "세대당주차수":60,
            "난방방식":30,
            "공급면적":"--",
            "전용률":"--",
            "욕실수":100,
            "현관타입":100,
            "주거총점":48.0,
            "지역구공급총점":0.0,
            "역세권":50,
            "30분내 이동가능 거점":20,
            "1시간내 이동가능 거점":90,
            "교통총점":49.0,
            "백화점":100,
            "아울렛몰":100,
            "대형마트":100,
            "은행":0,
            "병원":80,
            "종합병원":100,
            "공원":100,
            "혐오시설":0,
            "인프라총점":86.0,
            "초등학군":89.99,
            "중학군":50.02,
            "학군총점":58.014,
            "인구수":35.05,
            "인구증감":-3.82,
            "인구총점":23.389,
            "일자리":17.98,
            "소득수준":63.58,
            "일자리총점":31.66,
            "가치 총점":61.2521,
            "매매실거래년":20211123.0,
            "매매실거래가":67700.0,
            "전세실거래년":20220110.0,
            "전세실거래가":41000.0,
            "전세가율":93.18,
            "장기전세가율평균":71.26,
            "전세가율거품지수":-21.92,
            "검색코드":110631,
            "세대수":219.0,
            "준공년월":"2017-01-05",
            "준공년차":6.0,
            "가까운역이름":"안양",
            "가까운역거리":892.26,
            "역세권여부":"준역세권",
            "30분이내주요거점역":1,
            "30분거점역이름":"['평촌']",
            "1시간이내주요거점역":9,
            "1시간거점역이름":"['여의도', '을지로3가', '수원시청', '평촌', '가산디지털단지', '홍대입구', '수원', '구로디지털단지', '안산']",
            "3km이내백화점수":1,
            "5km이내아울렛몰수":2,
            "1km이내대형먀트수":3,
            "500m이내은행수":1,
            "500m이내병원수":31,
            "5km이내대형병원수":5,
            "500m이내공원수":4,
            "3km이내혐오시설수":0,
            "초등학교학업성취도":89.99,
            "중학교학업성취도":80.7,
            "용적률":570,
            "건폐율":66,
            "Y":37.399897,
            "X":126.932747,
            "rank":40.0,
            "area_info":"30평(100.05), 34평(114.08), 34평(114.27), 34평(115.21), 34평(115.13), 34평(115.21)",
            "last_sales":"2021-11-23,67700.0,34평(115.13)",
            "rank_history":[
                [
                    "202202",
                    40
                ],
                [
                    "202201",
                    44
                ]
            ],
            "rank_gap":4
        },
        {
            "index":281,
            "아파트명":"꿈라이프",
            "투자타입":"재건축",
            "전용면적(m2)":"107.21",
            "전용면적(평)":"32평",
            "법정동주소":"경기도 안양시 동안구 평촌동 932-6",
            "도로명주소":"경기도 안양시 동안구 귀인로 258",
            "세대수":50,
            "입주년차":"--",
            "용적률점수":0,
            "건폐율점수":100,
            "세대당주차수":"--",
            "난방방식":"--",
            "공급면적":90,
            "전용률":60,
            "욕실수":"--",
            "현관타입":"--",
            "주거총점":42.5,
            "지역구공급총점":0.0,
            "역세권":50,
            "30분내 이동가능 거점":20,
            "1시간내 이동가능 거점":100,
            "교통총점":51.0,
            "백화점":100,
            "아울렛몰":100,
            "대형마트":100,
            "은행":0,
            "병원":60,
            "종합병원":100,
            "공원":100,
            "혐오시설":-50,
            "인프라총점":83.0,
            "초등학군":90.04,
            "중학군":60.12,
            "학군총점":66.104,
            "인구수":35.05,
            "인구증감":-3.82,
            "인구총점":23.389,
            "일자리":17.98,
            "소득수준":63.58,
            "일자리총점":31.66,
            "가치 총점":61.1656,
            "매매실거래년":20211205.0,
            "매매실거래가":130000.0,
            "전세실거래년":20220121.0,
            "전세실거래가":47500.0,
            "전세가율":41.85,
            "장기전세가율평균":71.26,
            "전세가율거품지수":29.41,
            "검색코드":1450,
            "세대수":548.0,
            "준공년월":"1992-09-17",
            "준공년차":31.0,
            "가까운역이름":"평촌",
            "가까운역거리":893.23,
            "역세권여부":"준역세권",
            "30분이내주요거점역":1,
            "30분거점역이름":"['평촌']",
            "1시간이내주요거점역":10,
            "1시간거점역이름":"['강남', '역삼', '여의도', '수원시청', '평촌', '가산디지털단지', '수원', '구로디지털단지', '명동', '안산']",
            "3km이내백화점수":1,
            "5km이내아울렛몰수":2,
            "1km이내대형먀트수":2,
            "500m이내은행수":1,
            "500m이내병원수":13,
            "5km이내대형병원수":5,
            "500m이내공원수":4,
            "3km이내혐오시설수":1,
            "초등학교학업성취도":90.04,
            "중학교학업성취도":95.4,
            "용적률":230,
            "건폐율":14,
            "Y":37.386985,
            "X":126.968097,
            "rank":41.0,
            "area_info":"32평(107.21), 32평(107.12), 38평(128.49), 53평(177.47)",
            "last_sales":"2021-12-05,130000.0,38평(128.49)",
            "rank_history":[
                [
                    "202202",
                    41
                ],
                [
                    "202201",
                    35
                ]
            ],
            "rank_gap":-6
        },
        {
            "index":78,
            "아파트명":"관악(부영)",
            "투자타입":"일반",
            "전용면적(m2)":"85.03",
            "전용면적(평)":"25평",
            "법정동주소":"경기도 안양시 동안구 비산동 1102-4",
            "도로명주소":"경기도 안양시 동안구 학의로 46",
            "세대수":80,
            "입주년차":0,
            "용적률점수":"--",
            "건폐율점수":"--",
            "세대당주차수":0,
            "난방방식":100,
            "공급면적":"--",
            "전용률":"--",
            "욕실수":50,
            "현관타입":10,
            "주거총점":44.0,
            "지역구공급총점":0.0,
            "역세권":50,
            "30분내 이동가능 거점":20,
            "1시간내 이동가능 거점":80,
            "교통총점":47.0,
            "백화점":100,
            "아울렛몰":80,
            "대형마트":100,
            "은행":70,
            "병원":60,
            "종합병원":100,
            "공원":100,
            "혐오시설":0,
            "인프라총점":89.0,
            "초등학군":90.01,
            "중학군":53.16,
            "학군총점":60.53,
            "인구수":35.05,
            "인구증감":-3.82,
            "인구총점":23.389,
            "일자리":17.98,
            "소득수준":63.58,
            "일자리총점":31.66,
            "가치 총점":61.0295,
            "매매실거래년":20210817.0,
            "매매실거래가":87000.0,
            "전세실거래년":20220112.0,
            "전세실거래가":33600.0,
            "전세가율":51.77,
            "장기전세가율평균":71.26,
            "전세가율거품지수":19.49,
            "검색코드":1993,
            "세대수":796.0,
            "준공년월":"1993-10-28",
            "준공년차":30.0,
            "가까운역이름":"범계",
            "가까운역거리":917.86,
            "역세권여부":"준역세권",
            "30분이내주요거점역":1,
            "30분거점역이름":"['평촌']",
            "1시간이내주요거점역":8,
            "1시간거점역이름":"['강남', '역삼', '수원시청', '평촌', '가산디지털단지', '수원', '구로디지털단지', '안산']",
            "3km이내백화점수":1,
            "5km이내아울렛몰수":1,
            "1km이내대형먀트수":4,
            "500m이내은행수":3,
            "500m이내병원수":15,
            "5km이내대형병원수":5,
            "500m이내공원수":5,
            "3km이내혐오시설수":0,
            "초등학교학업성취도":90.01,
            "중학교학업성취도":86.6,
            "용적률":212,
            "건폐율":16,
            "Y":37.396511,
            "X":126.944769,
            "rank":42.0,
            "area_info":"25평(85.03), 31평(103.89)",
            "last_sales":"2021-08-17,87000.0,31평(103.89)",
            "rank_history":[
                [
                    "202202",
                    42
                ],
                [
                    "202201",
                    37
                ]
            ],
            "rank_gap":-5
        },
        {
            "index":239,
            "아파트명":"평촌래미안푸르지오",
            "투자타입":"일반",
            "전용면적(m2)":"85.55",
            "전용면적(평)":"25평",
            "법정동주소":"경기도 안양시 동안구 비산동 419-30",
            "도로명주소":"경기도 안양시 동안구 경수대로884번길 12",
            "세대수":90,
            "입주년차":100,
            "용적률점수":"--",
            "건폐율점수":"--",
            "세대당주차수":60,
            "난방방식":100,
            "공급면적":"--",
            "전용률":"--",
            "욕실수":100,
            "현관타입":100,
            "주거총점":90.5,
            "지역구공급총점":0.0,
            "역세권":0,
            "30분내 이동가능 거점":20,
            "1시간내 이동가능 거점":70,
            "교통총점":20.0,
            "백화점":100,
            "아울렛몰":80,
            "대형마트":100,
            "은행":70,
            "병원":60,
            "종합병원":100,
            "공원":100,
            "혐오시설":0,
            "인프라총점":89.0,
            "초등학군":89.99,
            "중학군":53.16,
            "학군총점":60.526,
            "인구수":35.05,
            "인구증감":-3.82,
            "인구총점":23.389,
            "일자리":17.98,
            "소득수준":63.58,
            "일자리총점":31.66,
            "가치 총점":60.8789,
            "매매실거래년":20210629.0,
            "매매실거래가":137291.0,
            "전세실거래년":null,
            "전세실거래가":null,
            "전세가율":null,
            "장기전세가율평균":71.26,
            "전세가율거품지수":null,
            "검색코드":126060,
            "세대수":1199.0,
            "준공년월":"2021-11-01",
            "준공년차":2.0,
            "가까운역이름":"범계",
            "가까운역거리":1306.99,
            "역세권여부":"비역세권",
            "30분이내주요거점역":1,
            "30분거점역이름":"['평촌']",
            "1시간이내주요거점역":7,
            "1시간거점역이름":"['여의도', '수원시청', '평촌', '가산디지털단지', '수원', '구로디지털단지', '안산']",
            "3km이내백화점수":1,
            "5km이내아울렛몰수":1,
            "1km이내대형먀트수":2,
            "500m이내은행수":3,
            "500m이내병원수":27,
            "5km이내대형병원수":5,
            "500m이내공원수":2,
            "3km이내혐오시설수":0,
            "초등학교학업성취도":89.99,
            "중학교학업성취도":86.6,
            "용적률":303,
            "건폐율":17,
            "Y":37.397322,
            "X":126.939445,
            "rank":43.0,
            "area_info":"25평(85.55), 26평(86.56), 26평(86.26), 28평(94.12), 34평(115.2), 35평(115.86), 34평(115.67), 38평(128.72), 39평(128.93), 41평(138.02), 41평(138.18)",
            "last_sales":"2021-06-29,137291.0,34평(115.2)",
            "rank_history":[
                [
                    "202202",
                    43
                ],
                [
                    "202201",
                    46
                ]
            ],
            "rank_gap":3
        },
        {
            "index":264,
            "아파트명":"한양수자인평촌리버뷰",
            "투자타입":"일반",
            "전용면적(m2)":"63.57",
            "전용면적(평)":"19평",
            "법정동주소":"경기도 안양시 동안구 비산동 577-1",
            "도로명주소":"경기도 안양시 동안구 경수대로813번길 14-11",
            "세대수":30,
            "입주년차":100,
            "용적률점수":"--",
            "건폐율점수":"--",
            "세대당주차수":30,
            "난방방식":30,
            "공급면적":"--",
            "전용률":"--",
            "욕실수":50,
            "현관타입":100,
            "주거총점":53.0,
            "지역구공급총점":0.0,
            "역세권":50,
            "30분내 이동가능 거점":20,
            "1시간내 이동가능 거점":100,
            "교통총점":51.0,
            "백화점":100,
            "아울렛몰":80,
            "대형마트":100,
            "은행":0,
            "병원":10,
            "종합병원":100,
            "공원":100,
            "혐오시설":0,
            "인프라총점":77.0,
            "초등학군":90.01,
            "중학군":53.16,
            "학군총점":60.53,
            "인구수":35.05,
            "인구증감":-3.82,
            "인구총점":23.389,
            "일자리":17.98,
            "소득수준":63.58,
            "일자리총점":31.66,
            "가치 총점":60.6295,
            "매매실거래년":20200214.0,
            "매매실거래가":48500.0,
            "전세실거래년":null,
            "전세실거래가":null,
            "전세가율":null,
            "장기전세가율평균":71.26,
            "전세가율거품지수":null,
            "검색코드":126337,
            "세대수":304.0,
            "준공년월":"2021-11-01",
            "준공년차":2.0,
            "가까운역이름":"범계",
            "가까운역거리":824.87,
            "역세권여부":"준역세권",
            "30분이내주요거점역":1,
            "30분거점역이름":"['평촌']",
            "1시간이내주요거점역":11,
            "1시간거점역이름":"['강남', '역삼', '여의도', '양재', '수원시청', '평촌', '가산디지털단지', '수원', '구로디지털단지', '명동', '안산']",
            "3km이내백화점수":1,
            "5km이내아울렛몰수":1,
            "1km이내대형먀트수":4,
            "500m이내은행수":1,
            "500m이내병원수":4,
            "5km이내대형병원수":5,
            "500m이내공원수":2,
            "3km이내혐오시설수":0,
            "초등학교학업성취도":90.01,
            "중학교학업성취도":86.6,
            "용적률":0,
            "건폐율":0,
            "Y":37.392496,
            "X":126.942111,
            "rank":44.0,
            "area_info":"19평(63.57), 22평(73.23), 22평(73.19), 25평(82.96), 25평(84.03)",
            "last_sales":"2020-02-14,48500.0,25평(84.03)",
            "rank_history":[
                [
                    "202202",
                    44
                ],
                [
                    "202201",
                    39
                ]
            ],
            "rank_gap":-5
        },
        {
            "index":80,
            "아파트명":"관악(성원)",
            "투자타입":"일반",
            "전용면적(m2)":"51.0",
            "전용면적(평)":"15평",
            "법정동주소":"경기도 안양시 동안구 비산동 1102-7",
            "도로명주소":"경기도 안양시 동안구 동안로 209",
            "세대수":80,
            "입주년차":0,
            "용적률점수":"--",
            "건폐율점수":"--",
            "세대당주차수":0,
            "난방방식":100,
            "공급면적":"--",
            "전용률":"--",
            "욕실수":50,
            "현관타입":10,
            "주거총점":44.0,
            "지역구공급총점":0.0,
            "역세권":50,
            "30분내 이동가능 거점":20,
            "1시간내 이동가능 거점":100,
            "교통총점":51.0,
            "백화점":100,
            "아울렛몰":80,
            "대형마트":100,
            "은행":0,
            "병원":60,
            "종합병원":100,
            "공원":100,
            "혐오시설":0,
            "인프라총점":82.0,
            "초등학군":90.01,
            "중학군":53.16,
            "학군총점":60.53,
            "인구수":35.05,
            "인구증감":-3.82,
            "인구총점":23.389,
            "일자리":17.98,
            "소득수준":63.58,
            "일자리총점":31.66,
            "가치 총점":60.3295,
            "매매실거래년":20211030.0,
            "매매실거래가":43800.0,
            "전세실거래년":20211213.0,
            "전세실거래가":16275.0,
            "전세가율":37.16,
            "장기전세가율평균":71.26,
            "전세가율거품지수":34.1,
            "검색코드":1985,
            "세대수":790.0,
            "준공년월":"1993-07-14",
            "준공년차":30.0,
            "가까운역이름":"범계",
            "가까운역거리":766.22,
            "역세권여부":"준역세권",
            "30분이내주요거점역":1,
            "30분거점역이름":"['평촌']",
            "1시간이내주요거점역":11,
            "1시간거점역이름":"['강남', '역삼', '여의도', '수원시청', '평촌', '가산디지털단지', '왕십리', '수원', '구로디지털단지', '명동', '안산']",
            "3km이내백화점수":1,
            "5km이내아울렛몰수":1,
            "1km이내대형먀트수":3,
            "500m이내은행수":1,
            "500m이내병원수":12,
            "5km이내대형병원수":5,
            "500m이내공원수":6,
            "3km이내혐오시설수":0,
            "초등학교학업성취도":90.01,
            "중학교학업성취도":86.6,
            "용적률":207,
            "건폐율":0,
            "Y":37.3957,
            "X":126.94634,
            "rank":45.0,
            "area_info":"15평(51.0), 15평(51.0), 17평(59.2), 21평(69.88)",
            "last_sales":"2021-10-30,43800.0,15평(51.0)",
            "rank_history":[
                [
                    "202202",
                    45
                ],
                [
                    "202201",
                    41
                ]
            ],
            "rank_gap":-4
        },
        {
            "index":588,
            "아파트명":"호산",
            "투자타입":"일반",
            "전용면적(m2)":"81.41",
            "전용면적(평)":"24평",
            "법정동주소":"경기도 안양시 동안구 호계동 914-37",
            "도로명주소":"경기도 안양시 동안구 경수대로721번길 44-28",
            "세대수":0,
            "입주년차":20,
            "용적률점수":"--",
            "건폐율점수":"--",
            "세대당주차수":30,
            "난방방식":30,
            "공급면적":"--",
            "전용률":"--",
            "욕실수":50,
            "현관타입":10,
            "주거총점":17.5,
            "지역구공급총점":0.0,
            "역세권":80,
            "30분내 이동가능 거점":20,
            "1시간내 이동가능 거점":100,
            "교통총점":66.0,
            "백화점":100,
            "아울렛몰":80,
            "대형마트":100,
            "은행":0,
            "병원":30,
            "종합병원":100,
            "공원":100,
            "혐오시설":0,
            "인프라총점":79.0,
            "초등학군":89.97,
            "중학군":58.42,
            "학군총점":64.73,
            "인구수":35.05,
            "인구증감":-3.82,
            "인구총점":23.389,
            "일자리":17.98,
            "소득수준":63.58,
            "일자리총점":31.66,
            "가치 총점":60.0095,
            "매매실거래년":20211213.0,
            "매매실거래가":40000.0,
            "전세실거래년":20211015.0,
            "전세실거래가":22000.0,
            "전세가율":53.66,
            "장기전세가율평균":71.26,
            "전세가율거품지수":17.6,
            "검색코드":2043,
            "세대수":116.0,
            "준공년월":"1999-12-17",
            "준공년차":24.0,
            "가까운역이름":"범계",
            "가까운역거리":487.35,
            "역세권여부":"역세권",
            "30분이내주요거점역":1,
            "30분거점역이름":"['평촌']",
            "1시간이내주요거점역":13,
            "1시간거점역이름":"['강남', '역삼', '잠실', '여의도', '을지로3가', '양재', '수원시청', '평촌', '왕십리', '수원', '구로디지털단지', '명동', '안산']",
            "3km이내백화점수":1,
            "5km이내아울렛몰수":1,
            "1km이내대형먀트수":3,
            "500m이내은행수":1,
            "500m이내병원수":6,
            "5km이내대형병원수":5,
            "500m이내공원수":3,
            "3km이내혐오시설수":0,
            "초등학교학업성취도":89.97,
            "중학교학업성취도":93.1,
            "용적률":0,
            "건폐율":0,
            "Y":37.386157,
            "X":126.947726,
            "rank":46.0,
            "area_info":"24평(81.41), 32평(108.42), 34평(114.96), 34평(115.01)",
            "last_sales":"2021-12-13,40000.0,34평(115.01)",
            "rank_history":[
                [
                    "202202",
                    46
                ],
                [
                    "202201",
                    47
                ]
            ],
            "rank_gap":1
        },
        {
            "index":323,
            "아파트명":"초원5단지LG",
            "투자타입":"일반",
            "전용면적(m2)":"77.51",
            "전용면적(평)":"23평",
            "법정동주소":"경기도 안양시 동안구 평촌동 897-7",
            "도로명주소":"경기도 안양시 동안구 부림로 52",
            "세대수":50,
            "입주년차":0,
            "용적률점수":"--",
            "건폐율점수":"--",
            "세대당주차수":0,
            "난방방식":100,
            "공급면적":"--",
            "전용률":"--",
            "욕실수":50,
            "현관타입":100,
            "주거총점":42.5,
            "지역구공급총점":0.0,
            "역세권":50,
            "30분내 이동가능 거점":20,
            "1시간내 이동가능 거점":100,
            "교통총점":51.0,
            "백화점":100,
            "아울렛몰":100,
            "대형마트":80,
            "은행":0,
            "병원":60,
            "종합병원":100,
            "공원":100,
            "혐오시설":-50,
            "인프라총점":80.0,
            "초등학군":90.02,
            "중학군":57.3,
            "학군총점":63.844,
            "인구수":35.05,
            "인구증감":-3.82,
            "인구총점":23.389,
            "일자리":17.98,
            "소득수준":63.58,
            "일자리총점":31.66,
            "가치 총점":59.9266,
            "매매실거래년":20211009.0,
            "매매실거래가":94500.0,
            "전세실거래년":20220120.0,
            "전세실거래가":39000.0,
            "전세가율":50.72,
            "장기전세가율평균":71.26,
            "전세가율거품지수":20.54,
            "검색코드":1478,
            "세대수":656.0,
            "준공년월":"1993-10-30",
            "준공년차":30.0,
            "가까운역이름":"평촌",
            "가까운역거리":692.77,
            "역세권여부":"준역세권",
            "30분이내주요거점역":1,
            "30분거점역이름":"['평촌']",
            "1시간이내주요거점역":10,
            "1시간거점역이름":"['강남', '역삼', '여의도', '수원시청', '평촌', '가산디지털단지', '수원', '구로디지털단지', '명동', '안산']",
            "3km이내백화점수":1,
            "5km이내아울렛몰수":2,
            "1km이내대형먀트수":1,
            "500m이내은행수":1,
            "500m이내병원수":14,
            "5km이내대형병원수":5,
            "500m이내공원수":5,
            "3km이내혐오시설수":1,
            "초등학교학업성취도":90.02,
            "중학교학업성취도":91.9,
            "용적률":205,
            "건폐율":15,
            "Y":37.389369,
            "X":126.968697,
            "rank":47.0,
            "area_info":"23평(77.51), 32평(106.3)",
            "last_sales":"2021-10-09,94500.0,32평(106.3)",
            "rank_history":[
                [
                    "202202",
                    47
                ],
                [
                    "202201",
                    43
                ]
            ],
            "rank_gap":-4
        },
        {
            "index":294,
            "아파트명":"대도",
            "투자타입":"재건축",
            "전용면적(m2)":"57.25",
            "전용면적(평)":"17평",
            "법정동주소":"경기도 안양시 동안구 평촌동 54-1",
            "도로명주소":"경기도 안양시 동안구 흥안대로434번길 19",
            "세대수":0,
            "입주년차":"--",
            "용적률점수":80,
            "건폐율점수":40,
            "세대당주차수":"--",
            "난방방식":"--",
            "공급면적":50,
            "전용률":60,
            "욕실수":"--",
            "현관타입":"--",
            "주거총점":45.5,
            "지역구공급총점":0.0,
            "역세권":50,
            "30분내 이동가능 거점":20,
            "1시간내 이동가능 거점":90,
            "교통총점":49.0,
            "백화점":100,
            "아울렛몰":80,
            "대형마트":80,
            "은행":70,
            "병원":60,
            "종합병원":100,
            "공원":100,
            "혐오시설":-50,
            "인프라총점":85.0,
            "초등학군":89.97,
            "중학군":44.62,
            "학군총점":53.69,
            "인구수":35.05,
            "인구증감":-3.82,
            "인구총점":23.389,
            "일자리":17.98,
            "소득수준":63.58,
            "일자리총점":31.66,
            "가치 총점":59.8035,
            "매매실거래년":20191029.0,
            "매매실거래가":27000.0,
            "전세실거래년":20180630.0,
            "전세실거래가":8000.0,
            "전세가율":29.63,
            "장기전세가율평균":71.26,
            "전세가율거품지수":41.63,
            "검색코드":8192,
            "세대수":130.0,
            "준공년월":"1983-04-09",
            "준공년차":40.0,
            "가까운역이름":"인덕원",
            "가까운역거리":967.47,
            "역세권여부":"준역세권",
            "30분이내주요거점역":1,
            "30분거점역이름":"['평촌']",
            "1시간이내주요거점역":9,
            "1시간거점역이름":"['역삼', '여의도', '양재', '평촌', '가산디지털단지', '수원', '구로디지털단지', '명동', '안산']",
            "3km이내백화점수":1,
            "5km이내아울렛몰수":1,
            "1km이내대형먀트수":1,
            "500m이내은행수":4,
            "500m이내병원수":25,
            "5km이내대형병원수":4,
            "500m이내공원수":2,
            "3km이내혐오시설수":1,
            "초등학교학업성취도":89.97,
            "중학교학업성취도":72.5,
            "용적률":175,
            "건폐율":38,
            "Y":37.392853,
            "X":126.976577,
            "rank":48.0,
            "area_info":"17평(57.25), 17평(58.88), 19평(63.97), 19평(63.3), 20평(68.91)",
            "last_sales":"2019-10-29,27000.0,17평(57.25)",
            "rank_history":[
                [
                    "202202",
                    48
                ],
                [
                    "202201",
                    63
                ]
            ],
            "rank_gap":15
        },
        {
            "index":479,
            "아파트명":"평촌더샵아이파크",
            "투자타입":"일반",
            "전용면적(m2)":"82.15",
            "전용면적(평)":"24평",
            "법정동주소":"경기도 안양시 동안구 호계동 1287",
            "도로명주소":"경기도 안양시 동안구 경수대로610번길 36",
            "세대수":90,
            "입주년차":100,
            "용적률점수":"--",
            "건폐율점수":"--",
            "세대당주차수":60,
            "난방방식":100,
            "공급면적":"--",
            "전용률":"--",
            "욕실수":100,
            "현관타입":100,
            "주거총점":90.5,
            "지역구공급총점":0.0,
            "역세권":0,
            "30분내 이동가능 거점":20,
            "1시간내 이동가능 거점":80,
            "교통총점":22.0,
            "백화점":100,
            "아울렛몰":100,
            "대형마트":80,
            "은행":20,
            "병원":60,
            "종합병원":100,
            "공원":80,
            "혐오시설":0,
            "인프라총점":82.4,
            "초등학군":90.03,
            "중학군":54.08,
            "학군총점":61.27,
            "인구수":35.05,
            "인구증감":-3.82,
            "인구총점":23.389,
            "일자리":17.98,
            "소득수준":63.58,
            "일자리총점":31.66,
            "가치 총점":59.7105,
            "매매실거래년":20211218.0,
            "매매실거래가":121000.0,
            "전세실거래년":20220113.0,
            "전세실거래가":46200.0,
            "전세가율":44.94,
            "장기전세가율평균":71.26,
            "전세가율거품지수":26.32,
            "검색코드":113297,
            "세대수":1174.0,
            "준공년월":"2019-03-28",
            "준공년차":4.0,
            "가까운역이름":"금정",
            "가까운역거리":1426.99,
            "역세권여부":"비역세권",
            "30분이내주요거점역":1,
            "30분거점역이름":"['평촌']",
            "1시간이내주요거점역":8,
            "1시간거점역이름":"['강남', '역삼', '판교', '평촌', '가산디지털단지', '수원', '안산', '서현']",
            "3km이내백화점수":1,
            "5km이내아울렛몰수":2,
            "1km이내대형먀트수":1,
            "500m이내은행수":2,
            "500m이내병원수":26,
            "5km이내대형병원수":5,
            "500m이내공원수":1,
            "3km이내혐오시설수":0,
            "초등학교학업성취도":90.03,
            "중학교학업성취도":87.2,
            "용적률":273,
            "건폐율":19,
            "Y":37.376515,
            "X":126.958647,
            "rank":49.0,
            "area_info":"24평(82.15), 24평(82.52), 30평(100.56), 34평(112.77), 34평(112.68), 43평(142.79)",
            "last_sales":"2021-12-18,121000.0,34평(112.68)",
            "rank_history":[
                [
                    "202202",
                    49
                ],
                [
                    "202201",
                    45
                ]
            ],
            "rank_gap":-4
        },
        {
            "index":560,
            "아파트명":"호계신성미소지움",
            "투자타입":"일반",
            "전용면적(m2)":"80.29",
            "전용면적(평)":"24평",
            "법정동주소":"경기도 안양시 동안구 호계동 923-21",
            "도로명주소":"경기도 안양시 동안구 경수대로707번길 39",
            "세대수":30,
            "입주년차":40,
            "용적률점수":"--",
            "건폐율점수":"--",
            "세대당주차수":30,
            "난방방식":100,
            "공급면적":"--",
            "전용률":"--",
            "욕실수":50,
            "현관타입":100,
            "주거총점":48.0,
            "지역구공급총점":0.0,
            "역세권":50,
            "30분내 이동가능 거점":20,
            "1시간내 이동가능 거점":80,
            "교통총점":47.0,
            "백화점":100,
            "아울렛몰":80,
            "대형마트":100,
            "은행":0,
            "병원":30,
            "종합병원":100,
            "공원":100,
            "혐오시설":0,
            "인프라총점":79.0,
            "초등학군":89.97,
            "중학군":58.42,
            "학군총점":64.73,
            "인구수":35.05,
            "인구증감":-3.82,
            "인구총점":23.389,
            "일자리":17.98,
            "소득수준":63.58,
            "일자리총점":31.66,
            "가치 총점":59.4595,
            "매매실거래년":20210911.0,
            "매매실거래가":70000.0,
            "전세실거래년":20220119.0,
            "전세실거래가":34650.0,
            "전세가율":59.74,
            "장기전세가율평균":71.26,
            "전세가율거품지수":11.52,
            "검색코드":10509,
            "세대수":361.0,
            "준공년월":"2004-12-01",
            "준공년차":19.0,
            "가까운역이름":"범계",
            "가까운역거리":718.26,
            "역세권여부":"준역세권",
            "30분이내주요거점역":1,
            "30분거점역이름":"['평촌']",
            "1시간이내주요거점역":8,
            "1시간거점역이름":"['강남', '역삼', '여의도', '평촌', '가산디지털단지', '수원', '명동', '안산']",
            "3km이내백화점수":1,
            "5km이내아울렛몰수":1,
            "1km이내대형먀트수":2,
            "500m이내은행수":0,
            "500m이내병원수":7,
            "5km이내대형병원수":5,
            "500m이내공원수":12,
            "3km이내혐오시설수":0,
            "초등학교학업성취도":89.97,
            "중학교학업성취도":93.1,
            "용적률":303,
            "건폐율":21,
            "Y":37.38342,
            "X":126.94948,
            "rank":50.0,
            "area_info":"24평(80.29), 28평(95.21), 32평(106.34), 32평(106.71), 32평(106.68), 38평(128.13)",
            "last_sales":"2021-09-11,70000.0,32평(106.68)",
            "rank_history":[
                [
                    "202202",
                    50
                ],
                [
                    "202201",
                    57
                ]
            ],
            "rank_gap":7
        },
        {
            "index":51,
            "아파트명":"한가람두산",
            "투자타입":"재건축",
            "전용면적(m2)":"76.96",
            "전용면적(평)":"23평",
            "법정동주소":"경기도 안양시 동안구 관양동 1586-6",
            "도로명주소":"경기도 안양시 동안구 달안로 125",
            "세대수":50,
            "입주년차":"--",
            "용적률점수":20,
            "건폐율점수":100,
            "세대당주차수":"--",
            "난방방식":"--",
            "공급면적":50,
            "전용률":60,
            "욕실수":"--",
            "현관타입":"--",
            "주거총점":48.5,
            "지역구공급총점":0.0,
            "역세권":50,
            "30분내 이동가능 거점":20,
            "1시간내 이동가능 거점":100,
            "교통총점":51.0,
            "백화점":100,
            "아울렛몰":0,
            "대형마트":100,
            "은행":20,
            "병원":60,
            "종합병원":100,
            "공원":100,
            "혐오시설":-50,
            "인프라총점":75.0,
            "초등학군":89.99,
            "중학군":54.9,
            "학군총점":61.918,
            "인구수":35.05,
            "인구증감":-3.82,
            "인구총점":23.389,
            "일자리":17.98,
            "소득수준":63.58,
            "일자리총점":31.66,
            "가치 총점":59.3377,
            "매매실거래년":20210726.0,
            "매매실거래가":72000.0,
            "전세실거래년":20220128.0,
            "전세실거래가":36750.0,
            "전세가율":51.04,
            "장기전세가율평균":71.26,
            "전세가율거품지수":20.22,
            "검색코드":1461,
            "세대수":436.0,
            "준공년월":"1992-11-28",
            "준공년차":31.0,
            "가까운역이름":"평촌",
            "가까운역거리":835.34,
            "역세권여부":"준역세권",
            "30분이내주요거점역":1,
            "30분거점역이름":"['평촌']",
            "1시간이내주요거점역":13,
            "1시간거점역이름":"['강남', '역삼', '판교', '여의도', '양재', '정자', '수원시청', '평촌', '왕십리', '수원', '구로디지털단지', '명동', '안산']",
            "3km이내백화점수":1,
            "5km이내아울렛몰수":0,
            "1km이내대형먀트수":4,
            "500m이내은행수":2,
            "500m이내병원수":13,
            "5km이내대형병원수":5,
            "500m이내공원수":6,
            "3km이내혐오시설수":1,
            "초등학교학업성취도":89.99,
            "중학교학업성취도":89.7,
            "용적률":207,
            "건폐율":17,
            "Y":37.39873,
            "X":126.956258,
            "rank":51.0,
            "area_info":"23평(76.96), 31평(104.81)",
            "last_sales":"2021-07-26,72000.0,23평(76.96)",
            "rank_history":[
                [
                    "202202",
                    51
                ],
                [
                    "202201",
                    54
                ]
            ],
            "rank_gap":3
        },
        {
            "index":40,
            "아파트명":"창덕에버빌",
            "투자타입":"일반",
            "전용면적(m2)":"92.99",
            "전용면적(평)":"28평",
            "법정동주소":"경기도 안양시 동안구 관양동 1488-39",
            "도로명주소":"경기도 안양시 동안구 관악대로 488",
            "세대수":0,
            "입주년차":20,
            "용적률점수":"--",
            "건폐율점수":"--",
            "세대당주차수":60,
            "난방방식":100,
            "공급면적":"--",
            "전용률":"--",
            "욕실수":100,
            "현관타입":10,
            "주거총점":34.0,
            "지역구공급총점":0.0,
            "역세권":80,
            "30분내 이동가능 거점":20,
            "1시간내 이동가능 거점":100,
            "교통총점":66.0,
            "백화점":100,
            "아울렛몰":80,
            "대형마트":0,
            "은행":20,
            "병원":80,
            "종합병원":100,
            "공원":100,
            "혐오시설":0,
            "인프라총점":71.0,
            "초등학군":90.0,
            "중학군":44.62,
            "학군총점":53.696,
            "인구수":35.05,
            "인구증감":-3.82,
            "인구총점":23.389,
            "일자리":17.98,
            "소득수준":63.58,
            "일자리총점":31.66,
            "가치 총점":59.2544,
            "매매실거래년":20201209.0,
            "매매실거래가":73500.0,
            "전세실거래년":20210823.0,
            "전세실거래가":29400.0,
            "전세가율":60.62,
            "장기전세가율평균":71.26,
            "전세가율거품지수":10.64,
            "검색코드":10281,
            "세대수":160.0,
            "준공년월":"2000-10-24",
            "준공년차":23.0,
            "가까운역이름":"인덕원",
            "가까운역거리":132.01,
            "역세권여부":"역세권",
            "30분이내주요거점역":1,
            "30분거점역이름":"['평촌']",
            "1시간이내주요거점역":13,
            "1시간거점역이름":"['강남', '잠실', '판교', '여의도', '을지로입구', '을지로3가', '양재', '정자', '평촌', '왕십리', '홍대입구', '명동', '안산']",
            "3km이내백화점수":1,
            "5km이내아울렛몰수":1,
            "1km이내대형먀트수":0,
            "500m이내은행수":2,
            "500m이내병원수":43,
            "5km이내대형병원수":3,
            "500m이내공원수":3,
            "3km이내혐오시설수":0,
            "초등학교학업성취도":90.0,
            "중학교학업성취도":72.5,
            "용적률":803,
            "건폐율":66,
            "Y":37.402133,
            "X":126.975411,
            "rank":52.0,
            "area_info":"28평(92.99), 35평(117.03), 49평(164.65), 52평(172.96), 52평(173.31)",
            "last_sales":"2020-12-09,73500.0,52평(172.96)",
            "rank_history":[
                [
                    "202202",
                    52
                ],
                [
                    "202201",
                    49
                ]
            ],
            "rank_gap":-3
        },
        {
            "index":473,
            "아파트명":"평촌대성유니드",
            "투자타입":"일반",
            "전용면적(m2)":"65.36",
            "전용면적(평)":"19평",
            "법정동주소":"경기도 안양시 동안구 호계동 1294",
            "도로명주소":"경기도 안양시 동안구 안양천동로126번길 26",
            "세대수":0,
            "입주년차":100,
            "용적률점수":"--",
            "건폐율점수":"--",
            "세대당주차수":30,
            "난방방식":30,
            "공급면적":"--",
            "전용률":"--",
            "욕실수":50,
            "현관타입":100,
            "주거총점":42.5,
            "지역구공급총점":0.0,
            "역세권":50,
            "30분내 이동가능 거점":20,
            "1시간내 이동가능 거점":100,
            "교통총점":51.0,
            "백화점":100,
            "아울렛몰":80,
            "대형마트":100,
            "은행":0,
            "병원":30,
            "종합병원":100,
            "공원":100,
            "혐오시설":0,
            "인프라총점":79.0,
            "초등학군":90.01,
            "중학군":53.16,
            "학군총점":60.53,
            "인구수":35.05,
            "인구증감":-3.82,
            "인구총점":23.389,
            "일자리":17.98,
            "소득수준":63.58,
            "일자리총점":31.66,
            "가치 총점":59.1295,
            "매매실거래년":20211128.0,
            "매매실거래가":68000.0,
            "전세실거래년":20211206.0,
            "전세실거래가":33000.0,
            "전세가율":71.74,
            "장기전세가율평균":71.26,
            "전세가율거품지수":-0.48,
            "검색코드":115703,
            "세대수":203.0,
            "준공년월":"2019-04-25",
            "준공년차":4.0,
            "가까운역이름":"범계",
            "가까운역거리":697.63,
            "역세권여부":"준역세권",
            "30분이내주요거점역":1,
            "30분거점역이름":"['평촌']",
            "1시간이내주요거점역":12,
            "1시간거점역이름":"['강남', '역삼', '여의도', '수원시청', '평촌', '가산디지털단지', '왕십리', '홍대입구', '수원', '구로디지털단지', '명동', '안산']",
            "3km이내백화점수":1,
            "5km이내아울렛몰수":1,
            "1km이내대형먀트수":3,
            "500m이내은행수":1,
            "500m이내병원수":5,
            "5km이내대형병원수":5,
            "500m이내공원수":3,
            "3km이내혐오시설수":0,
            "초등학교학업성취도":90.01,
            "중학교학업성취도":86.6,
            "용적률":269,
            "건폐율":20,
            "Y":37.391864,
            "X":126.943352,
            "rank":53.0,
            "area_info":"19평(65.36), 19평(65.36), 25평(84.89), 25평(84.89), 25평(84.89), 25평(85.63)",
            "last_sales":"2021-11-28,68000.0,25평(84.89)",
            "rank_history":[
                [
                    "202202",
                    53
                ],
                [
                    "202201",
                    50
                ]
            ],
            "rank_gap":-3
        },
        {
            "index":553,
            "아파트명":"호계럭키",
            "투자타입":"재건축",
            "전용면적(m2)":"100.94",
            "전용면적(평)":"30평",
            "법정동주소":"경기도 안양시 동안구 호계동 570",
            "도로명주소":"경기도 안양시 동안구 경수대로623번길 46",
            "세대수":80,
            "입주년차":"--",
            "용적률점수":20,
            "건폐율점수":100,
            "세대당주차수":"--",
            "난방방식":"--",
            "공급면적":90,
            "전용률":80,
            "욕실수":"--",
            "현관타입":"--",
            "주거총점":60.5,
            "지역구공급총점":0.0,
            "역세권":50,
            "30분내 이동가능 거점":0,
            "1시간내 이동가능 거점":80,
            "교통총점":41.0,
            "백화점":100,
            "아울렛몰":80,
            "대형마트":80,
            "은행":20,
            "병원":60,
            "종합병원":100,
            "공원":80,
            "혐오시설":0,
            "인프라총점":80.4,
            "초등학군":90.04,
            "중학군":48.14,
            "학군총점":56.52,
            "인구수":35.05,
            "인구증감":-3.82,
            "인구총점":23.389,
            "일자리":17.98,
            "소득수준":63.58,
            "일자리총점":31.66,
            "가치 총점":59.048,
            "매매실거래년":20211127.0,
            "매매실거래가":74700.0,
            "전세실거래년":20220127.0,
            "전세실거래가":30450.0,
            "전세가율":40.76,
            "장기전세가율평균":71.26,
            "전세가율거품지수":30.5,
            "검색코드":2033,
            "세대수":794.0,
            "준공년월":"1992-12-26",
            "준공년차":31.0,
            "가까운역이름":"금정",
            "가까운역거리":860.02,
            "역세권여부":"준역세권",
            "30분이내주요거점역":0,
            "30분거점역이름":"[]",
            "1시간이내주요거점역":8,
            "1시간거점역이름":"['강남', '역삼', '여의도', '수원시청', '평촌', '가산디지털단지', '수원', '안산']",
            "3km이내백화점수":1,
            "5km이내아울렛몰수":1,
            "1km이내대형먀트수":1,
            "500m이내은행수":2,
            "500m이내병원수":13,
            "5km이내대형병원수":5,
            "500m이내공원수":1,
            "3km이내혐오시설수":0,
            "초등학교학업성취도":90.04,
            "중학교학업성취도":78.9,
            "용적률":214,
            "건폐율":17,
            "Y":37.376522,
            "X":126.951518,
            "rank":54.0,
            "area_info":"30평(100.94), 31평(103.81), 45평(148.81)",
            "last_sales":"2021-11-27,74700.0,30평(100.94)",
            "rank_history":[
                [
                    "202202",
                    54
                ],
                [
                    "202201",
                    48
                ]
            ],
            "rank_gap":-6
        },
        {
            "index":190,
            "아파트명":"비산화성파크드림",
            "투자타입":"일반",
            "전용면적(m2)":"90.83",
            "전용면적(평)":"27평",
            "법정동주소":"경기도 안양시 동안구 비산동 1166",
            "도로명주소":"경기도 안양시 동안구 경수대로 947",
            "세대수":0,
            "입주년차":80,
            "용적률점수":"--",
            "건폐율점수":"--",
            "세대당주차수":30,
            "난방방식":30,
            "공급면적":"--",
            "전용률":"--",
            "욕실수":50,
            "현관타입":100,
            "주거총점":38.5,
            "지역구공급총점":0.0,
            "역세권":50,
            "30분내 이동가능 거점":20,
            "1시간내 이동가능 거점":80,
            "교통총점":47.0,
            "백화점":100,
            "아울렛몰":100,
            "대형마트":100,
            "은행":0,
            "병원":80,
            "종합병원":100,
            "공원":100,
            "혐오시설":0,
            "인프라총점":86.0,
            "초등학군":90.04,
            "중학군":50.02,
            "학군총점":58.024,
            "인구수":35.05,
            "인구증감":-3.82,
            "인구총점":23.389,
            "일자리":17.98,
            "소득수준":63.58,
            "일자리총점":31.66,
            "가치 총점":58.6536,
            "매매실거래년":20210927.0,
            "매매실거래가":61500.0,
            "전세실거래년":null,
            "전세실거래가":null,
            "전세가율":null,
            "장기전세가율평균":71.26,
            "전세가율거품지수":null,
            "검색코드":108656,
            "세대수":191.0,
            "준공년월":"2014-10-24",
            "준공년차":9.0,
            "가까운역이름":"안양",
            "가까운역거리":824.39,
            "역세권여부":"준역세권",
            "30분이내주요거점역":1,
            "30분거점역이름":"['평촌']",
            "1시간이내주요거점역":8,
            "1시간거점역이름":"['여의도', '수원시청', '평촌', '가산디지털단지', '홍대입구', '수원', '구로디지털단지', '안산']",
            "3km이내백화점수":1,
            "5km이내아울렛몰수":2,
            "1km이내대형먀트수":3,
            "500m이내은행수":1,
            "500m이내병원수":37,
            "5km이내대형병원수":5,
            "500m이내공원수":4,
            "3km이내혐오시설수":0,
            "초등학교학업성취도":90.04,
            "중학교학업성취도":80.7,
            "용적률":678,
            "건폐율":58,
            "Y":37.398915,
            "X":126.931577,
            "rank":55.0,
            "area_info":"27평(90.83), 27평(91.53), 29평(98.98), 34평(114.31), 34평(114.38), 34평(114.4), 44평(145.86)",
            "last_sales":"2021-09-27,61500.0,44평(145.86)",
            "rank_history":[
                [
                    "202202",
                    55
                ],
                [
                    "202201",
                    59
                ]
            ],
            "rank_gap":4
        },
        {
            "index":250,
            "아파트명":"평촌자이아이파크",
            "투자타입":"일반",
            "전용면적(m2)":"59.1",
            "전용면적(평)":"17평",
            "법정동주소":"경기도 안양시 동안구 비산동 515-2",
            "도로명주소":"경기도 안양시 동안구 비산로 22",
            "세대수":100,
            "입주년차":100,
            "용적률점수":"--",
            "건폐율점수":"--",
            "세대당주차수":60,
            "난방방식":100,
            "공급면적":"--",
            "전용률":"--",
            "욕실수":50,
            "현관타입":10,
            "주거총점":80.0,
            "지역구공급총점":0.0,
            "역세권":50,
            "30분내 이동가능 거점":0,
            "1시간내 이동가능 거점":0,
            "교통총점":25.0,
            "백화점":100,
            "아울렛몰":100,
            "대형마트":100,
            "은행":0,
            "병원":60,
            "종합병원":100,
            "공원":100,
            "혐오시설":0,
            "인프라총점":84.0,
            "초등학군":89.99,
            "중학군":50.02,
            "학군총점":58.014,
            "인구수":35.05,
            "인구증감":-3.82,
            "인구총점":23.389,
            "일자리":17.98,
            "소득수준":63.58,
            "일자리총점":31.66,
            "가치 총점":58.6521,
            "매매실거래년":20211014.0,
            "매매실거래가":139580.0,
            "전세실거래년":null,
            "전세실거래가":null,
            "전세가율":null,
            "장기전세가율평균":71.26,
            "전세가율거품지수":null,
            "검색코드":124780,
            "세대수":2531.0,
            "준공년월":"2022-01-01",
            "준공년차":1.0,
            "가까운역이름":"안양",
            "가까운역거리":936.03,
            "역세권여부":"준역세권",
            "30분이내주요거점역":0,
            "30분거점역이름":"[]",
            "1시간이내주요거점역":0,
            "1시간거점역이름":"[]",
            "3km이내백화점수":1,
            "5km이내아울렛몰수":2,
            "1km이내대형먀트수":2,
            "500m이내은행수":1,
            "500m이내병원수":23,
            "5km이내대형병원수":4,
            "500m이내공원수":3,
            "3km이내혐오시설수":0,
            "초등학교학업성취도":89.99,
            "중학교학업성취도":80.7,
            "용적률":250,
            "건폐율":16,
            "Y":37.402569,
            "X":126.933399,
            "rank":56.0,
            "area_info":"17평(59.1), 20평(68.62), 21평(69.48), 20평(69.42), 21평(69.97), 25평(83.75), 25평(83.98), 25평(84.24), 30평(99.8), 30평(99.96), 30평(100.15), 34평(112.59), 34평(112.73), 39평(131.15)",
            "last_sales":"2021-10-14,139580.0,39평(131.15)",
            "rank_history":[
                [
                    "202202",
                    0
                ],
                [
                    "202201",
                    9999
                ]
            ],
            "rank_gap":9999
        },
        {
            "index":53,
            "아파트명":"한가람삼성",
            "투자타입":"일반",
            "전용면적(m2)":"83.77",
            "전용면적(평)":"25평",
            "법정동주소":"경기도 안양시 동안구 관양동 1586-5",
            "도로명주소":"경기도 안양시 동안구 학의로 146",
            "세대수":80,
            "입주년차":0,
            "용적률점수":"--",
            "건폐율점수":"--",
            "세대당주차수":0,
            "난방방식":100,
            "공급면적":"--",
            "전용률":"--",
            "욕실수":50,
            "현관타입":10,
            "주거총점":44.0,
            "지역구공급총점":0.0,
            "역세권":50,
            "30분내 이동가능 거점":20,
            "1시간내 이동가능 거점":100,
            "교통총점":51.0,
            "백화점":100,
            "아울렛몰":0,
            "대형마트":100,
            "은행":0,
            "병원":60,
            "종합병원":100,
            "공원":100,
            "혐오시설":0,
            "인프라총점":74.0,
            "초등학군":89.99,
            "중학군":54.9,
            "학군총점":61.918,
            "인구수":35.05,
            "인구증감":-3.82,
            "인구총점":23.389,
            "일자리":17.98,
            "소득수준":63.58,
            "일자리총점":31.66,
            "가치 총점":58.1377,
            "매매실거래년":20210623.0,
            "매매실거래가":88500.0,
            "전세실거래년":20220122.0,
            "전세실거래가":33000.0,
            "전세가율":51.72,
            "장기전세가율평균":71.26,
            "전세가율거품지수":19.54,
            "검색코드":1465,
            "세대수":708.0,
            "준공년월":"1995-01-28",
            "준공년차":28.0,
            "가까운역이름":"평촌",
            "가까운역거리":960.56,
            "역세권여부":"준역세권",
            "30분이내주요거점역":1,
            "30분거점역이름":"['평촌']",
            "1시간이내주요거점역":11,
            "1시간거점역이름":"['강남', '역삼', '판교', '여의도', '수원시청', '평촌', '가산디지털단지', '수원', '구로디지털단지', '명동', '안산']",
            "3km이내백화점수":1,
            "5km이내아울렛몰수":0,
            "1km이내대형먀트수":4,
            "500m이내은행수":0,
            "500m이내병원수":28,
            "5km이내대형병원수":5,
            "500m이내공원수":7,
            "3km이내혐오시설수":0,
            "초등학교학업성취도":89.99,
            "중학교학업성취도":89.7,
            "용적률":204,
            "건폐율":17,
            "Y":37.400142,
            "X":126.955888,
            "rank":57.0,
            "area_info":"25평(83.77), 32평(106.72)",
            "last_sales":"2021-06-23,88500.0,32평(106.72)",
            "rank_history":[
                [
                    "202202",
                    57
                ],
                [
                    "202201",
                    55
                ]
            ],
            "rank_gap":-2
        },
        {
            "index":299,
            "아파트명":"삼성래미안",
            "투자타입":"일반",
            "전용면적(m2)":"81.75",
            "전용면적(평)":"24평",
            "법정동주소":"경기도 안양시 동안구 평촌동 34",
            "도로명주소":"경기도 안양시 동안구 흥안대로456번길 66",
            "세대수":50,
            "입주년차":20,
            "용적률점수":"--",
            "건폐율점수":"--",
            "세대당주차수":0,
            "난방방식":30,
            "공급면적":"--",
            "전용률":"--",
            "욕실수":50,
            "현관타입":100,
            "주거총점":39.5,
            "지역구공급총점":0.0,
            "역세권":50,
            "30분내 이동가능 거점":20,
            "1시간내 이동가능 거점":90,
            "교통총점":49.0,
            "백화점":100,
            "아울렛몰":80,
            "대형마트":80,
            "은행":20,
            "병원":60,
            "종합병원":100,
            "공원":100,
            "혐오시설":0,
            "인프라총점":81.0,
            "초등학군":89.98,
            "중학군":49.96,
            "학군총점":57.964,
            "인구수":35.05,
            "인구증감":-3.82,
            "인구총점":23.389,
            "일자리":17.98,
            "소득수준":63.58,
            "일자리총점":31.66,
            "가치 총점":58.0446,
            "매매실거래년":20211222.0,
            "매매실거래가":88000.0,
            "전세실거래년":20180710.0,
            "전세실거래가":25000.0,
            "전세가율":35.71,
            "장기전세가율평균":71.26,
            "전세가율거품지수":35.55,
            "검색코드":8193,
            "세대수":535.0,
            "준공년월":"2000-05-29",
            "준공년차":23.0,
            "가까운역이름":"인덕원",
            "가까운역거리":959.69,
            "역세권여부":"준역세권",
            "30분이내주요거점역":1,
            "30분거점역이름":"['평촌']",
            "1시간이내주요거점역":9,
            "1시간거점역이름":"['역삼', '여의도', '양재', '평촌', '가산디지털단지', '수원', '구로디지털단지', '명동', '안산']",
            "3km이내백화점수":1,
            "5km이내아울렛몰수":1,
            "1km이내대형먀트수":1,
            "500m이내은행수":2,
            "500m이내병원수":20,
            "5km이내대형병원수":4,
            "500m이내공원수":2,
            "3km이내혐오시설수":0,
            "초등학교학업성취도":89.98,
            "중학교학업성취도":81.8,
            "용적률":356,
            "건폐율":23,
            "Y":37.393119,
            "X":126.979021,
            "rank":58.0,
            "area_info":"24평(81.75), 24평(82.03), 33평(109.72), 33평(109.54)",
            "last_sales":"2021-12-22,88000.0,33평(109.72)",
            "rank_history":[
                [
                    "202202",
                    58
                ],
                [
                    "202201",
                    74
                ]
            ],
            "rank_gap":16
        },
        {
            "index":510,
            "아파트명":"평촌어바인퍼스트",
            "투자타입":"일반",
            "전용면적(m2)":"57.64",
            "전용면적(평)":"17평",
            "법정동주소":"경기도 안양시 동안구 호계동 1296",
            "도로명주소":"경기도 안양시 동안구 경수대로 581",
            "세대수":100,
            "입주년차":100,
            "용적률점수":"--",
            "건폐율점수":"--",
            "세대당주차수":30,
            "난방방식":100,
            "공급면적":"--",
            "전용률":"--",
            "욕실수":50,
            "현관타입":100,
            "주거총점":84.5,
            "지역구공급총점":0.0,
            "역세권":0,
            "30분내 이동가능 거점":20,
            "1시간내 이동가능 거점":40,
            "교통총점":14.0,
            "백화점":100,
            "아울렛몰":100,
            "대형마트":80,
            "은행":100,
            "병원":80,
            "종합병원":100,
            "공원":80,
            "혐오시설":0,
            "인프라총점":92.4,
            "초등학군":90.04,
            "중학군":48.14,
            "학군총점":56.52,
            "인구수":35.05,
            "인구증감":-3.82,
            "인구총점":23.389,
            "일자리":17.98,
            "소득수준":63.58,
            "일자리총점":31.66,
            "가치 총점":57.998,
            "매매실거래년":20211108.0,
            "매매실거래가":65000.0,
            "전세실거래년":20220112.0,
            "전세실거래가":35000.0,
            "전세가율":71.28,
            "장기전세가율평균":71.26,
            "전세가율거품지수":-0.02,
            "검색코드":122682,
            "세대수":3850.0,
            "준공년월":"2021-01-01",
            "준공년차":2.0,
            "가까운역이름":"금정",
            "가까운역거리":1116.3,
            "역세권여부":"비역세권",
            "30분이내주요거점역":1,
            "30분거점역이름":"['평촌']",
            "1시간이내주요거점역":4,
            "1시간거점역이름":"['평촌', '가산디지털단지', '수원', '안산']",
            "3km이내백화점수":1,
            "5km이내아울렛몰수":2,
            "1km이내대형먀트수":1,
            "500m이내은행수":6,
            "500m이내병원수":53,
            "5km이내대형병원수":5,
            "500m이내공원수":1,
            "3km이내혐오시설수":0,
            "초등학교학업성취도":90.04,
            "중학교학업성취도":78.9,
            "용적률":265,
            "건폐율":18,
            "Y":37.372609,
            "X":126.956052,
            "rank":59.0,
            "area_info":"17평(57.64), 20평(67.65), 20평(67.96), 20평(68.41), 25평(85.42), 25평(85.88), 30평(101.34), 34평(114.34), 34평(115.12)",
            "last_sales":"2021-11-08,65000.0,25평(85.42)",
            "rank_history":[
                [
                    "202202",
                    59
                ],
                [
                    "202201",
                    51
                ]
            ],
            "rank_gap":-8
        },
        {
            "index":0,
            "아파트명":"공작럭키",
            "투자타입":"일반",
            "전용면적(m2)":"67.18",
            "전용면적(평)":"20평",
            "법정동주소":"경기도 안양시 동안구 관양동 1587",
            "도로명주소":"경기도 안양시 동안구 학의로 168",
            "세대수":80,
            "입주년차":0,
            "용적률점수":"--",
            "건폐율점수":"--",
            "세대당주차수":0,
            "난방방식":100,
            "공급면적":"--",
            "전용률":"--",
            "욕실수":50,
            "현관타입":10,
            "주거총점":44.0,
            "지역구공급총점":0.0,
            "역세권":50,
            "30분내 이동가능 거점":20,
            "1시간내 이동가능 거점":100,
            "교통총점":51.0,
            "백화점":100,
            "아울렛몰":0,
            "대형마트":100,
            "은행":0,
            "병원":80,
            "종합병원":100,
            "공원":100,
            "혐오시설":0,
            "인프라총점":76.0,
            "초등학군":89.99,
            "중학군":48.6,
            "학군총점":56.878,
            "인구수":35.05,
            "인구증감":-3.82,
            "인구총점":23.389,
            "일자리":17.98,
            "소득수준":63.58,
            "일자리총점":31.66,
            "가치 총점":57.9817,
            "매매실거래년":20211018.0,
            "매매실거래가":56000.0,
            "전세실거래년":20220124.0,
            "전세실거래가":23000.0,
            "전세가율":41.07,
            "장기전세가율평균":71.26,
            "전세가율거품지수":30.19,
            "검색코드":1460,
            "세대수":766.0,
            "준공년월":"1993-06-23",
            "준공년차":30.0,
            "가까운역이름":"평촌",
            "가까운역거리":930.8,
            "역세권여부":"준역세권",
            "30분이내주요거점역":1,
            "30분거점역이름":"['평촌']",
            "1시간이내주요거점역":11,
            "1시간거점역이름":"['강남', '역삼', '판교', '여의도', '수원시청', '평촌', '가산디지털단지', '수원', '구로디지털단지', '명동', '안산']",
            "3km이내백화점수":1,
            "5km이내아울렛몰수":0,
            "1km이내대형먀트수":3,
            "500m이내은행수":1,
            "500m이내병원수":52,
            "5km이내대형병원수":4,
            "500m이내공원수":6,
            "3km이내혐오시설수":0,
            "초등학교학업성취도":89.99,
            "중학교학업성취도":78.8,
            "용적률":214,
            "건폐율":28,
            "Y":37.400976,
            "X":126.957548,
            "rank":60.0,
            "area_info":"20평(67.18)",
            "last_sales":"2021-10-18,56000.0,20평(67.18)",
            "rank_history":[
                [
                    "202202",
                    60
                ],
                [
                    "202201",
                    56
                ]
            ],
            "rank_gap":-4
        },
        {
            "index":570,
            "아파트명":"호계임광그대가",
            "투자타입":"일반",
            "전용면적(m2)":"92.38",
            "전용면적(평)":"27평",
            "법정동주소":"경기도 안양시 동안구 호계동 923-35",
            "도로명주소":"경기도 안양시 동안구 경수대로685번길 12",
            "세대수":0,
            "입주년차":40,
            "용적률점수":"--",
            "건폐율점수":"--",
            "세대당주차수":30,
            "난방방식":30,
            "공급면적":"--",
            "전용률":"--",
            "욕실수":100,
            "현관타입":100,
            "주거총점":35.5,
            "지역구공급총점":0.0,
            "역세권":50,
            "30분내 이동가능 거점":20,
            "1시간내 이동가능 거점":90,
            "교통총점":49.0,
            "백화점":100,
            "아울렛몰":80,
            "대형마트":100,
            "은행":0,
            "병원":30,
            "종합병원":100,
            "공원":100,
            "혐오시설":0,
            "인프라총점":79.0,
            "초등학군":89.97,
            "중학군":58.42,
            "학군총점":64.73,
            "인구수":35.05,
            "인구증감":-3.82,
            "인구총점":23.389,
            "일자리":17.98,
            "소득수준":63.58,
            "일자리총점":31.66,
            "가치 총점":57.6595,
            "매매실거래년":20210821.0,
            "매매실거래가":66000.0,
            "전세실거래년":20211127.0,
            "전세실거래가":26000.0,
            "전세가율":65.16,
            "장기전세가율평균":71.26,
            "전세가율거품지수":6.1,
            "검색코드":13383,
            "세대수":148.0,
            "준공년월":"2005-12-29",
            "준공년차":18.0,
            "가까운역이름":"범계",
            "가까운역거리":714.58,
            "역세권여부":"준역세권",
            "30분이내주요거점역":1,
            "30분거점역이름":"['평촌']",
            "1시간이내주요거점역":9,
            "1시간거점역이름":"['강남', '역삼', '여의도', '양재', '평촌', '수원', '구로디지털단지', '명동', '안산']",
            "3km이내백화점수":1,
            "5km이내아울렛몰수":1,
            "1km이내대형먀트수":2,
            "500m이내은행수":0,
            "500m이내병원수":7,
            "5km이내대형병원수":5,
            "500m이내공원수":14,
            "3km이내혐오시설수":0,
            "초등학교학업성취도":89.97,
            "중학교학업성취도":93.1,
            "용적률":0,
            "건폐율":0,
            "Y":37.383377,
            "X":126.951265,
            "rank":61.0,
            "area_info":"27평(92.38), 32평(107.61)",
            "last_sales":"2021-08-21,66000.0,32평(107.61)",
            "rank_history":[
                [
                    "202202",
                    61
                ],
                [
                    "202201",
                    65
                ]
            ],
            "rank_gap":4
        },
        {
            "index":470,
            "아파트명":"진성",
            "투자타입":"재건축",
            "전용면적(m2)":"63.7",
            "전용면적(평)":"19평",
            "법정동주소":"경기도 안양시 동안구 호계동 914-36",
            "도로명주소":"경기도 안양시 동안구 시민대로110번길 11-18",
            "세대수":0,
            "입주년차":"--",
            "용적률점수":60,
            "건폐율점수":0,
            "세대당주차수":"--",
            "난방방식":"--",
            "공급면적":50,
            "전용률":100,
            "욕실수":"--",
            "현관타입":"--",
            "주거총점":31.5,
            "지역구공급총점":0.0,
            "역세권":50,
            "30분내 이동가능 거점":20,
            "1시간내 이동가능 거점":100,
            "교통총점":51.0,
            "백화점":100,
            "아울렛몰":80,
            "대형마트":100,
            "은행":0,
            "병원":30,
            "종합병원":100,
            "공원":100,
            "혐오시설":0,
            "인프라총점":79.0,
            "초등학군":89.97,
            "중학군":58.42,
            "학군총점":64.73,
            "인구수":35.05,
            "인구증감":-3.82,
            "인구총점":23.389,
            "일자리":17.98,
            "소득수준":63.58,
            "일자리총점":31.66,
            "가치 총점":57.5595,
            "매매실거래년":20200617.0,
            "매매실거래가":49300.0,
            "전세실거래년":20191029.0,
            "전세실거래가":11000.0,
            "전세가율":22.31,
            "장기전세가율평균":71.26,
            "전세가율거품지수":48.95,
            "검색코드":8981,
            "세대수":100.0,
            "준공년월":"1983-09-02",
            "준공년차":40.0,
            "가까운역이름":"범계",
            "가까운역거리":501.49,
            "역세권여부":"준역세권",
            "30분이내주요거점역":1,
            "30분거점역이름":"['평촌']",
            "1시간이내주요거점역":14,
            "1시간거점역이름":"['강남', '역삼', '여의도', '을지로3가', '양재', '수원시청', '평촌', '가산디지털단지', '왕십리', '홍대입구', '수원', '구로디지털단지', '명동', '안산']",
            "3km이내백화점수":1,
            "5km이내아울렛몰수":1,
            "1km이내대형먀트수":3,
            "500m이내은행수":1,
            "500m이내병원수":7,
            "5km이내대형병원수":5,
            "500m이내공원수":3,
            "3km이내혐오시설수":0,
            "초등학교학업성취도":89.97,
            "중학교학업성취도":93.1,
            "용적률":182,
            "건폐율":0,
            "Y":37.38659,
            "X":126.94681,
            "rank":62.0,
            "area_info":"19평(63.7), 20평(68.0)",
            "last_sales":"2020-06-17,49300.0,19평(63.7)",
            "rank_history":[
                [
                    "202202",
                    62
                ],
                [
                    "202201",
                    62
                ]
            ],
            "rank_gap":0
        },
        {
            "index":206,
            "아파트명":"샛별한양3단지",
            "투자타입":"일반",
            "전용면적(m2)":"55.81",
            "전용면적(평)":"16평",
            "법정동주소":"경기도 안양시 동안구 비산동 1101-8",
            "도로명주소":"경기도 안양시 동안구 달안로 75",
            "세대수":50,
            "입주년차":0,
            "용적률점수":"--",
            "건폐율점수":"--",
            "세대당주차수":0,
            "난방방식":100,
            "공급면적":"--",
            "전용률":"--",
            "욕실수":50,
            "현관타입":10,
            "주거총점":33.5,
            "지역구공급총점":0.0,
            "역세권":50,
            "30분내 이동가능 거점":20,
            "1시간내 이동가능 거점":100,
            "교통총점":51.0,
            "백화점":100,
            "아울렛몰":80,
            "대형마트":100,
            "은행":0,
            "병원":30,
            "종합병원":100,
            "공원":100,
            "혐오시설":0,
            "인프라총점":79.0,
            "초등학군":89.99,
            "중학군":54.9,
            "학군총점":61.918,
            "인구수":35.05,
            "인구증감":-3.82,
            "인구총점":23.389,
            "일자리":17.98,
            "소득수준":63.58,
            "일자리총점":31.66,
            "가치 총점":57.5377,
            "매매실거래년":20220105.0,
            "매매실거래가":50000.0,
            "전세실거래년":20220118.0,
            "전세실거래가":17000.0,
            "전세가율":34.0,
            "장기전세가율평균":71.26,
            "전세가율거품지수":37.26,
            "검색코드":22753,
            "세대수":638.0,
            "준공년월":"1993-04-30",
            "준공년차":30.0,
            "가까운역이름":"범계",
            "가까운역거리":819.89,
            "역세권여부":"준역세권",
            "30분이내주요거점역":1,
            "30분거점역이름":"['평촌']",
            "1시간이내주요거점역":11,
            "1시간거점역이름":"['강남', '역삼', '여의도', '양재', '수원시청', '평촌', '가산디지털단지', '수원', '구로디지털단지', '명동', '안산']",
            "3km이내백화점수":1,
            "5km이내아울렛몰수":1,
            "1km이내대형먀트수":5,
            "500m이내은행수":0,
            "500m이내병원수":7,
            "5km이내대형병원수":5,
            "500m이내공원수":7,
            "3km이내혐오시설수":0,
            "초등학교학업성취도":89.99,
            "중학교학업성취도":89.7,
            "용적률":208,
            "건폐율":16,
            "Y":37.397147,
            "X":126.95148,
            "rank":63.0,
            "area_info":"16평(55.81), 23평(78.81), 31평(105.21)",
            "last_sales":"2022-01-05,50000.0,16평(55.81)",
            "rank_history":[
                [
                    "202202",
                    63
                ],
                [
                    "202201",
                    58
                ]
            ],
            "rank_gap":-5
        },
        {
            "index":4,
            "아파트명":"공작성일",
            "투자타입":"일반",
            "전용면적(m2)":"55.01",
            "전용면적(평)":"16평",
            "법정동주소":"경기도 안양시 동안구 관양동 1587-5",
            "도로명주소":"경기도 안양시 동안구 달안로 153",
            "세대수":80,
            "입주년차":0,
            "용적률점수":"--",
            "건폐율점수":"--",
            "세대당주차수":0,
            "난방방식":100,
            "공급면적":"--",
            "전용률":"--",
            "욕실수":50,
            "현관타입":10,
            "주거총점":44.0,
            "지역구공급총점":0.0,
            "역세권":50,
            "30분내 이동가능 거점":20,
            "1시간내 이동가능 거점":100,
            "교통총점":51.0,
            "백화점":100,
            "아울렛몰":0,
            "대형마트":100,
            "은행":0,
            "병원":60,
            "종합병원":100,
            "공원":100,
            "혐오시설":-50,
            "인프라총점":73.0,
            "초등학군":89.99,
            "중학군":48.6,
            "학군총점":56.878,
            "인구수":35.05,
            "인구증감":-3.82,
            "인구총점":23.389,
            "일자리":17.98,
            "소득수준":63.58,
            "일자리총점":31.66,
            "가치 총점":57.0817,
            "매매실거래년":20211126.0,
            "매매실거래가":89900.0,
            "전세실거래년":20220125.0,
            "전세실거래가":25000.0,
            "전세가율":67.57,
            "장기전세가율평균":71.26,
            "전세가율거품지수":3.69,
            "검색코드":1462,
            "세대수":750.0,
            "준공년월":"1993-02-15",
            "준공년차":30.0,
            "가까운역이름":"평촌",
            "가까운역거리":744.86,
            "역세권여부":"준역세권",
            "30분이내주요거점역":1,
            "30분거점역이름":"['평촌']",
            "1시간이내주요거점역":12,
            "1시간거점역이름":"['강남', '역삼', '판교', '여의도', '양재', '수원시청', '평촌', '가산디지털단지', '수원', '구로디지털단지', '명동', '안산']",
            "3km이내백화점수":1,
            "5km이내아울렛몰수":0,
            "1km이내대형먀트수":4,
            "500m이내은행수":1,
            "500m이내병원수":16,
            "5km이내대형병원수":5,
            "500m이내공원수":7,
            "3km이내혐오시설수":1,
            "초등학교학업성취도":89.99,
            "중학교학업성취도":78.8,
            "용적률":209,
            "건폐율":21,
            "Y":37.399462,
            "X":126.958529,
            "rank":64.0,
            "area_info":"16평(55.01), 23평(76.83), 29평(96.5)",
            "last_sales":"2021-11-26,89900.0,29평(96.5)",
            "rank_history":[
                [
                    "202202",
                    64
                ],
                [
                    "202201",
                    60
                ]
            ],
            "rank_gap":-4
        },
        {
            "index":556,
            "아파트명":"호계신도브래뉴",
            "투자타입":"일반",
            "전용면적(m2)":"84.82",
            "전용면적(평)":"25평",
            "법정동주소":"경기도 안양시 동안구 호계동 923-28",
            "도로명주소":"경기도 안양시 동안구 경수대로707번길 57",
            "세대수":0,
            "입주년차":40,
            "용적률점수":"--",
            "건폐율점수":"--",
            "세대당주차수":0,
            "난방방식":30,
            "공급면적":"--",
            "전용률":"--",
            "욕실수":100,
            "현관타입":100,
            "주거총점":31.0,
            "지역구공급총점":0.0,
            "역세권":50,
            "30분내 이동가능 거점":20,
            "1시간내 이동가능 거점":90,
            "교통총점":49.0,
            "백화점":100,
            "아울렛몰":80,
            "대형마트":100,
            "은행":0,
            "병원":30,
            "종합병원":100,
            "공원":100,
            "혐오시설":0,
            "인프라총점":79.0,
            "초등학군":89.97,
            "중학군":58.42,
            "학군총점":64.73,
            "인구수":35.05,
            "인구증감":-3.82,
            "인구총점":23.389,
            "일자리":17.98,
            "소득수준":63.58,
            "일자리총점":31.66,
            "가치 총점":56.7595,
            "매매실거래년":20210505.0,
            "매매실거래가":55000.0,
            "전세실거래년":20220105.0,
            "전세실거래가":30000.0,
            "전세가율":68.97,
            "장기전세가율평균":71.26,
            "전세가율거품지수":2.29,
            "검색코드":10147,
            "세대수":203.0,
            "준공년월":"2004-10-15",
            "준공년차":19.0,
            "가까운역이름":"범계",
            "가까운역거리":721.79,
            "역세권여부":"준역세권",
            "30분이내주요거점역":1,
            "30분거점역이름":"['평촌']",
            "1시간이내주요거점역":9,
            "1시간거점역이름":"['강남', '역삼', '여의도', '수원시청', '평촌', '가산디지털단지', '수원', '명동', '안산']",
            "3km이내백화점수":1,
            "5km이내아울렛몰수":1,
            "1km이내대형먀트수":2,
            "500m이내은행수":1,
            "500m이내병원수":7,
            "5km이내대형병원수":5,
            "500m이내공원수":2,
            "3km이내혐오시설수":0,
            "초등학교학업성취도":89.97,
            "중학교학업성취도":93.1,
            "용적률":313,
            "건폐율":24,
            "Y":37.383551,
            "X":126.948564,
            "rank":65.0,
            "area_info":"25평(84.82), 25평(84.97), 32평(107.87), 33평(109.98)",
            "last_sales":"2021-05-05,55000.0,33평(109.98)",
            "rank_history":[
                [
                    "202202",
                    65
                ],
                [
                    "202201",
                    69
                ]
            ],
            "rank_gap":4
        },
        {
            "index":305,
            "아파트명":"인덕원대림1차",
            "투자타입":"일반",
            "전용면적(m2)":"79.74",
            "전용면적(평)":"24평",
            "법정동주소":"경기도 안양시 동안구 평촌동 93-1",
            "도로명주소":"경기도 안양시 동안구 흥안대로 446-20",
            "세대수":0,
            "입주년차":20,
            "용적률점수":"--",
            "건폐율점수":"--",
            "세대당주차수":0,
            "난방방식":30,
            "공급면적":"--",
            "전용률":"--",
            "욕실수":50,
            "현관타입":100,
            "주거총점":22.0,
            "지역구공급총점":0.0,
            "역세권":50,
            "30분내 이동가능 거점":20,
            "1시간내 이동가능 거점":100,
            "교통총점":51.0,
            "백화점":100,
            "아울렛몰":80,
            "대형마트":80,
            "은행":100,
            "병원":60,
            "종합병원":100,
            "공원":100,
            "혐오시설":-50,
            "인프라총점":88.0,
            "초등학군":89.97,
            "중학군":44.62,
            "학군총점":53.69,
            "인구수":35.05,
            "인구증감":-3.82,
            "인구총점":23.389,
            "일자리":17.98,
            "소득수준":63.58,
            "일자리총점":31.66,
            "가치 총점":56.7035,
            "매매실거래년":20201217.0,
            "매매실거래가":53000.0,
            "전세실거래년":20210619.0,
            "전세실거래가":39000.0,
            "전세가율":84.23,
            "장기전세가율평균":71.26,
            "전세가율거품지수":-12.97,
            "검색코드":25078,
            "세대수":180.0,
            "준공년월":"2000-10-30",
            "준공년차":23.0,
            "가까운역이름":"인덕원",
            "가까운역거리":905.57,
            "역세권여부":"준역세권",
            "30분이내주요거점역":1,
            "30분거점역이름":"['평촌']",
            "1시간이내주요거점역":10,
            "1시간거점역이름":"['역삼', '여의도', '양재', '수원시청', '평촌', '가산디지털단지', '수원', '구로디지털단지', '명동', '안산']",
            "3km이내백화점수":1,
            "5km이내아울렛몰수":1,
            "1km이내대형먀트수":1,
            "500m이내은행수":6,
            "500m이내병원수":25,
            "5km이내대형병원수":4,
            "500m이내공원수":2,
            "3km이내혐오시설수":1,
            "초등학교학업성취도":89.97,
            "중학교학업성취도":72.5,
            "용적률":325,
            "건폐율":26,
            "Y":37.393436,
            "X":126.975882,
            "rank":66.0,
            "area_info":"24평(79.74), 24평(80.02), 30평(100.55), 30평(101.43), 31평(104.03), 33평(109.23), 34평(113.19), 34평(113.26)",
            "last_sales":"2020-12-17,53000.0,34평(113.26)",
            "rank_history":[
                [
                    "202202",
                    66
                ],
                [
                    "202201",
                    80
                ]
            ],
            "rank_gap":14
        },
        {
            "index":178,
            "아파트명":"비산삼성래미안",
            "투자타입":"일반",
            "전용면적(m2)":"79.45",
            "전용면적(평)":"24평",
            "법정동주소":"경기도 안양시 동안구 비산동 425",
            "도로명주소":"경기도 안양시 동안구 관악대로 121",
            "세대수":100,
            "입주년차":20,
            "용적률점수":"--",
            "건폐율점수":"--",
            "세대당주차수":30,
            "난방방식":100,
            "공급면적":"--",
            "전용률":"--",
            "욕실수":100,
            "현관타입":100,
            "주거총점":73.5,
            "지역구공급총점":0.0,
            "역세권":0,
            "30분내 이동가능 거점":20,
            "1시간내 이동가능 거점":70,
            "교통총점":20.0,
            "백화점":100,
            "아울렛몰":80,
            "대형마트":100,
            "은행":20,
            "병원":80,
            "종합병원":100,
            "공원":100,
            "혐오시설":0,
            "인프라총점":86.0,
            "초등학군":89.93,
            "중학군":53.16,
            "학군총점":60.514,
            "인구수":35.05,
            "인구증감":-3.82,
            "인구총점":23.389,
            "일자리":17.98,
            "소득수준":63.58,
            "일자리총점":31.66,
            "가치 총점":56.5771,
            "매매실거래년":20211001.0,
            "매매실거래가":124700.0,
            "전세실거래년":20211127.0,
            "전세실거래가":36000.0,
            "전세가율":47.37,
            "장기전세가율평균":71.26,
            "전세가율거품지수":23.89,
            "검색코드":3079,
            "세대수":3806.0,
            "준공년월":"2003-12-24",
            "준공년차":20.0,
            "가까운역이름":"안양",
            "가까운역거리":1338.67,
            "역세권여부":"비역세권",
            "30분이내주요거점역":1,
            "30분거점역이름":"['평촌']",
            "1시간이내주요거점역":7,
            "1시간거점역이름":"['여의도', '수원시청', '평촌', '가산디지털단지', '수원', '구로디지털단지', '안산']",
            "3km이내백화점수":1,
            "5km이내아울렛몰수":1,
            "1km이내대형먀트수":2,
            "500m이내은행수":2,
            "500m이내병원수":34,
            "5km이내대형병원수":5,
            "500m이내공원수":3,
            "3km이내혐오시설수":0,
            "초등학교학업성취도":89.93,
            "중학교학업성취도":86.6,
            "용적률":359,
            "건폐율":18,
            "Y":37.400838,
            "X":126.937999,
            "rank":67.0,
            "area_info":"24평(79.45), 24평(81.66), 24평(81.26), 32평(108.26), 41평(138.43), 48평(159.66), 58평(194.06), 64평(213.8)",
            "last_sales":"2021-10-01,124700.0,64평(213.8)",
            "rank_history":[
                [
                    "202202",
                    67
                ],
                [
                    "202201",
                    72
                ]
            ],
            "rank_gap":5
        },
        {
            "index":585,
            "아파트명":"호계효성",
            "투자타입":"일반",
            "전용면적(m2)":"83.96",
            "전용면적(평)":"25평",
            "법정동주소":"경기도 안양시 동안구 호계동 912",
            "도로명주소":"경기도 안양시 동안구 시민대로110번길 43",
            "세대수":30,
            "입주년차":20,
            "용적률점수":"--",
            "건폐율점수":"--",
            "세대당주차수":30,
            "난방방식":30,
            "공급면적":"--",
            "전용률":"--",
            "욕실수":50,
            "현관타입":10,
            "주거총점":28.0,
            "지역구공급총점":0.0,
            "역세권":50,
            "30분내 이동가능 거점":20,
            "1시간내 이동가능 거점":100,
            "교통총점":51.0,
            "백화점":100,
            "아울렛몰":80,
            "대형마트":100,
            "은행":0,
            "병원":10,
            "종합병원":100,
            "공원":100,
            "혐오시설":0,
            "인프라총점":77.0,
            "초등학군":89.97,
            "중학군":58.42,
            "학군총점":64.73,
            "인구수":35.05,
            "인구증감":-3.82,
            "인구총점":23.389,
            "일자리":17.98,
            "소득수준":63.58,
            "일자리총점":31.66,
            "가치 총점":56.2595,
            "매매실거래년":20220124.0,
            "매매실거래가":75700.0,
            "전세실거래년":20211225.0,
            "전세실거래가":30000.0,
            "전세가율":63.83,
            "장기전세가율평균":71.26,
            "전세가율거품지수":7.43,
            "검색코드":8800,
            "세대수":370.0,
            "준공년월":"2000-10-14",
            "준공년차":23.0,
            "가까운역이름":"범계",
            "가까운역거리":554.94,
            "역세권여부":"준역세권",
            "30분이내주요거점역":1,
            "30분거점역이름":"['평촌']",
            "1시간이내주요거점역":10,
            "1시간거점역이름":"['강남', '역삼', '여의도', '양재', '수원시청', '평촌', '수원', '구로디지털단지', '명동', '안산']",
            "3km이내백화점수":1,
            "5km이내아울렛몰수":1,
            "1km이내대형먀트수":3,
            "500m이내은행수":1,
            "500m이내병원수":4,
            "5km이내대형병원수":5,
            "500m이내공원수":3,
            "3km이내혐오시설수":0,
            "초등학교학업성취도":89.97,
            "중학교학업성취도":93.1,
            "용적률":304,
            "건폐율":25,
            "Y":37.385719,
            "X":126.947178,
            "rank":68.0,
            "area_info":"25평(83.96), 32평(108.11), 46평(154.33)",
            "last_sales":"2022-01-24,75700.0,46평(154.33)",
            "rank_history":[
                [
                    "202202",
                    68
                ],
                [
                    "202201",
                    64
                ]
            ],
            "rank_gap":-4
        },
        {
            "index":313,
            "아파트명":"인덕원대림2차",
            "투자타입":"일반",
            "전용면적(m2)":"79.58",
            "전용면적(평)":"24평",
            "법정동주소":"경기도 안양시 동안구 평촌동 101",
            "도로명주소":"경기도 안양시 동안구 흥안대로414번길 39",
            "세대수":80,
            "입주년차":40,
            "용적률점수":"--",
            "건폐율점수":"--",
            "세대당주차수":30,
            "난방방식":100,
            "공급면적":"--",
            "전용률":"--",
            "욕실수":100,
            "현관타입":100,
            "주거총점":70.5,
            "지역구공급총점":0.0,
            "역세권":0,
            "30분내 이동가능 거점":20,
            "1시간내 이동가능 거점":90,
            "교통총점":24.0,
            "백화점":100,
            "아울렛몰":80,
            "대형마트":80,
            "은행":70,
            "병원":60,
            "종합병원":100,
            "공원":100,
            "혐오시설":-50,
            "인프라총점":85.0,
            "초등학군":89.97,
            "중학군":44.62,
            "학군총점":53.69,
            "인구수":35.05,
            "인구증감":-3.82,
            "인구총점":23.389,
            "일자리":17.98,
            "소득수준":63.58,
            "일자리총점":31.66,
            "가치 총점":56.0535,
            "매매실거래년":20220105.0,
            "매매실거래가":103000.0,
            "전세실거래년":20211206.0,
            "전세실거래가":46000.0,
            "전세가율":60.53,
            "장기전세가율평균":71.26,
            "전세가율거품지수":10.73,
            "검색코드":8194,
            "세대수":862.0,
            "준공년월":"2004-11-20",
            "준공년차":19.0,
            "가까운역이름":"인덕원",
            "가까운역거리":1064.82,
            "역세권여부":"비역세권",
            "30분이내주요거점역":1,
            "30분거점역이름":"['평촌']",
            "1시간이내주요거점역":9,
            "1시간거점역이름":"['역삼', '여의도', '양재', '평촌', '가산디지털단지', '수원', '구로디지털단지', '명동', '안산']",
            "3km이내백화점수":1,
            "5km이내아울렛몰수":1,
            "1km이내대형먀트수":1,
            "500m이내은행수":4,
            "500m이내병원수":23,
            "5km이내대형병원수":4,
            "500m이내공원수":2,
            "3km이내혐오시설수":1,
            "초등학교학업성취도":89.97,
            "중학교학업성취도":72.5,
            "용적률":275,
            "건폐율":19,
            "Y":37.391978,
            "X":126.976532,
            "rank":69.0,
            "area_info":"24평(79.58), 32평(107.47)",
            "last_sales":"2022-01-05,103000.0,32평(107.47)",
            "rank_history":[
                [
                    "202202",
                    69
                ],
                [
                    "202201",
                    81
                ]
            ],
            "rank_gap":12
        },
        {
            "index":597,
            "아파트명":"흥화브라운빌",
            "투자타입":"일반",
            "전용면적(m2)":"104.81",
            "전용면적(평)":"31평",
            "법정동주소":"경기도 안양시 동안구 호계동 337",
            "도로명주소":"경기도 안양시 동안구 경수대로623번길 60",
            "세대수":0,
            "입주년차":40,
            "용적률점수":"--",
            "건폐율점수":"--",
            "세대당주차수":0,
            "난방방식":30,
            "공급면적":"--",
            "전용률":"--",
            "욕실수":100,
            "현관타입":100,
            "주거총점":31.0,
            "지역구공급총점":0.0,
            "역세권":50,
            "30분내 이동가능 거점":20,
            "1시간내 이동가능 거점":90,
            "교통총점":49.0,
            "백화점":100,
            "아울렛몰":80,
            "대형마트":80,
            "은행":20,
            "병원":60,
            "종합병원":100,
            "공원":80,
            "혐오시설":0,
            "인프라총점":80.4,
            "초등학군":90.04,
            "중학군":48.14,
            "학군총점":56.52,
            "인구수":35.05,
            "인구증감":-3.82,
            "인구총점":23.389,
            "일자리":17.98,
            "소득수준":63.58,
            "일자리총점":31.66,
            "가치 총점":55.948,
            "매매실거래년":20210828.0,
            "매매실거래가":68000.0,
            "전세실거래년":20211103.0,
            "전세실거래가":32500.0,
            "전세가율":47.79,
            "장기전세가율평균":71.26,
            "전세가율거품지수":23.47,
            "검색코드":11958,
            "세대수":149.0,
            "준공년월":"2005-04-16",
            "준공년차":18.0,
            "가까운역이름":"금정",
            "가까운역거리":934.53,
            "역세권여부":"준역세권",
            "30분이내주요거점역":1,
            "30분거점역이름":"['평촌']",
            "1시간이내주요거점역":9,
            "1시간거점역이름":"['강남', '역삼', '여의도', '수원시청', '평촌', '가산디지털단지', '홍대입구', '수원', '안산']",
            "3km이내백화점수":1,
            "5km이내아울렛몰수":1,
            "1km이내대형먀트수":1,
            "500m이내은행수":2,
            "500m이내병원수":13,
            "5km이내대형병원수":5,
            "500m이내공원수":1,
            "3km이내혐오시설수":0,
            "초등학교학업성취도":90.04,
            "중학교학업성취도":78.9,
            "용적률":0,
            "건폐율":23,
            "Y":37.376352,
            "X":126.952639,
            "rank":70.0,
            "area_info":"31평(104.81)",
            "last_sales":"2021-08-28,68000.0,31평(104.81)",
            "rank_history":[
                [
                    "202202",
                    70
                ],
                [
                    "202201",
                    61
                ]
            ],
            "rank_gap":-9
        },
        {
            "index":174,
            "아파트명":"비산롯데캐슬",
            "투자타입":"일반",
            "전용면적(m2)":"72.81",
            "전용면적(평)":"22평",
            "법정동주소":"경기도 안양시 동안구 비산동 408",
            "도로명주소":"경기도 안양시 동안구 관악대로106번길 72",
            "세대수":90,
            "입주년차":20,
            "용적률점수":"--",
            "건폐율점수":"--",
            "세대당주차수":30,
            "난방방식":100,
            "공급면적":"--",
            "전용률":"--",
            "욕실수":50,
            "현관타입":100,
            "주거총점":65.0,
            "지역구공급총점":0.0,
            "역세권":0,
            "30분내 이동가능 거점":20,
            "1시간내 이동가능 거점":70,
            "교통총점":20.0,
            "백화점":100,
            "아울렛몰":80,
            "대형마트":100,
            "은행":70,
            "병원":60,
            "종합병원":100,
            "공원":100,
            "혐오시설":0,
            "인프라총점":89.0,
            "초등학군":89.93,
            "중학군":53.16,
            "학군총점":60.514,
            "인구수":35.05,
            "인구증감":-3.82,
            "인구총점":23.389,
            "일자리":17.98,
            "소득수준":63.58,
            "일자리총점":31.66,
            "가치 총점":55.7771,
            "매매실거래년":20211022.0,
            "매매실거래가":88000.0,
            "전세실거래년":20211209.0,
            "전세실거래가":36000.0,
            "전세가율":49.66,
            "장기전세가율평균":71.26,
            "전세가율거품지수":21.6,
            "검색코드":3078,
            "세대수":955.0,
            "준공년월":"2003-09-27",
            "준공년차":20.0,
            "가까운역이름":"범계",
            "가까운역거리":1345.22,
            "역세권여부":"비역세권",
            "30분이내주요거점역":1,
            "30분거점역이름":"['평촌']",
            "1시간이내주요거점역":7,
            "1시간거점역이름":"['여의도', '수원시청', '평촌', '가산디지털단지', '수원', '구로디지털단지', '안산']",
            "3km이내백화점수":1,
            "5km이내아울렛몰수":1,
            "1km이내대형먀트수":2,
            "500m이내은행수":3,
            "500m이내병원수":28,
            "5km이내대형병원수":5,
            "500m이내공원수":2,
            "3km이내혐오시설수":0,
            "초등학교학업성취도":89.93,
            "중학교학업성취도":86.6,
            "용적률":359,
            "건폐율":21,
            "Y":37.398343,
            "X":126.940033,
            "rank":71.0,
            "area_info":"22평(72.81), 31평(104.68), 32평(107.73), 41평(136.86)",
            "last_sales":"2021-10-22,88000.0,31평(104.68)",
            "rank_history":[
                [
                    "202202",
                    71
                ],
                [
                    "202201",
                    70
                ]
            ],
            "rank_gap":-1
        },
        {
            "index":464,
            "아파트명":"일신(920-4)",
            "투자타입":"일반",
            "전용면적(m2)":"78.65",
            "전용면적(평)":"23평",
            "법정동주소":"경기도 안양시 동안구 호계동 920-4",
            "도로명주소":"경기도 안양시 동안구 경수대로707번길 52",
            "세대수":0,
            "입주년차":0,
            "용적률점수":"--",
            "건폐율점수":"--",
            "세대당주차수":30,
            "난방방식":30,
            "공급면적":"--",
            "전용률":"--",
            "욕실수":50,
            "현관타입":100,
            "주거총점":22.5,
            "지역구공급총점":0.0,
            "역세권":50,
            "30분내 이동가능 거점":20,
            "1시간내 이동가능 거점":100,
            "교통총점":51.0,
            "백화점":100,
            "아울렛몰":80,
            "대형마트":100,
            "은행":0,
            "병원":30,
            "종합병원":100,
            "공원":100,
            "혐오시설":0,
            "인프라총점":79.0,
            "초등학군":89.97,
            "중학군":58.42,
            "학군총점":64.73,
            "인구수":35.05,
            "인구증감":-3.82,
            "인구총점":23.389,
            "일자리":17.98,
            "소득수준":63.58,
            "일자리총점":31.66,
            "가치 총점":55.7595,
            "매매실거래년":20211206.0,
            "매매실거래가":43000.0,
            "전세실거래년":20191228.0,
            "전세실거래가":12000.0,
            "전세가율":40.0,
            "장기전세가율평균":71.26,
            "전세가율거품지수":31.26,
            "검색코드":8799,
            "세대수":130.0,
            "준공년월":"1998-12-14",
            "준공년차":25.0,
            "가까운역이름":"범계",
            "가까운역거리":632.88,
            "역세권여부":"준역세권",
            "30분이내주요거점역":1,
            "30분거점역이름":"['평촌']",
            "1시간이내주요거점역":12,
            "1시간거점역이름":"['강남', '역삼', '여의도', '양재', '수원시청', '평촌', '가산디지털단지', '왕십리', '수원', '구로디지털단지', '명동', '안산']",
            "3km이내백화점수":1,
            "5km이내아울렛몰수":1,
            "1km이내대형먀트수":2,
            "500m이내은행수":1,
            "500m이내병원수":8,
            "5km이내대형병원수":5,
            "500m이내공원수":12,
            "3km이내혐오시설수":0,
            "초등학교학업성취도":89.97,
            "중학교학업성취도":93.1,
            "용적률":289,
            "건폐율":29,
            "Y":37.384415,
            "X":126.948461,
            "rank":72.0,
            "area_info":"23평(78.65), 24평(79.59), 32평(106.52)",
            "last_sales":"2021-12-06,43000.0,32평(106.52)",
            "rank_history":[
                [
                    "202202",
                    72
                ],
                [
                    "202201",
                    67
                ]
            ],
            "rank_gap":-5
        },
        {
            "index":186,
            "아파트명":"비산한화꿈에그린",
            "투자타입":"일반",
            "전용면적(m2)":"83.19",
            "전용면적(평)":"25평",
            "법정동주소":"경기도 안양시 동안구 비산동 572",
            "도로명주소":"경기도 안양시 동안구 경수대로883번길 33",
            "세대수":80,
            "입주년차":60,
            "용적률점수":"--",
            "건폐율점수":"--",
            "세대당주차수":30,
            "난방방식":100,
            "공급면적":"--",
            "전용률":"--",
            "욕실수":100,
            "현관타입":100,
            "주거총점":74.5,
            "지역구공급총점":0.0,
            "역세권":0,
            "30분내 이동가능 거점":20,
            "1시간내 이동가능 거점":60,
            "교통총점":18.0,
            "백화점":100,
            "아울렛몰":80,
            "대형마트":100,
            "은행":0,
            "병원":80,
            "종합병원":100,
            "공원":100,
            "혐오시설":0,
            "인프라총점":84.0,
            "초등학군":89.99,
            "중학군":53.16,
            "학군총점":60.526,
            "인구수":35.05,
            "인구증감":-3.82,
            "인구총점":23.389,
            "일자리":17.98,
            "소득수준":63.58,
            "일자리총점":31.66,
            "가치 총점":55.4789,
            "매매실거래년":20211025.0,
            "매매실거래가":60200.0,
            "전세실거래년":20220123.0,
            "전세실거래가":35000.0,
            "전세가율":58.14,
            "장기전세가율평균":71.26,
            "전세가율거품지수":13.12,
            "검색코드":25725,
            "세대수":774.0,
            "준공년월":"2009-11-19",
            "준공년차":14.0,
            "가까운역이름":"안양",
            "가까운역거리":1234.5,
            "역세권여부":"비역세권",
            "30분이내주요거점역":1,
            "30분거점역이름":"['평촌']",
            "1시간이내주요거점역":6,
            "1시간거점역이름":"['수원시청', '평촌', '가산디지털단지', '수원', '구로디지털단지', '안산']",
            "3km이내백화점수":1,
            "5km이내아울렛몰수":1,
            "1km이내대형먀트수":2,
            "500m이내은행수":1,
            "500m이내병원수":46,
            "5km이내대형병원수":5,
            "500m이내공원수":3,
            "3km이내혐오시설수":0,
            "초등학교학업성취도":89.99,
            "중학교학업성취도":86.6,
            "용적률":372,
            "건폐율":19,
            "Y":37.396552,
            "X":126.935326,
            "rank":73.0,
            "area_info":"25평(83.19), 33평(109.26), 42평(141.6), 49평(162.69)",
            "last_sales":"2021-10-25,60200.0,25평(83.19)",
            "rank_history":[
                [
                    "202202",
                    73
                ],
                [
                    "202201",
                    71
                ]
            ],
            "rank_gap":-2
        },
        {
            "index":543,
            "아파트명":"호계금호",
            "투자타입":"일반",
            "전용면적(m2)":"57.37",
            "전용면적(평)":"17평",
            "법정동주소":"경기도 안양시 동안구 호계동 282-31",
            "도로명주소":"경기도 안양시 동안구 귀인로80번길 5",
            "세대수":0,
            "입주년차":20,
            "용적률점수":"--",
            "건폐율점수":"--",
            "세대당주차수":30,
            "난방방식":30,
            "공급면적":"--",
            "전용률":"--",
            "욕실수":50,
            "현관타입":100,
            "주거총점":26.5,
            "지역구공급총점":0.0,
            "역세권":50,
            "30분내 이동가능 거점":20,
            "1시간내 이동가능 거점":100,
            "교통총점":51.0,
            "백화점":100,
            "아울렛몰":80,
            "대형마트":100,
            "은행":0,
            "병원":30,
            "종합병원":100,
            "공원":100,
            "혐오시설":0,
            "인프라총점":79.0,
            "초등학군":89.97,
            "중학군":48.14,
            "학군총점":56.506,
            "인구수":35.05,
            "인구증감":-3.82,
            "인구총점":23.389,
            "일자리":17.98,
            "소득수준":63.58,
            "일자리총점":31.66,
            "가치 총점":55.3259,
            "매매실거래년":20210517.0,
            "매매실거래가":40000.0,
            "전세실거래년":20210519.0,
            "전세실거래가":14500.0,
            "전세가율":96.67,
            "장기전세가율평균":71.26,
            "전세가율거품지수":-25.41,
            "검색코드":8812,
            "세대수":136.0,
            "준공년월":"2001-04-02",
            "준공년차":22.0,
            "가까운역이름":"범계",
            "가까운역거리":930.96,
            "역세권여부":"준역세권",
            "30분이내주요거점역":1,
            "30분거점역이름":"['평촌']",
            "1시간이내주요거점역":10,
            "1시간거점역이름":"['강남', '역삼', '여의도', '수원시청', '평촌', '가산디지털단지', '수원', '구로디지털단지', '명동', '안산']",
            "3km이내백화점수":1,
            "5km이내아울렛몰수":1,
            "1km이내대형먀트수":2,
            "500m이내은행수":0,
            "500m이내병원수":7,
            "5km이내대형병원수":5,
            "500m이내공원수":2,
            "3km이내혐오시설수":0,
            "초등학교학업성취도":89.97,
            "중학교학업성취도":78.9,
            "용적률":336,
            "건폐율":21,
            "Y":37.38164,
            "X":126.94841,
            "rank":74.0,
            "area_info":"17평(57.37), 22평(72.75), 40평(134.26), 65평(215.71)",
            "last_sales":"2021-05-17,40000.0,65평(215.71)",
            "rank_history":[
                [
                    "202202",
                    74
                ],
                [
                    "202201",
                    77
                ]
            ],
            "rank_gap":3
        },
        {
            "index":485,
            "아파트명":"평촌두산위브리버뷰",
            "투자타입":"일반",
            "전용면적(m2)":"57.12",
            "전용면적(평)":"17평",
            "법정동주소":"경기도 안양시 동안구 호계동 661-1",
            "도로명주소":"경기도 안양시 동안구 엘에스로45번길 30",
            "세대수":80,
            "입주년차":100,
            "용적률점수":"--",
            "건폐율점수":"--",
            "세대당주차수":30,
            "난방방식":30,
            "공급면적":"--",
            "전용률":"--",
            "욕실수":50,
            "현관타입":100,
            "주거총점":70.5,
            "지역구공급총점":0.0,
            "역세권":0,
            "30분내 이동가능 거점":20,
            "1시간내 이동가능 거점":60,
            "교통총점":18.0,
            "백화점":100,
            "아울렛몰":80,
            "대형마트":80,
            "은행":70,
            "병원":60,
            "종합병원":100,
            "공원":0,
            "혐오시설":0,
            "인프라총점":83.0,
            "초등학군":89.99,
            "중학군":53.42,
            "학군총점":60.734,
            "인구수":35.05,
            "인구증감":-3.82,
            "인구총점":23.389,
            "일자리":17.98,
            "소득수준":63.58,
            "일자리총점":31.66,
            "가치 총점":54.4101,
            "매매실거래년":20210118.0,
            "매매실거래가":80820.0,
            "전세실거래년":null,
            "전세실거래가":null,
            "전세가율":null,
            "장기전세가율평균":71.26,
            "전세가율거품지수":null,
            "검색코드":123900,
            "세대수":855.0,
            "준공년월":"2021-12-01",
            "준공년차":2.0,
            "가까운역이름":"금정",
            "가까운역거리":1045.17,
            "역세권여부":"비역세권",
            "30분이내주요거점역":1,
            "30분거점역이름":"['평촌']",
            "1시간이내주요거점역":6,
            "1시간거점역이름":"['역삼', '수원시청', '평촌', '가산디지털단지', '수원', '안산']",
            "3km이내백화점수":1,
            "5km이내아울렛몰수":1,
            "1km이내대형먀트수":1,
            "500m이내은행수":3,
            "500m이내병원수":11,
            "5km이내대형병원수":5,
            "500m이내공원수":0,
            "3km이내혐오시설수":0,
            "초등학교학업성취도":89.99,
            "중학교학업성취도":87.3,
            "용적률":0,
            "건폐율":0,
            "Y":37.366998,
            "X":126.953262,
            "rank":75.0,
            "area_info":"17평(57.12), 19평(66.11), 20평(67.15), 24평(80.15), 24평(81.18), 24평(81.27), 24평(82.23), 25평(84.9), 25평(85.45), 25평(85.26), 26평(87.75), 28평(93.52), 28평(94.83), 30평(99.46), 30평(99.69), 30평(101.49), 31평(102.76), 33평(111.31), 33평(111.61), 33평(111.33), 33평(112.16), 34평(113.82), 34평(114.27), 34평(115.31), 35평(115.76)",
            "last_sales":"2021-01-18,80820.0,35평(115.76)",
            "rank_history":[
                [
                    "202202",
                    75
                ],
                [
                    "202201",
                    73
                ]
            ],
            "rank_gap":-2
        },
        {
            "index":288,
            "아파트명":"꿈한신",
            "투자타입":"일반",
            "전용면적(m2)":"119.01",
            "전용면적(평)":"36평",
            "법정동주소":"경기도 안양시 동안구 평촌동 932-4",
            "도로명주소":"경기도 안양시 동안구 관평로 68",
            "세대수":50,
            "입주년차":0,
            "용적률점수":"--",
            "건폐율점수":"--",
            "세대당주차수":30,
            "난방방식":100,
            "공급면적":"--",
            "전용률":"--",
            "욕실수":100,
            "현관타입":100,
            "주거총점":52.0,
            "지역구공급총점":0.0,
            "역세권":0,
            "30분내 이동가능 거점":20,
            "1시간내 이동가능 거점":100,
            "교통총점":26.0,
            "백화점":100,
            "아울렛몰":100,
            "대형마트":80,
            "은행":20,
            "병원":60,
            "종합병원":100,
            "공원":100,
            "혐오시설":0,
            "인프라총점":83.0,
            "초등학군":90.04,
            "중학군":60.12,
            "학군총점":66.104,
            "인구수":35.05,
            "인구증감":-3.82,
            "인구총점":23.389,
            "일자리":17.98,
            "소득수준":63.58,
            "일자리총점":31.66,
            "가치 총점":54.3156,
            "매매실거래년":20210910.0,
            "매매실거래가":138000.0,
            "전세실거래년":20220126.0,
            "전세실거래가":70350.0,
            "전세가율":50.98,
            "장기전세가율평균":71.26,
            "전세가율거품지수":20.28,
            "검색코드":1452,
            "세대수":566.0,
            "준공년월":"1993-08-28",
            "준공년차":30.0,
            "가까운역이름":"평촌",
            "가까운역거리":1144.66,
            "역세권여부":"비역세권",
            "30분이내주요거점역":1,
            "30분거점역이름":"['평촌']",
            "1시간이내주요거점역":11,
            "1시간거점역이름":"['강남', '역삼', '잠실', '판교', '여의도', '평촌', '가산디지털단지', '수원', '구로디지털단지', '명동', '안산']",
            "3km이내백화점수":1,
            "5km이내아울렛몰수":2,
            "1km이내대형먀트수":1,
            "500m이내은행수":2,
            "500m이내병원수":17,
            "5km이내대형병원수":5,
            "500m이내공원수":4,
            "3km이내혐오시설수":0,
            "초등학교학업성취도":90.04,
            "중학교학업성취도":95.4,
            "용적률":206,
            "건폐율":18,
            "Y":37.384214,
            "X":126.966554,
            "rank":76.0,
            "area_info":"36평(119.01), 44평(145.46), 60평(201.65)",
            "last_sales":"2021-09-10,138000.0,36평(119.01)",
            "rank_history":[
                [
                    "202202",
                    76
                ],
                [
                    "202201",
                    68
                ]
            ],
            "rank_gap":-8
        },
        {
            "index":272,
            "아파트명":"꿈건영3단지",
            "투자타입":"일반",
            "전용면적(m2)":"123.27",
            "전용면적(평)":"37평",
            "법정동주소":"경기도 안양시 동안구 평촌동 933-7",
            "도로명주소":"경기도 안양시 동안구 귀인로 294",
            "세대수":30,
            "입주년차":0,
            "용적률점수":"--",
            "건폐율점수":"--",
            "세대당주차수":100,
            "난방방식":100,
            "공급면적":"--",
            "전용률":"--",
            "욕실수":100,
            "현관타입":100,
            "주거총점":55.5,
            "지역구공급총점":0.0,
            "역세권":0,
            "30분내 이동가능 거점":20,
            "1시간내 이동가능 거점":90,
            "교통총점":24.0,
            "백화점":100,
            "아울렛몰":100,
            "대형마트":80,
            "은행":20,
            "병원":60,
            "종합병원":100,
            "공원":100,
            "혐오시설":0,
            "인프라총점":83.0,
            "초등학군":90.02,
            "중학군":60.12,
            "학군총점":66.1,
            "인구수":35.05,
            "인구증감":-3.82,
            "인구총점":23.389,
            "일자리":17.98,
            "소득수준":63.58,
            "일자리총점":31.66,
            "가치 총점":54.315,
            "매매실거래년":20210822.0,
            "매매실거래가":132000.0,
            "전세실거래년":20211221.0,
            "전세실거래가":50000.0,
            "전세가율":37.88,
            "장기전세가율평균":71.26,
            "전세가율거품지수":33.38,
            "검색코드":1446,
            "세대수":386.0,
            "준공년월":"1994-04-29",
            "준공년차":29.0,
            "가까운역이름":"평촌",
            "가까운역거리":1162.36,
            "역세권여부":"비역세권",
            "30분이내주요거점역":1,
            "30분거점역이름":"['평촌']",
            "1시간이내주요거점역":9,
            "1시간거점역이름":"['역삼', '여의도', '양재', '수원시청', '평촌', '가산디지털단지', '수원', '명동', '안산']",
            "3km이내백화점수":1,
            "5km이내아울렛몰수":2,
            "1km이내대형먀트수":1,
            "500m이내은행수":2,
            "500m이내병원수":10,
            "5km이내대형병원수":5,
            "500m이내공원수":2,
            "3km이내혐오시설수":0,
            "초등학교학업성취도":90.02,
            "중학교학업성취도":95.4,
            "용적률":205,
            "건폐율":15,
            "Y":37.3859,
            "X":126.971736,
            "rank":77.0,
            "area_info":"37평(123.27), 47평(157.47), 50평(167.64)",
            "last_sales":"2021-08-22,132000.0,37평(123.27)",
            "rank_history":[
                [
                    "202202",
                    77
                ],
                [
                    "202201",
                    66
                ]
            ],
            "rank_gap":-11
        },
        {
            "index":342,
            "아파트명":"한일미래",
            "투자타입":"일반",
            "전용면적(m2)":"82.97",
            "전용면적(평)":"25평",
            "법정동주소":"경기도 안양시 동안구 평촌동 66-6",
            "도로명주소":"경기도 안양시 동안구 흥안대로456번길 40",
            "세대수":0,
            "입주년차":20,
            "용적률점수":"--",
            "건폐율점수":"--",
            "세대당주차수":0,
            "난방방식":30,
            "공급면적":"--",
            "전용률":"--",
            "욕실수":50,
            "현관타입":10,
            "주거총점":13.0,
            "지역구공급총점":0.0,
            "역세권":50,
            "30분내 이동가능 거점":20,
            "1시간내 이동가능 거점":90,
            "교통총점":49.0,
            "백화점":100,
            "아울렛몰":80,
            "대형마트":80,
            "은행":100,
            "병원":60,
            "종합병원":100,
            "공원":100,
            "혐오시설":-50,
            "인프라총점":88.0,
            "초등학군":89.98,
            "중학군":44.62,
            "학군총점":53.692,
            "인구수":35.05,
            "인구증감":-3.82,
            "인구총점":23.389,
            "일자리":17.98,
            "소득수준":63.58,
            "일자리총점":31.66,
            "가치 총점":54.2038,
            "매매실거래년":20210420.0,
            "매매실거래가":59000.0,
            "전세실거래년":20211201.0,
            "전세실거래가":28875.0,
            "전세가율":62.1,
            "장기전세가율평균":71.26,
            "전세가율거품지수":9.16,
            "검색코드":8185,
            "세대수":129.0,
            "준공년월":"1999-10-29",
            "준공년차":24.0,
            "가까운역이름":"인덕원",
            "가까운역거리":870.06,
            "역세권여부":"준역세권",
            "30분이내주요거점역":1,
            "30분거점역이름":"['평촌']",
            "1시간이내주요거점역":9,
            "1시간거점역이름":"['역삼', '여의도', '양재', '평촌', '가산디지털단지', '수원', '구로디지털단지', '명동', '안산']",
            "3km이내백화점수":1,
            "5km이내아울렛몰수":1,
            "1km이내대형먀트수":1,
            "500m이내은행수":5,
            "500m이내병원수":23,
            "5km이내대형병원수":4,
            "500m이내공원수":3,
            "3km이내혐오시설수":1,
            "초등학교학업성취도":89.98,
            "중학교학업성취도":72.5,
            "용적률":0,
            "건폐율":0,
            "Y":37.39377,
            "X":126.97773,
            "rank":78.0,
            "area_info":"25평(82.97), 27평(89.58), 34평(113.04)",
            "last_sales":"2021-04-20,59000.0,34평(113.04)",
            "rank_history":[
                [
                    "202202",
                    78
                ],
                [
                    "202201",
                    89
                ]
            ],
            "rank_gap":11
        },
        {
            "index":65,
            "아파트명":"한미",
            "투자타입":"재건축",
            "전용면적(m2)":"54.61",
            "전용면적(평)":"16평",
            "법정동주소":"경기도 안양시 동안구 관양동 1477",
            "도로명주소":"경기도 안양시 동안구 벌말로 163",
            "세대수":0,
            "입주년차":"--",
            "용적률점수":80,
            "건폐율점수":0,
            "세대당주차수":"--",
            "난방방식":"--",
            "공급면적":50,
            "전용률":60,
            "욕실수":"--",
            "현관타입":"--",
            "주거총점":37.5,
            "지역구공급총점":0.0,
            "역세권":50,
            "30분내 이동가능 거점":20,
            "1시간내 이동가능 거점":100,
            "교통총점":51.0,
            "백화점":100,
            "아울렛몰":80,
            "대형마트":0,
            "은행":20,
            "병원":60,
            "종합병원":100,
            "공원":100,
            "혐오시설":-50,
            "인프라총점":68.0,
            "초등학군":89.96,
            "중학군":44.62,
            "학군총점":53.688,
            "인구수":35.05,
            "인구증감":-3.82,
            "인구총점":23.389,
            "일자리":17.98,
            "소득수준":63.58,
            "일자리총점":31.66,
            "가치 총점":53.8032,
            "매매실거래년":20211127.0,
            "매매실거래가":59000.0,
            "전세실거래년":20210817.0,
            "전세실거래가":15000.0,
            "전세가율":25.42,
            "장기전세가율평균":71.26,
            "전세가율거품지수":45.84,
            "검색코드":1977,
            "세대수":220.0,
            "준공년월":"1986-05-23",
            "준공년차":37.0,
            "가까운역이름":"인덕원",
            "가까운역거리":532.89,
            "역세권여부":"준역세권",
            "30분이내주요거점역":1,
            "30분거점역이름":"['평촌']",
            "1시간이내주요거점역":15,
            "1시간거점역이름":"['강남', '역삼', '잠실', '여의도', '을지로입구', '을지로3가', '양재', '수원시청', '평촌', '가산디지털단지', '왕십리', '수원', '구로디지털단지', '명동', '안산']",
            "3km이내백화점수":1,
            "5km이내아울렛몰수":1,
            "1km이내대형먀트수":0,
            "500m이내은행수":2,
            "500m이내병원수":25,
            "5km이내대형병원수":3,
            "500m이내공원수":7,
            "3km이내혐오시설수":1,
            "초등학교학업성취도":89.96,
            "중학교학업성취도":72.5,
            "용적률":179,
            "건폐율":0,
            "Y":37.4028,
            "X":126.97089,
            "rank":79.0,
            "area_info":"16평(54.61), 17평(57.74), 19평(64.94), 22평(74.73)",
            "last_sales":"2021-11-27,59000.0,16평(54.61)",
            "rank_history":[
                [
                    "202202",
                    79
                ],
                [
                    "202201",
                    75
                ]
            ],
            "rank_gap":-4
        },
        {
            "index":158,
            "아파트명":"뉴타운6차",
            "투자타입":"재건축",
            "전용면적(m2)":"69.78",
            "전용면적(평)":"21평",
            "법정동주소":"경기도 안양시 동안구 비산동 361",
            "도로명주소":"경기도 안양시 동안구 동안로 268",
            "세대수":0,
            "입주년차":"--",
            "용적률점수":60,
            "건폐율점수":100,
            "세대당주차수":"--",
            "난방방식":"--",
            "공급면적":50,
            "전용률":80,
            "욕실수":"--",
            "현관타입":"--",
            "주거총점":50.5,
            "지역구공급총점":0.0,
            "역세권":0,
            "30분내 이동가능 거점":20,
            "1시간내 이동가능 거점":100,
            "교통총점":26.0,
            "백화점":100,
            "아울렛몰":80,
            "대형마트":100,
            "은행":20,
            "병원":60,
            "종합병원":100,
            "공원":100,
            "혐오시설":0,
            "인프라총점":84.0,
            "초등학군":90.0,
            "중학군":53.16,
            "학군총점":60.528,
            "인구수":35.05,
            "인구증감":-3.82,
            "인구총점":23.389,
            "일자리":17.98,
            "소득수준":63.58,
            "일자리총점":31.66,
            "가치 총점":53.4792,
            "매매실거래년":20210918.0,
            "매매실거래가":101000.0,
            "전세실거래년":20201206.0,
            "전세실거래가":9000.0,
            "전세가율":8.91,
            "장기전세가율평균":71.26,
            "전세가율거품지수":62.35,
            "검색코드":13918,
            "세대수":126.0,
            "준공년월":"1988-06-11",
            "준공년차":35.0,
            "가까운역이름":"범계",
            "가까운역거리":1294.3,
            "역세권여부":"비역세권",
            "30분이내주요거점역":1,
            "30분거점역이름":"['평촌']",
            "1시간이내주요거점역":10,
            "1시간거점역이름":"['강남', '역삼', '여의도', '수원시청', '평촌', '가산디지털단지', '수원', '구로디지털단지', '명동', '안산']",
            "3km이내백화점수":1,
            "5km이내아울렛몰수":1,
            "1km이내대형먀트수":2,
            "500m이내은행수":2,
            "500m이내병원수":15,
            "5km이내대형병원수":5,
            "500m이내공원수":3,
            "3km이내혐오시설수":0,
            "초등학교학업성취도":90.0,
            "중학교학업성취도":86.6,
            "용적률":182,
            "건폐율":15,
            "Y":37.400691,
            "X":126.945659,
            "rank":80.0,
            "area_info":"21평(69.78), 28평(94.42)",
            "last_sales":"2021-09-18,101000.0,21평(69.78)",
            "rank_history":[
                [
                    "202202",
                    80
                ],
                [
                    "202201",
                    78
                ]
            ],
            "rank_gap":-2
        },
        {
            "index":168,
            "아파트명":"비산e-편한세상",
            "투자타입":"일반",
            "전용면적(m2)":"80.12",
            "전용면적(평)":"24평",
            "법정동주소":"경기도 안양시 동안구 비산동 1165",
            "도로명주소":"경기도 안양시 동안구 관악대로 171",
            "세대수":50,
            "입주년차":40,
            "용적률점수":"--",
            "건폐율점수":"--",
            "세대당주차수":30,
            "난방방식":100,
            "공급면적":"--",
            "전용률":"--",
            "욕실수":100,
            "현관타입":100,
            "주거총점":60.0,
            "지역구공급총점":0.0,
            "역세권":0,
            "30분내 이동가능 거점":20,
            "1시간내 이동가능 거점":70,
            "교통총점":20.0,
            "백화점":100,
            "아울렛몰":80,
            "대형마트":100,
            "은행":20,
            "병원":60,
            "종합병원":100,
            "공원":100,
            "혐오시설":0,
            "인프라총점":84.0,
            "초등학군":89.93,
            "중학군":53.16,
            "학군총점":60.514,
            "인구수":35.05,
            "인구증감":-3.82,
            "인구총점":23.389,
            "일자리":17.98,
            "소득수준":63.58,
            "일자리총점":31.66,
            "가치 총점":53.2771,
            "매매실거래년":20210811.0,
            "매매실거래가":99000.0,
            "전세실거래년":20211013.0,
            "전세실거래가":40000.0,
            "전세가율":51.95,
            "장기전세가율평균":71.26,
            "전세가율거품지수":19.31,
            "검색코드":26320,
            "세대수":486.0,
            "준공년월":"2008-10-27",
            "준공년차":15.0,
            "가까운역이름":"범계",
            "가까운역거리":1348.45,
            "역세권여부":"비역세권",
            "30분이내주요거점역":1,
            "30분거점역이름":"['평촌']",
            "1시간이내주요거점역":7,
            "1시간거점역이름":"['여의도', '수원시청', '평촌', '가산디지털단지', '수원', '구로디지털단지', '안산']",
            "3km이내백화점수":1,
            "5km이내아울렛몰수":1,
            "1km이내대형먀트수":2,
            "500m이내은행수":2,
            "500m이내병원수":20,
            "5km이내대형병원수":5,
            "500m이내공원수":2,
            "3km이내혐오시설수":0,
            "초등학교학업성취도":89.93,
            "중학교학업성취도":86.6,
            "용적률":227,
            "건폐율":20,
            "Y":37.399959,
            "X":126.942484,
            "rank":81.0,
            "area_info":"24평(80.12), 32평(105.99), 32평(106.17), 32평(106.26), 45평(150.99), 45평(151.36)",
            "last_sales":"2021-08-11,99000.0,32평(106.26)",
            "rank_history":[
                [
                    "202202",
                    81
                ],
                [
                    "202201",
                    82
                ]
            ],
            "rank_gap":1
        },
        {
            "index":279,
            "아파트명":"꿈동아",
            "투자타입":"일반",
            "전용면적(m2)":"126.71",
            "전용면적(평)":"38평",
            "법정동주소":"경기도 안양시 동안구 평촌동 933-7",
            "도로명주소":"경기도 안양시 동안구 귀인로 294",
            "세대수":30,
            "입주년차":0,
            "용적률점수":"--",
            "건폐율점수":"--",
            "세대당주차수":60,
            "난방방식":30,
            "공급면적":"--",
            "전용률":"--",
            "욕실수":100,
            "현관타입":100,
            "주거총점":42.5,
            "지역구공급총점":0.0,
            "역세권":50,
            "30분내 이동가능 거점":0,
            "1시간내 이동가능 거점":0,
            "교통총점":25.0,
            "백화점":100,
            "아울렛몰":100,
            "대형마트":80,
            "은행":70,
            "병원":60,
            "종합병원":100,
            "공원":100,
            "혐오시설":-50,
            "인프라총점":87.0,
            "초등학군":90.02,
            "중학군":60.12,
            "학군총점":66.1,
            "인구수":35.05,
            "인구증감":-3.82,
            "인구총점":23.389,
            "일자리":17.98,
            "소득수준":63.58,
            "일자리총점":31.66,
            "가치 총점":53.265,
            "매매실거래년":20211214.0,
            "매매실거래가":120000.0,
            "전세실거래년":20220107.0,
            "전세실거래가":49350.0,
            "전세가율":41.47,
            "장기전세가율평균":71.26,
            "전세가율거품지수":29.79,
            "검색코드":1449,
            "세대수":372.0,
            "준공년월":"1994-04-29",
            "준공년차":29.0,
            "가까운역이름":"평촌",
            "가까운역거리":989.92,
            "역세권여부":"준역세권",
            "30분이내주요거점역":0,
            "30분거점역이름":"[]",
            "1시간이내주요거점역":0,
            "1시간거점역이름":"[]",
            "3km이내백화점수":1,
            "5km이내아울렛몰수":2,
            "1km이내대형먀트수":1,
            "500m이내은행수":4,
            "500m이내병원수":11,
            "5km이내대형병원수":5,
            "500m이내공원수":3,
            "3km이내혐오시설수":1,
            "초등학교학업성취도":90.02,
            "중학교학업성취도":95.4,
            "용적률":205,
            "건폐율":0,
            "Y":37.387881,
            "X":126.971664,
            "rank":82.0,
            "area_info":"38평(126.71), 47평(157.84)",
            "last_sales":"2021-12-14,120000.0,47평(157.84)",
            "rank_history":[
                [
                    "202202",
                    82
                ],
                [
                    "202201",
                    25
                ]
            ],
            "rank_gap":-57
        },
        {
            "index":432,
            "아파트명":"샘대우한양",
            "투자타입":"일반",
            "전용면적(m2)":"101.69",
            "전용면적(평)":"30평",
            "법정동주소":"경기도 안양시 동안구 호계동 1121",
            "도로명주소":"경기도 안양시 동안구 흥안대로223번길 47",
            "세대수":90,
            "입주년차":0,
            "용적률점수":"--",
            "건폐율점수":"--",
            "세대당주차수":60,
            "난방방식":100,
            "공급면적":"--",
            "전용률":"--",
            "욕실수":100,
            "현관타입":100,
            "주거총점":70.5,
            "지역구공급총점":0.0,
            "역세권":0,
            "30분내 이동가능 거점":20,
            "1시간내 이동가능 거점":50,
            "교통총점":16.0,
            "백화점":100,
            "아울렛몰":100,
            "대형마트":80,
            "은행":0,
            "병원":10,
            "종합병원":100,
            "공원":100,
            "혐오시설":0,
            "인프라총점":76.0,
            "초등학군":90.03,
            "중학군":60.04,
            "학군총점":66.038,
            "인구수":35.05,
            "인구증감":-3.82,
            "인구총점":23.389,
            "일자리":17.98,
            "소득수준":63.58,
            "일자리총점":31.66,
            "가치 총점":52.4057,
            "매매실거래년":20210701.0,
            "매매실거래가":139700.0,
            "전세실거래년":20160425.0,
            "전세실거래가":30000.0,
            "전세가율":65.22,
            "장기전세가율평균":71.26,
            "전세가율거품지수":6.04,
            "검색코드":1441,
            "세대수":1072.0,
            "준공년월":"1993-11-29",
            "준공년차":30.0,
            "가까운역이름":"금정",
            "가까운역거리":1945.28,
            "역세권여부":"비역세권",
            "30분이내주요거점역":1,
            "30분거점역이름":"['평촌']",
            "1시간이내주요거점역":5,
            "1시간거점역이름":"['수원시청', '평촌', '가산디지털단지', '수원', '안산']",
            "3km이내백화점수":1,
            "5km이내아울렛몰수":2,
            "1km이내대형먀트수":1,
            "500m이내은행수":1,
            "500m이내병원수":4,
            "5km이내대형병원수":5,
            "500m이내공원수":3,
            "3km이내혐오시설수":0,
            "초등학교학업성취도":90.03,
            "중학교학업성취도":96.2,
            "용적률":208,
            "건폐율":16,
            "Y":37.375983,
            "X":126.964928,
            "rank":83.0,
            "area_info":"30평(101.69), 32평(108.87), 32평(109.0), 33평(110.41), 37평(123.65), 37평(123.49), 43평(145.08), 49평(162.48), 49평(162.18), 53평(177.63), 60평(198.65), 59평(198.33)",
            "last_sales":"2021-07-01,139700.0,59평(198.33)",
            "rank_history":[
                [
                    "202202",
                    83
                ],
                [
                    "202201",
                    76
                ]
            ],
            "rank_gap":-7
        },
        {
            "index":269,
            "아파트명":"귀인마을현대홈타운",
            "투자타입":"일반",
            "전용면적(m2)":"81.36",
            "전용면적(평)":"24평",
            "법정동주소":"경기도 안양시 동안구 평촌동 314",
            "도로명주소":"경기도 안양시 동안구 귀인로 210",
            "세대수":90,
            "입주년차":20,
            "용적률점수":"--",
            "건폐율점수":"--",
            "세대당주차수":0,
            "난방방식":100,
            "공급면적":"--",
            "전용률":"--",
            "욕실수":50,
            "현관타입":100,
            "주거총점":60.5,
            "지역구공급총점":0.0,
            "역세권":0,
            "30분내 이동가능 거점":20,
            "1시간내 이동가능 거점":90,
            "교통총점":24.0,
            "백화점":100,
            "아울렛몰":100,
            "대형마트":0,
            "은행":20,
            "병원":80,
            "종합병원":100,
            "공원":100,
            "혐오시설":0,
            "인프라총점":73.0,
            "초등학군":90.04,
            "중학군":60.12,
            "학군총점":66.104,
            "인구수":35.05,
            "인구증감":-3.82,
            "인구총점":23.389,
            "일자리":17.98,
            "소득수준":63.58,
            "일자리총점":31.66,
            "가치 총점":52.3156,
            "매매실거래년":20211218.0,
            "매매실거래가":118000.0,
            "전세실거래년":20220119.0,
            "전세실거래가":48300.0,
            "전세가율":57.84,
            "장기전세가율평균":71.26,
            "전세가율거품지수":13.42,
            "검색코드":8626,
            "세대수":967.0,
            "준공년월":"2002-06-28",
            "준공년차":21.0,
            "가까운역이름":"평촌",
            "가까운역거리":1008.85,
            "역세권여부":"비역세권",
            "30분이내주요거점역":1,
            "30분거점역이름":"['평촌']",
            "1시간이내주요거점역":9,
            "1시간거점역이름":"['강남', '역삼', '여의도', '수원시청', '평촌', '가산디지털단지', '수원', '구로디지털단지', '안산']",
            "3km이내백화점수":1,
            "5km이내아울렛몰수":2,
            "1km이내대형먀트수":0,
            "500m이내은행수":2,
            "500m이내병원수":30,
            "5km이내대형병원수":5,
            "500m이내공원수":3,
            "3km이내혐오시설수":0,
            "초등학교학업성취도":90.04,
            "중학교학업성취도":95.4,
            "용적률":317,
            "건폐율":19,
            "Y":37.385278,
            "X":126.962531,
            "rank":84.0,
            "area_info":"24평(81.36), 27평(92.11), 33평(109.13)",
            "last_sales":"2021-12-18,118000.0,33평(109.13)",
            "rank_history":[
                [
                    "202202",
                    84
                ],
                [
                    "202201",
                    84
                ]
            ],
            "rank_gap":0
        },
        {
            "index":291,
            "아파트명":"꿈현대",
            "투자타입":"일반",
            "전용면적(m2)":"120.31",
            "전용면적(평)":"36평",
            "법정동주소":"경기도 안양시 동안구 평촌동 932-7",
            "도로명주소":"경기도 안양시 동안구 부림로 13",
            "세대수":30,
            "입주년차":0,
            "용적률점수":"--",
            "건폐율점수":"--",
            "세대당주차수":60,
            "난방방식":100,
            "공급면적":"--",
            "전용률":"--",
            "욕실수":100,
            "현관타입":100,
            "주거총점":49.5,
            "지역구공급총점":0.0,
            "역세권":0,
            "30분내 이동가능 거점":20,
            "1시간내 이동가능 거점":100,
            "교통총점":26.0,
            "백화점":100,
            "아울렛몰":100,
            "대형마트":80,
            "은행":0,
            "병원":30,
            "종합병원":100,
            "공원":100,
            "혐오시설":0,
            "인프라총점":78.0,
            "초등학군":90.02,
            "중학군":60.12,
            "학군총점":66.1,
            "인구수":35.05,
            "인구증감":-3.82,
            "인구총점":23.389,
            "일자리":17.98,
            "소득수준":63.58,
            "일자리총점":31.66,
            "가치 총점":52.315,
            "매매실거래년":20210928.0,
            "매매실거래가":142000.0,
            "전세실거래년":20211221.0,
            "전세실거래가":80000.0,
            "전세가율":56.34,
            "장기전세가율평균":71.26,
            "전세가율거품지수":14.92,
            "검색코드":1453,
            "세대수":386.0,
            "준공년월":"1993-11-13",
            "준공년차":30.0,
            "가까운역이름":"평촌",
            "가까운역거리":1087.16,
            "역세권여부":"비역세권",
            "30분이내주요거점역":1,
            "30분거점역이름":"['평촌']",
            "1시간이내주요거점역":10,
            "1시간거점역이름":"['강남', '역삼', '여의도', '수원시청', '평촌', '가산디지털단지', '수원', '구로디지털단지', '명동', '안산']",
            "3km이내백화점수":1,
            "5km이내아울렛몰수":2,
            "1km이내대형먀트수":1,
            "500m이내은행수":1,
            "500m이내병원수":8,
            "5km이내대형병원수":5,
            "500m이내공원수":2,
            "3km이내혐오시설수":0,
            "초등학교학업성취도":90.02,
            "중학교학업성취도":95.4,
            "용적률":207,
            "건폐율":16,
            "Y":37.385102,
            "X":126.9681,
            "rank":85.0,
            "area_info":"36평(120.31), 47평(157.79), 65평(217.56)",
            "last_sales":"2021-09-28,142000.0,36평(120.31)",
            "rank_history":[
                [
                    "202202",
                    85
                ],
                [
                    "202201",
                    79
                ]
            ],
            "rank_gap":-6
        },
        {
            "index":592,
            "아파트명":"흥화",
            "투자타입":"일반",
            "전용면적(m2)":"78.4",
            "전용면적(평)":"23평",
            "법정동주소":"경기도 안양시 동안구 호계동 927",
            "도로명주소":"경기도 안양시 동안구 귀인로98번길 13",
            "세대수":0,
            "입주년차":20,
            "용적률점수":"--",
            "건폐율점수":"--",
            "세대당주차수":30,
            "난방방식":30,
            "공급면적":"--",
            "전용률":"--",
            "욕실수":50,
            "현관타입":10,
            "주거총점":17.5,
            "지역구공급총점":0.0,
            "역세권":50,
            "30분내 이동가능 거점":20,
            "1시간내 이동가능 거점":80,
            "교통총점":47.0,
            "백화점":100,
            "아울렛몰":80,
            "대형마트":100,
            "은행":0,
            "병원":30,
            "종합병원":100,
            "공원":100,
            "혐오시설":0,
            "인프라총점":79.0,
            "초등학군":89.97,
            "중학군":48.14,
            "학군총점":56.506,
            "인구수":35.05,
            "인구증감":-3.82,
            "인구총점":23.389,
            "일자리":17.98,
            "소득수준":63.58,
            "일자리총점":31.66,
            "가치 총점":52.1259,
            "매매실거래년":20210519.0,
            "매매실거래가":52800.0,
            "전세실거래년":20211105.0,
            "전세실거래가":24600.0,
            "전세가율":64.74,
            "장기전세가율평균":71.26,
            "전세가율거품지수":6.52,
            "검색코드":2034,
            "세대수":195.0,
            "준공년월":"1999-08-18",
            "준공년차":24.0,
            "가까운역이름":"범계",
            "가까운역거리":900.14,
            "역세권여부":"준역세권",
            "30분이내주요거점역":1,
            "30분거점역이름":"['평촌']",
            "1시간이내주요거점역":8,
            "1시간거점역이름":"['강남', '역삼', '여의도', '평촌', '수원', '구로디지털단지', '명동', '안산']",
            "3km이내백화점수":1,
            "5km이내아울렛몰수":1,
            "1km이내대형먀트수":2,
            "500m이내은행수":1,
            "500m이내병원수":9,
            "5km이내대형병원수":5,
            "500m이내공원수":12,
            "3km이내혐오시설수":0,
            "초등학교학업성취도":89.97,
            "중학교학업성취도":78.9,
            "용적률":0,
            "건폐율":0,
            "Y":37.3817,
            "X":126.95104,
            "rank":86.0,
            "area_info":"23평(78.4), 28평(93.31), 33평(111.17), 33평(111.21), 33평(111.18)",
            "last_sales":"2021-05-19,52800.0,33평(111.21)",
            "rank_history":[
                [
                    "202202",
                    86
                ],
                [
                    "202201",
                    87
                ]
            ],
            "rank_gap":1
        },
        {
            "index":203,
            "아파트명":"샛별한양2단지",
            "투자타입":"일반",
            "전용면적(m2)":"54.14",
            "전용면적(평)":"16평",
            "법정동주소":"경기도 안양시 동안구 비산동 1101-6",
            "도로명주소":"경기도 안양시 동안구 학의로 98",
            "세대수":80,
            "입주년차":0,
            "용적률점수":"--",
            "건폐율점수":"--",
            "세대당주차수":30,
            "난방방식":100,
            "공급면적":"--",
            "전용률":"--",
            "욕실수":50,
            "현관타입":10,
            "주거총점":48.5,
            "지역구공급총점":0.0,
            "역세권":0,
            "30분내 이동가능 거점":20,
            "1시간내 이동가능 거점":90,
            "교통총점":24.0,
            "백화점":100,
            "아울렛몰":80,
            "대형마트":100,
            "은행":0,
            "병원":60,
            "종합병원":100,
            "공원":100,
            "혐오시설":0,
            "인프라총점":82.0,
            "초등학군":90.0,
            "중학군":54.9,
            "학군총점":61.92,
            "인구수":35.05,
            "인구증감":-3.82,
            "인구총점":23.389,
            "일자리":17.98,
            "소득수준":63.58,
            "일자리총점":31.66,
            "가치 총점":51.988,
            "매매실거래년":20211202.0,
            "매매실거래가":110000.0,
            "전세실거래년":20220117.0,
            "전세실거래가":18375.0,
            "전세가율":34.35,
            "장기전세가율평균":71.26,
            "전세가율거품지수":36.91,
            "검색코드":1454,
            "세대수":844.0,
            "준공년월":"1993-04-30",
            "준공년차":30.0,
            "가까운역이름":"범계",
            "가까운역거리":1016.57,
            "역세권여부":"비역세권",
            "30분이내주요거점역":1,
            "30분거점역이름":"['평촌']",
            "1시간이내주요거점역":9,
            "1시간거점역이름":"['역삼', '여의도', '수원시청', '평촌', '가산디지털단지', '수원', '구로디지털단지', '명동', '안산']",
            "3km이내백화점수":1,
            "5km이내아울렛몰수":1,
            "1km이내대형먀트수":3,
            "500m이내은행수":1,
            "500m이내병원수":14,
            "5km이내대형병원수":5,
            "500m이내공원수":8,
            "3km이내혐오시설수":0,
            "초등학교학업성취도":90.0,
            "중학교학업성취도":89.7,
            "용적률":208,
            "건폐율":15,
            "Y":37.398935,
            "X":126.95089,
            "rank":87.0,
            "area_info":"16평(54.14), 23평(78.73), 31평(103.48)",
            "last_sales":"2021-12-02,110000.0,31평(103.48)",
            "rank_history":[
                [
                    "202202",
                    87
                ],
                [
                    "202201",
                    85
                ]
            ],
            "rank_gap":-2
        },
        {
            "index":519,
            "아파트명":"평촌트루엘파크",
            "투자타입":"일반",
            "전용면적(m2)":"85.1",
            "전용면적(평)":"25평",
            "법정동주소":"경기도 안양시 동안구 호계동 1280",
            "도로명주소":"경기도 안양시 동안구 경수대로596번길 62-12",
            "세대수":0,
            "입주년차":80,
            "용적률점수":"--",
            "건폐율점수":"--",
            "세대당주차수":30,
            "난방방식":100,
            "공급면적":"--",
            "전용률":"--",
            "욕실수":100,
            "현관타입":100,
            "주거총점":50.5,
            "지역구공급총점":0.0,
            "역세권":0,
            "30분내 이동가능 거점":20,
            "1시간내 이동가능 거점":80,
            "교통총점":22.0,
            "백화점":100,
            "아울렛몰":100,
            "대형마트":80,
            "은행":20,
            "병원":60,
            "종합병원":100,
            "공원":80,
            "혐오시설":0,
            "인프라총점":82.4,
            "초등학군":90.03,
            "중학군":54.08,
            "학군총점":61.27,
            "인구수":35.05,
            "인구증감":-3.82,
            "인구총점":23.389,
            "일자리":17.98,
            "소득수준":63.58,
            "일자리총점":31.66,
            "가치 총점":51.7105,
            "매매실거래년":20210731.0,
            "매매실거래가":96500.0,
            "전세실거래년":20211120.0,
            "전세실거래가":55000.0,
            "전세가율":64.33,
            "장기전세가율평균":71.26,
            "전세가율거품지수":6.93,
            "검색코드":111921,
            "세대수":200.0,
            "준공년월":"2018-03-30",
            "준공년차":5.0,
            "가까운역이름":"금정",
            "가까운역거리":1509.87,
            "역세권여부":"비역세권",
            "30분이내주요거점역":1,
            "30분거점역이름":"['평촌']",
            "1시간이내주요거점역":8,
            "1시간거점역이름":"['강남', '잠실', '판교', '평촌', '가산디지털단지', '수원', '안산', '서현']",
            "3km이내백화점수":1,
            "5km이내아울렛몰수":2,
            "1km이내대형먀트수":1,
            "500m이내은행수":2,
            "500m이내병원수":26,
            "5km이내대형병원수":5,
            "500m이내공원수":1,
            "3km이내혐오시설수":0,
            "초등학교학업성취도":90.03,
            "중학교학업성취도":87.2,
            "용적률":264,
            "건폐율":22,
            "Y":37.376235,
            "X":126.959752,
            "rank":88.0,
            "area_info":"25평(85.1), 25평(85.92), 25평(85.78), 30평(99.18), 33평(109.42), 33평(109.74)",
            "last_sales":"2021-07-31,96500.0,30평(99.18)",
            "rank_history":[
                [
                    "202202",
                    88
                ],
                [
                    "202201",
                    83
                ]
            ],
            "rank_gap":-5
        },
        {
            "index":417,
            "아파트명":"범계마을LD",
            "투자타입":"일반",
            "전용면적(m2)":"79.37",
            "전용면적(평)":"24평",
            "법정동주소":"경기도 안양시 동안구 호계동 923-30",
            "도로명주소":"경기도 안양시 동안구 귀인로79번길 12",
            "세대수":0,
            "입주년차":20,
            "용적률점수":"--",
            "건폐율점수":"--",
            "세대당주차수":0,
            "난방방식":30,
            "공급면적":"--",
            "전용률":"--",
            "욕실수":50,
            "현관타입":10,
            "주거총점":13.0,
            "지역구공급총점":0.0,
            "역세권":50,
            "30분내 이동가능 거점":20,
            "1시간내 이동가능 거점":80,
            "교통총점":47.0,
            "백화점":100,
            "아울렛몰":80,
            "대형마트":100,
            "은행":0,
            "병원":30,
            "종합병원":100,
            "공원":100,
            "혐오시설":0,
            "인프라총점":79.0,
            "초등학군":89.97,
            "중학군":48.14,
            "학군총점":56.506,
            "인구수":35.05,
            "인구증감":-3.82,
            "인구총점":23.389,
            "일자리":17.98,
            "소득수준":63.58,
            "일자리총점":31.66,
            "가치 총점":51.2259,
            "매매실거래년":20211020.0,
            "매매실거래가":47000.0,
            "전세실거래년":20210710.0,
            "전세실거래가":24500.0,
            "전세가율":52.13,
            "장기전세가율평균":71.26,
            "전세가율거품지수":19.13,
            "검색코드":9061,
            "세대수":113.0,
            "준공년월":"1999-01-13",
            "준공년차":24.0,
            "가까운역이름":"범계",
            "가까운역거리":777.5,
            "역세권여부":"준역세권",
            "30분이내주요거점역":1,
            "30분거점역이름":"['평촌']",
            "1시간이내주요거점역":8,
            "1시간거점역이름":"['강남', '역삼', '여의도', '평촌', '가산디지털단지', '수원', '명동', '안산']",
            "3km이내백화점수":1,
            "5km이내아울렛몰수":1,
            "1km이내대형먀트수":2,
            "500m이내은행수":0,
            "500m이내병원수":7,
            "5km이내대형병원수":5,
            "500m이내공원수":2,
            "3km이내혐오시설수":0,
            "초등학교학업성취도":89.97,
            "중학교학업성취도":78.9,
            "용적률":303,
            "건폐율":30,
            "Y":37.382977,
            "X":126.948843,
            "rank":89.0,
            "area_info":"24평(79.37), 32평(107.26), 33평(112.09)",
            "last_sales":"2021-10-20,47000.0,24평(79.37)",
            "rank_history":[
                [
                    "202202",
                    89
                ],
                [
                    "202201",
                    95
                ]
            ],
            "rank_gap":6
        },
        {
            "index":84,
            "아파트명":"그린빌주공",
            "투자타입":"일반",
            "전용면적(m2)":"59.99",
            "전용면적(평)":"18평",
            "법정동주소":"경기도 안양시 동안구 비산동 1155",
            "도로명주소":"경기도 안양시 동안구 임곡로 43",
            "세대수":100,
            "입주년차":20,
            "용적률점수":"--",
            "건폐율점수":"--",
            "세대당주차수":30,
            "난방방식":100,
            "공급면적":"--",
            "전용률":"--",
            "욕실수":50,
            "현관타입":10,
            "주거총점":59.5,
            "지역구공급총점":0.0,
            "역세권":0,
            "30분내 이동가능 거점":20,
            "1시간내 이동가능 거점":80,
            "교통총점":22.0,
            "백화점":100,
            "아울렛몰":80,
            "대형마트":100,
            "은행":0,
            "병원":10,
            "종합병원":100,
            "공원":80,
            "혐오시설":0,
            "인프라총점":76.4,
            "초등학군":89.99,
            "중학군":50.02,
            "학군총점":58.014,
            "인구수":35.05,
            "인구증감":-3.82,
            "인구총점":23.389,
            "일자리":17.98,
            "소득수준":63.58,
            "일자리총점":31.66,
            "가치 총점":51.2221,
            "매매실거래년":20211119.0,
            "매매실거래가":66000.0,
            "전세실거래년":20220104.0,
            "전세실거래가":19000.0,
            "전세가율":56.72,
            "장기전세가율평균":71.26,
            "전세가율거품지수":14.54,
            "검색코드":3080,
            "세대수":2044.0,
            "준공년월":"2003-03-21",
            "준공년차":20.0,
            "가까운역이름":"안양",
            "가까운역거리":1009.31,
            "역세권여부":"비역세권",
            "30분이내주요거점역":1,
            "30분거점역이름":"['평촌']",
            "1시간이내주요거점역":8,
            "1시간거점역이름":"['여의도', '수원시청', '평촌', '가산디지털단지', '홍대입구', '수원', '구로디지털단지', '안산']",
            "3km이내백화점수":1,
            "5km이내아울렛몰수":1,
            "1km이내대형먀트수":2,
            "500m이내은행수":0,
            "500m이내병원수":2,
            "5km이내대형병원수":3,
            "500m이내공원수":1,
            "3km이내혐오시설수":0,
            "초등학교학업성취도":89.99,
            "중학교학업성취도":80.7,
            "용적률":225,
            "건폐율":16,
            "Y":37.406045,
            "X":126.932831,
            "rank":90.0,
            "area_info":"18평(59.99), 22평(74.79), 22평(74.88), 23평(78.26), 23평(78.26), 23평(78.26), 23평(78.31), 23평(78.28), 23평(78.26), 23평(78.26), 33평(110.68), 33평(110.95), 33평(110.68), 33평(110.68), 33평(110.95), 33평(110.68), 33평(110.68), 33평(110.98), 45평(150.13), 45평(150.13)",
            "last_sales":"2021-11-19,66000.0,33평(110.68)",
            "rank_history":[
                [
                    "202202",
                    90
                ],
                [
                    "202201",
                    94
                ]
            ],
            "rank_gap":4
        },
        {
            "index":197,
            "아파트명":"비산힐스테이트",
            "투자타입":"일반",
            "전용면적(m2)":"84.57",
            "전용면적(평)":"25평",
            "법정동주소":"경기도 안양시 동안구 비산동 576-7",
            "도로명주소":"경기도 안양시 동안구 안양천동로 162",
            "세대수":50,
            "입주년차":40,
            "용적률점수":"--",
            "건폐율점수":"--",
            "세대당주차수":0,
            "난방방식":30,
            "공급면적":"--",
            "전용률":"--",
            "욕실수":100,
            "현관타입":100,
            "주거총점":48.5,
            "지역구공급총점":0.0,
            "역세권":0,
            "30분내 이동가능 거점":20,
            "1시간내 이동가능 거점":90,
            "교통총점":24.0,
            "백화점":100,
            "아울렛몰":80,
            "대형마트":100,
            "은행":0,
            "병원":30,
            "종합병원":100,
            "공원":80,
            "혐오시설":0,
            "인프라총점":78.4,
            "초등학군":89.99,
            "중학군":53.16,
            "학군총점":60.526,
            "인구수":35.05,
            "인구증감":-3.82,
            "인구총점":23.389,
            "일자리":17.98,
            "소득수준":63.58,
            "일자리총점":31.66,
            "가치 총점":50.6989,
            "매매실거래년":20211215.0,
            "매매실거래가":64500.0,
            "전세실거래년":20211204.0,
            "전세실거래가":35280.0,
            "전세가율":54.7,
            "장기전세가율평균":71.26,
            "전세가율거품지수":16.56,
            "검색코드":13571,
            "세대수":551.0,
            "준공년월":"2005-11-09",
            "준공년차":18.0,
            "가까운역이름":"범계",
            "가까운역거리":1067.99,
            "역세권여부":"비역세권",
            "30분이내주요거점역":1,
            "30분거점역이름":"['평촌']",
            "1시간이내주요거점역":9,
            "1시간거점역이름":"['판교', '여의도', '수원시청', '평촌', '가산디지털단지', '홍대입구', '수원', '구로디지털단지', '안산']",
            "3km이내백화점수":1,
            "5km이내아울렛몰수":1,
            "1km이내대형먀트수":3,
            "500m이내은행수":1,
            "500m이내병원수":5,
            "5km이내대형병원수":5,
            "500m이내공원수":1,
            "3km이내혐오시설수":0,
            "초등학교학업성취도":89.99,
            "중학교학업성취도":86.6,
            "용적률":329,
            "건폐율":23,
            "Y":37.394345,
            "X":126.940161,
            "rank":91.0,
            "area_info":"25평(84.57), 31평(104.22), 43평(143.01)",
            "last_sales":"2021-12-15,64500.0,25평(84.57)",
            "rank_history":[
                [
                    "202202",
                    91
                ],
                [
                    "202201",
                    88
                ]
            ],
            "rank_gap":-3
        },
        {
            "index":277,
            "아파트명":"꿈금호",
            "투자타입":"일반",
            "전용면적(m2)":"123.24",
            "전용면적(평)":"37평",
            "법정동주소":"경기도 안양시 동안구 평촌동 932-2",
            "도로명주소":"경기도 안양시 동안구 관평로 88",
            "세대수":0,
            "입주년차":0,
            "용적률점수":"--",
            "건폐율점수":"--",
            "세대당주차수":60,
            "난방방식":30,
            "공급면적":"--",
            "전용률":"--",
            "욕실수":100,
            "현관타입":100,
            "주거총점":32.0,
            "지역구공급총점":0.0,
            "역세권":0,
            "30분내 이동가능 거점":20,
            "1시간내 이동가능 거점":100,
            "교통총점":26.0,
            "백화점":100,
            "아울렛몰":100,
            "대형마트":80,
            "은행":20,
            "병원":60,
            "종합병원":100,
            "공원":100,
            "혐오시설":0,
            "인프라총점":83.0,
            "초등학군":90.04,
            "중학군":60.12,
            "학군총점":66.104,
            "인구수":35.05,
            "인구증감":-3.82,
            "인구총점":23.389,
            "일자리":17.98,
            "소득수준":63.58,
            "일자리총점":31.66,
            "가치 총점":50.3156,
            "매매실거래년":20210715.0,
            "매매실거래가":156000.0,
            "전세실거래년":20211221.0,
            "전세실거래가":75000.0,
            "전세가율":76.53,
            "장기전세가율평균":71.26,
            "전세가율거품지수":-5.27,
            "검색코드":1448,
            "세대수":250.0,
            "준공년월":"1993-09-17",
            "준공년차":30.0,
            "가까운역이름":"평촌",
            "가까운역거리":1016.6,
            "역세권여부":"비역세권",
            "30분이내주요거점역":1,
            "30분거점역이름":"['평촌']",
            "1시간이내주요거점역":10,
            "1시간거점역이름":"['강남', '역삼', '판교', '여의도', '평촌', '가산디지털단지', '수원', '구로디지털단지', '명동', '안산']",
            "3km이내백화점수":1,
            "5km이내아울렛몰수":2,
            "1km이내대형먀트수":1,
            "500m이내은행수":2,
            "500m이내병원수":19,
            "5km이내대형병원수":5,
            "500m이내공원수":4,
            "3km이내혐오시설수":0,
            "초등학교학업성취도":90.04,
            "중학교학업성취도":95.4,
            "용적률":219,
            "건폐율":15,
            "Y":37.385328,
            "X":126.966177,
            "rank":92.0,
            "area_info":"37평(123.24), 47평(157.34)",
            "last_sales":"2021-07-15,156000.0,47평(157.34)",
            "rank_history":[
                [
                    "202202",
                    92
                ],
                [
                    "202201",
                    86
                ]
            ],
            "rank_gap":-6
        },
        {
            "index":62,
            "아파트명":"한가람한양",
            "투자타입":"일반",
            "전용면적(m2)":"55.12",
            "전용면적(평)":"16평",
            "법정동주소":"경기도 안양시 동안구 관양동 1586",
            "도로명주소":"경기도 안양시 동안구 학의로 120",
            "세대수":90,
            "입주년차":0,
            "용적률점수":"--",
            "건폐율점수":"--",
            "세대당주차수":30,
            "난방방식":100,
            "공급면적":"--",
            "전용률":"--",
            "욕실수":50,
            "현관타입":10,
            "주거총점":52.0,
            "지역구공급총점":0.0,
            "역세권":0,
            "30분내 이동가능 거점":20,
            "1시간내 이동가능 거점":90,
            "교통총점":24.0,
            "백화점":100,
            "아울렛몰":0,
            "대형마트":100,
            "은행":0,
            "병원":60,
            "종합병원":100,
            "공원":100,
            "혐오시설":0,
            "인프라총점":74.0,
            "초등학군":89.99,
            "중학군":54.9,
            "학군총점":61.918,
            "인구수":35.05,
            "인구증감":-3.82,
            "인구총점":23.389,
            "일자리":17.98,
            "소득수준":63.58,
            "일자리총점":31.66,
            "가치 총점":50.2877,
            "매매실거래년":20211019.0,
            "매매실거래가":57000.0,
            "전세실거래년":20220125.0,
            "전세실거래가":18900.0,
            "전세가율":33.16,
            "장기전세가율평균":71.26,
            "전세가율거품지수":38.1,
            "검색코드":3001,
            "세대수":952.0,
            "준공년월":"1995-05-25",
            "준공년차":28.0,
            "가까운역이름":"범계",
            "가까운역거리":1085.51,
            "역세권여부":"비역세권",
            "30분이내주요거점역":1,
            "30분거점역이름":"['평촌']",
            "1시간이내주요거점역":9,
            "1시간거점역이름":"['강남', '역삼', '여의도', '수원시청', '평촌', '가산디지털단지', '수원', '구로디지털단지', '안산']",
            "3km이내백화점수":1,
            "5km이내아울렛몰수":0,
            "1km이내대형먀트수":3,
            "500m이내은행수":0,
            "500m이내병원수":15,
            "5km이내대형병원수":5,
            "500m이내공원수":8,
            "3km이내혐오시설수":0,
            "초등학교학업성취도":89.99,
            "중학교학업성취도":89.7,
            "용적률":208,
            "건폐율":16,
            "Y":37.399361,
            "X":126.953245,
            "rank":93.0,
            "area_info":"16평(55.12), 24평(79.7), 31평(104.65)",
            "last_sales":"2021-10-19,57000.0,16평(55.12)",
            "rank_history":[
                [
                    "202202",
                    93
                ],
                [
                    "202201",
                    93
                ]
            ],
            "rank_gap":0
        },
        {
            "index":579,
            "아파트명":"호계현대홈타운2차",
            "투자타입":"일반",
            "전용면적(m2)":"82.16",
            "전용면적(평)":"24평",
            "법정동주소":"경기도 안양시 동안구 호계동 811",
            "도로명주소":"경기도 안양시 동안구 경수대로 462",
            "세대수":100,
            "입주년차":20,
            "용적률점수":"--",
            "건폐율점수":"--",
            "세대당주차수":30,
            "난방방식":100,
            "공급면적":"--",
            "전용률":"--",
            "욕실수":100,
            "현관타입":100,
            "주거총점":73.5,
            "지역구공급총점":0.0,
            "역세권":0,
            "30분내 이동가능 거점":0,
            "1시간내 이동가능 거점":30,
            "교통총점":6.0,
            "백화점":100,
            "아울렛몰":100,
            "대형마트":80,
            "은행":0,
            "병원":60,
            "종합병원":100,
            "공원":100,
            "혐오시설":0,
            "인프라총점":81.0,
            "초등학군":89.99,
            "중학군":53.42,
            "학군총점":60.734,
            "인구수":35.05,
            "인구증감":-3.82,
            "인구총점":23.389,
            "일자리":17.98,
            "소득수준":63.58,
            "일자리총점":31.66,
            "가치 총점":50.2101,
            "매매실거래년":20211225.0,
            "매매실거래가":73500.0,
            "전세실거래년":20220124.0,
            "전세실거래가":33075.0,
            "전세가율":68.91,
            "장기전세가율평균":71.26,
            "전세가율거품지수":2.35,
            "검색코드":3082,
            "세대수":1977.0,
            "준공년월":"2003-11-18",
            "준공년차":20.0,
            "가까운역이름":"군포",
            "가까운역거리":1711.13,
            "역세권여부":"비역세권",
            "30분이내주요거점역":0,
            "30분거점역이름":"[]",
            "1시간이내주요거점역":3,
            "1시간거점역이름":"['평촌', '가산디지털단지', '수원']",
            "3km이내백화점수":1,
            "5km이내아울렛몰수":2,
            "1km이내대형먀트수":1,
            "500m이내은행수":1,
            "500m이내병원수":26,
            "5km이내대형병원수":5,
            "500m이내공원수":3,
            "3km이내혐오시설수":0,
            "초등학교학업성취도":89.99,
            "중학교학업성취도":87.3,
            "용적률":350,
            "건폐율":18,
            "Y":37.365324,
            "X":126.960943,
            "rank":94.0,
            "area_info":"24평(82.16), 32평(107.52), 33평(111.61), 38평(126.75), 43평(144.81), 52평(172.16)",
            "last_sales":"2021-12-25,73500.0,33평(111.61)",
            "rank_history":[
                [
                    "202202",
                    94
                ],
                [
                    "202201",
                    105
                ]
            ],
            "rank_gap":11
        },
        {
            "index":458,
            "아파트명":"양우내안애팰리스",
            "투자타입":"일반",
            "전용면적(m2)":"101.27",
            "전용면적(평)":"30평",
            "법정동주소":"경기도 안양시 동안구 호계동 972-9",
            "도로명주소":"경기도 안양시 동안구 흥안대로94번길 68",
            "세대수":0,
            "입주년차":60,
            "용적률점수":"--",
            "건폐율점수":"--",
            "세대당주차수":60,
            "난방방식":30,
            "공급면적":"--",
            "전용률":"--",
            "욕실수":100,
            "현관타입":100,
            "주거총점":44.0,
            "지역구공급총점":0.0,
            "역세권":0,
            "30분내 이동가능 거점":20,
            "1시간내 이동가능 거점":40,
            "교통총점":14.0,
            "백화점":100,
            "아울렛몰":100,
            "대형마트":80,
            "은행":70,
            "병원":80,
            "종합병원":100,
            "공원":100,
            "혐오시설":0,
            "인프라총점":90.0,
            "초등학군":89.99,
            "중학군":53.42,
            "학군총점":60.734,
            "인구수":35.05,
            "인구증감":-3.82,
            "인구총점":23.389,
            "일자리":17.98,
            "소득수준":63.58,
            "일자리총점":31.66,
            "가치 총점":49.8101,
            "매매실거래년":20210923.0,
            "매매실거래가":48800.0,
            "전세실거래년":20190927.0,
            "전세실거래가":27000.0,
            "전세가율":80.6,
            "장기전세가율평균":71.26,
            "전세가율거품지수":-9.34,
            "검색코드":102095,
            "세대수":100.0,
            "준공년월":"2009-12-21",
            "준공년차":14.0,
            "가까운역이름":"금정",
            "가까운역거리":1354.88,
            "역세권여부":"비역세권",
            "30분이내주요거점역":1,
            "30분거점역이름":"['평촌']",
            "1시간이내주요거점역":4,
            "1시간거점역이름":"['평촌', '가산디지털단지', '수원', '안산']",
            "3km이내백화점수":1,
            "5km이내아울렛몰수":2,
            "1km이내대형먀트수":1,
            "500m이내은행수":3,
            "500m이내병원수":32,
            "5km이내대형병원수":5,
            "500m이내공원수":2,
            "3km이내혐오시설수":0,
            "초등학교학업성취도":89.99,
            "중학교학업성취도":87.3,
            "용적률":595,
            "건폐율":74,
            "Y":37.366614,
            "X":126.957041,
            "rank":95.0,
            "area_info":"30평(101.27), 34평(113.3), 34평(114.6), 34평(115.23), 34평(115.63), 40평(133.59)",
            "last_sales":"2021-09-23,48800.0,34평(115.23)",
            "rank_history":[
                [
                    "202202",
                    95
                ],
                [
                    "202201",
                    97
                ]
            ],
            "rank_gap":2
        },
        {
            "index":211,
            "아파트명":"안양비산대주파크빌",
            "투자타입":"일반",
            "전용면적(m2)":"77.5",
            "전용면적(평)":"23평",
            "법정동주소":"경기도 안양시 동안구 비산동 374",
            "도로명주소":"경기도 안양시 동안구 동안로 252",
            "세대수":0,
            "입주년차":40,
            "용적률점수":"--",
            "건폐율점수":"--",
            "세대당주차수":0,
            "난방방식":30,
            "공급면적":"--",
            "전용률":"--",
            "욕실수":100,
            "현관타입":100,
            "주거총점":31.0,
            "지역구공급총점":0.0,
            "역세권":0,
            "30분내 이동가능 거점":20,
            "1시간내 이동가능 거점":100,
            "교통총점":26.0,
            "백화점":100,
            "아울렛몰":80,
            "대형마트":100,
            "은행":20,
            "병원":60,
            "종합병원":100,
            "공원":100,
            "혐오시설":0,
            "인프라총점":84.0,
            "초등학군":90.0,
            "중학군":53.16,
            "학군총점":60.528,
            "인구수":35.05,
            "인구증감":-3.82,
            "인구총점":23.389,
            "일자리":17.98,
            "소득수준":63.58,
            "일자리총점":31.66,
            "가치 총점":49.5792,
            "매매실거래년":20200618.0,
            "매매실거래가":48900.0,
            "전세실거래년":20191123.0,
            "전세실거래가":24000.0,
            "전세가율":86.02,
            "장기전세가율평균":71.26,
            "전세가율거품지수":-14.76,
            "검색코드":13777,
            "세대수":131.0,
            "준공년월":"2005-08-03",
            "준공년차":18.0,
            "가까운역이름":"범계",
            "가까운역거리":1224.55,
            "역세권여부":"비역세권",
            "30분이내주요거점역":1,
            "30분거점역이름":"['평촌']",
            "1시간이내주요거점역":10,
            "1시간거점역이름":"['강남', '역삼', '여의도', '수원시청', '평촌', '가산디지털단지', '수원', '구로디지털단지', '명동', '안산']",
            "3km이내백화점수":1,
            "5km이내아울렛몰수":1,
            "1km이내대형먀트수":2,
            "500m이내은행수":2,
            "500m이내병원수":19,
            "5km이내대형병원수":5,
            "500m이내공원수":4,
            "3km이내혐오시설수":0,
            "초등학교학업성취도":90.0,
            "중학교학업성취도":86.6,
            "용적률":329,
            "건폐율":20,
            "Y":37.39984,
            "X":126.94513,
            "rank":96.0,
            "area_info":"23평(77.5), 33평(110.06), 33평(110.06), 33평(110.29)",
            "last_sales":"2020-06-18,48900.0,33평(110.29)",
            "rank_history":[
                [
                    "202202",
                    96
                ],
                [
                    "202201",
                    96
                ]
            ],
            "rank_gap":0
        },
        {
            "index":275,
            "아파트명":"꿈건영5단지",
            "투자타입":"일반",
            "전용면적(m2)":"123.25",
            "전용면적(평)":"37평",
            "법정동주소":"경기도 안양시 동안구 평촌동 933-6",
            "도로명주소":"경기도 안양시 동안구 부림로 10",
            "세대수":0,
            "입주년차":0,
            "용적률점수":"--",
            "건폐율점수":"--",
            "세대당주차수":30,
            "난방방식":100,
            "공급면적":"--",
            "전용률":"--",
            "욕실수":100,
            "현관타입":100,
            "주거총점":34.5,
            "지역구공급총점":0.0,
            "역세권":0,
            "30분내 이동가능 거점":20,
            "1시간내 이동가능 거점":100,
            "교통총점":26.0,
            "백화점":100,
            "아울렛몰":100,
            "대형마트":80,
            "은행":0,
            "병원":30,
            "종합병원":100,
            "공원":100,
            "혐오시설":0,
            "인프라총점":78.0,
            "초등학군":90.02,
            "중학군":60.12,
            "학군총점":66.1,
            "인구수":35.05,
            "인구증감":-3.82,
            "인구총점":23.389,
            "일자리":17.98,
            "소득수준":63.58,
            "일자리총점":31.66,
            "가치 총점":49.315,
            "매매실거래년":20210616.0,
            "매매실거래가":137000.0,
            "전세실거래년":20220108.0,
            "전세실거래가":54600.0,
            "전세가율":52.2,
            "장기전세가율평균":71.26,
            "전세가율거품지수":19.06,
            "검색코드":1447,
            "세대수":196.0,
            "준공년월":"1993-10-25",
            "준공년차":30.0,
            "가까운역이름":"평촌",
            "가까운역거리":1186.8,
            "역세권여부":"비역세권",
            "30분이내주요거점역":1,
            "30분거점역이름":"['평촌']",
            "1시간이내주요거점역":11,
            "1시간거점역이름":"['강남', '역삼', '여의도', '양재', '수원시청', '평촌', '가산디지털단지', '수원', '구로디지털단지', '명동', '안산']",
            "3km이내백화점수":1,
            "5km이내아울렛몰수":2,
            "1km이내대형먀트수":1,
            "500m이내은행수":1,
            "500m이내병원수":7,
            "5km이내대형병원수":5,
            "500m이내공원수":2,
            "3km이내혐오시설수":0,
            "초등학교학업성취도":90.02,
            "중학교학업성취도":95.4,
            "용적률":207,
            "건폐율":19,
            "Y":37.384822,
            "X":126.970091,
            "rank":97.0,
            "area_info":"37평(123.25), 47평(157.69)",
            "last_sales":"2021-06-16,137000.0,47평(157.69)",
            "rank_history":[
                [
                    "202202",
                    97
                ],
                [
                    "202201",
                    90
                ]
            ],
            "rank_gap":-7
        },
        {
            "index":450,
            "아파트명":"샘우방",
            "투자타입":"재건축",
            "전용면적(m2)":"121.3",
            "전용면적(평)":"36평",
            "법정동주소":"경기도 안양시 동안구 호계동 1116",
            "도로명주소":"경기도 안양시 동안구 흥안대로249번길 18",
            "세대수":50,
            "입주년차":"--",
            "용적률점수":20,
            "건폐율점수":100,
            "세대당주차수":"--",
            "난방방식":"--",
            "공급면적":100,
            "전용률":80,
            "욕실수":"--",
            "현관타입":"--",
            "주거총점":52.0,
            "지역구공급총점":0.0,
            "역세권":0,
            "30분내 이동가능 거점":20,
            "1시간내 이동가능 거점":50,
            "교통총점":16.0,
            "백화점":100,
            "아울렛몰":100,
            "대형마트":80,
            "은행":20,
            "병원":10,
            "종합병원":100,
            "공원":100,
            "혐오시설":0,
            "인프라총점":78.0,
            "초등학군":90.04,
            "중학군":57.86,
            "학군총점":64.296,
            "인구수":35.05,
            "인구증감":-3.82,
            "인구총점":23.389,
            "일자리":17.98,
            "소득수준":63.58,
            "일자리총점":31.66,
            "가치 총점":49.0444,
            "매매실거래년":20210904.0,
            "매매실거래가":103000.0,
            "전세실거래년":20211209.0,
            "전세실거래가":46200.0,
            "전세가율":44.85,
            "장기전세가율평균":71.26,
            "전세가율거품지수":26.41,
            "검색코드":1443,
            "세대수":488.0,
            "준공년월":"1992-12-17",
            "준공년차":31.0,
            "가까운역이름":"평촌",
            "가까운역거리":1781.92,
            "역세권여부":"비역세권",
            "30분이내주요거점역":1,
            "30분거점역이름":"['평촌']",
            "1시간이내주요거점역":5,
            "1시간거점역이름":"['여의도', '수원시청', '평촌', '가산디지털단지', '수원']",
            "3km이내백화점수":1,
            "5km이내아울렛몰수":2,
            "1km이내대형먀트수":1,
            "500m이내은행수":2,
            "500m이내병원수":4,
            "5km이내대형병원수":5,
            "500m이내공원수":3,
            "3km이내혐오시설수":0,
            "초등학교학업성취도":90.04,
            "중학교학업성취도":91.7,
            "용적률":206,
            "건폐율":15,
            "Y":37.378747,
            "X":126.968808,
            "rank":98.0,
            "area_info":"36평(121.3), 48평(160.65)",
            "last_sales":"2021-09-04,103000.0,36평(121.3)",
            "rank_history":[
                [
                    "202202",
                    98
                ],
                [
                    "202201",
                    92
                ]
            ],
            "rank_gap":-6
        },
        {
            "index":69,
            "아파트명":"현대",
            "투자타입":"재건축",
            "전용면적(m2)":"108.53",
            "전용면적(평)":"32평",
            "법정동주소":"경기도 안양시 동안구 관양동 1396",
            "도로명주소":"경기도 안양시 동안구 관평로 333",
            "세대수":90,
            "입주년차":"--",
            "용적률점수":80,
            "건폐율점수":100,
            "세대당주차수":"--",
            "난방방식":"--",
            "공급면적":90,
            "전용률":60,
            "욕실수":"--",
            "현관타입":"--",
            "주거총점":86.5,
            "지역구공급총점":0.0,
            "역세권":0,
            "30분내 이동가능 거점":20,
            "1시간내 이동가능 거점":40,
            "교통총점":14.0,
            "백화점":100,
            "아울렛몰":0,
            "대형마트":0,
            "은행":0,
            "병원":80,
            "종합병원":100,
            "공원":100,
            "혐오시설":0,
            "인프라총점":61.0,
            "초등학군":89.96,
            "중학군":45.82,
            "학군총점":54.648,
            "인구수":35.05,
            "인구증감":-3.82,
            "인구총점":23.389,
            "일자리":17.98,
            "소득수준":63.58,
            "일자리총점":31.66,
            "가치 총점":48.6972,
            "매매실거래년":20210910.0,
            "매매실거래가":133000.0,
            "전세실거래년":20211102.0,
            "전세실거래가":31000.0,
            "전세가율":30.39,
            "장기전세가율평균":71.26,
            "전세가율거품지수":40.87,
            "검색코드":1978,
            "세대수":904.0,
            "준공년월":"1985-04-03",
            "준공년차":38.0,
            "가까운역이름":"평촌",
            "가까운역거리":1565.62,
            "역세권여부":"비역세권",
            "30분이내주요거점역":1,
            "30분거점역이름":"['평촌']",
            "1시간이내주요거점역":4,
            "1시간거점역이름":"['평촌', '가산디지털단지', '수원', '구로디지털단지']",
            "3km이내백화점수":1,
            "5km이내아울렛몰수":0,
            "1km이내대형먀트수":0,
            "500m이내은행수":1,
            "500m이내병원수":38,
            "5km이내대형병원수":3,
            "500m이내공원수":6,
            "3km이내혐오시설수":0,
            "초등학교학업성취도":89.96,
            "중학교학업성취도":74.3,
            "용적률":176,
            "건폐율":13,
            "Y":37.407353,
            "X":126.957279,
            "rank":99.0,
            "area_info":"32평(108.53), 32평(108.58), 43평(144.24), 51평(169.7)",
            "last_sales":"2021-09-10,133000.0,43평(144.24)",
            "rank_history":[
                [
                    "202202",
                    99
                ],
                [
                    "202201",
                    101
                ]
            ],
            "rank_gap":2
        },
        {
            "index":11,
            "아파트명":"동편LH4단지",
            "투자타입":"일반",
            "전용면적(m2)":"126.89",
            "전용면적(평)":"38평",
            "법정동주소":"경기도 안양시 동안구 관양동 1669",
            "도로명주소":"경기도 안양시 동안구 동편로 135",
            "세대수":80,
            "입주년차":60,
            "용적률점수":"--",
            "건폐율점수":"--",
            "세대당주차수":60,
            "난방방식":100,
            "공급면적":"--",
            "전용률":"--",
            "욕실수":100,
            "현관타입":100,
            "주거총점":79.0,
            "지역구공급총점":0.0,
            "역세권":0,
            "30분내 이동가능 거점":20,
            "1시간내 이동가능 거점":80,
            "교통총점":22.0,
            "백화점":100,
            "아울렛몰":0,
            "대형마트":0,
            "은행":0,
            "병원":30,
            "종합병원":100,
            "공원":100,
            "혐오시설":0,
            "인프라총점":56.0,
            "초등학군":89.95,
            "중학군":45.82,
            "학군총점":54.646,
            "인구수":35.05,
            "인구증감":-3.82,
            "인구총점":23.389,
            "일자리":17.98,
            "소득수준":63.58,
            "일자리총점":31.66,
            "가치 총점":48.4969,
            "매매실거래년":20210806.0,
            "매매실거래가":183500.0,
            "전세실거래년":20211225.0,
            "전세실거래가":73000.0,
            "전세가율":60.03,
            "장기전세가율평균":71.26,
            "전세가율거품지수":11.23,
            "검색코드":102625,
            "세대수":711.0,
            "준공년월":"2012-03-19",
            "준공년차":11.0,
            "가까운역이름":"인덕원",
            "가까운역거리":1063.38,
            "역세권여부":"비역세권",
            "30분이내주요거점역":1,
            "30분거점역이름":"['평촌']",
            "1시간이내주요거점역":8,
            "1시간거점역이름":"['역삼', '여의도', '평촌', '가산디지털단지', '수원', '구로디지털단지', '명동', '안산']",
            "3km이내백화점수":1,
            "5km이내아울렛몰수":0,
            "1km이내대형먀트수":0,
            "500m이내은행수":0,
            "500m이내병원수":8,
            "5km이내대형병원수":3,
            "500m이내공원수":4,
            "3km이내혐오시설수":0,
            "초등학교학업성취도":89.95,
            "중학교학업성취도":74.3,
            "용적률":199,
            "건폐율":22,
            "Y":37.409007,
            "X":126.969173,
            "rank":100.0,
            "area_info":"38평(126.89), 38평(126.89), 38평(127.05), 38평(127.19), 46평(152.08), 46평(152.31), 46평(152.31), 51평(171.06), 51평(171.23), 51평(171.06), 51평(171.06), 60평(201.57)",
            "last_sales":"2021-08-06,183500.0,51평(171.06)",
            "rank_history":[
                [
                    "202202",
                    100
                ],
                [
                    "202201",
                    100
                ]
            ],
            "rank_gap":0
        },
        {
            "index":444,
            "아파트명":"샘마을임광",
            "투자타입":"재건축",
            "전용면적(m2)":"110.03",
            "전용면적(평)":"33평",
            "법정동주소":"경기도 안양시 동안구 호계동 1115",
            "도로명주소":"경기도 안양시 동안구 평촌대로40번길 100",
            "세대수":30,
            "입주년차":"--",
            "용적률점수":20,
            "건폐율점수":100,
            "세대당주차수":"--",
            "난방방식":"--",
            "공급면적":90,
            "전용률":80,
            "욕실수":"--",
            "현관타입":"--",
            "주거총점":45.5,
            "지역구공급총점":0.0,
            "역세권":0,
            "30분내 이동가능 거점":20,
            "1시간내 이동가능 거점":60,
            "교통총점":18.0,
            "백화점":100,
            "아울렛몰":100,
            "대형마트":80,
            "은행":0,
            "병원":30,
            "종합병원":100,
            "공원":100,
            "혐오시설":0,
            "인프라총점":78.0,
            "초등학군":90.04,
            "중학군":57.86,
            "학군총점":64.296,
            "인구수":35.05,
            "인구증감":-3.82,
            "인구총점":23.389,
            "일자리":17.98,
            "소득수준":63.58,
            "일자리총점":31.66,
            "가치 총점":48.4444,
            "매매실거래년":20210724.0,
            "매매실거래가":122500.0,
            "전세실거래년":20211126.0,
            "전세실거래가":60000.0,
            "전세가율":65.36,
            "장기전세가율평균":71.26,
            "전세가율거품지수":5.9,
            "검색코드":1444,
            "세대수":390.0,
            "준공년월":"1992-12-05",
            "준공년차":31.0,
            "가까운역이름":"평촌",
            "가까운역거리":1654.14,
            "역세권여부":"비역세권",
            "30분이내주요거점역":1,
            "30분거점역이름":"['평촌']",
            "1시간이내주요거점역":6,
            "1시간거점역이름":"['잠실', '판교', '수원시청', '평촌', '가산디지털단지', '수원']",
            "3km이내백화점수":1,
            "5km이내아울렛몰수":2,
            "1km이내대형먀트수":1,
            "500m이내은행수":1,
            "500m이내병원수":6,
            "5km이내대형병원수":5,
            "500m이내공원수":3,
            "3km이내혐오시설수":0,
            "초등학교학업성취도":90.04,
            "중학교학업성취도":91.7,
            "용적률":206,
            "건폐율":13,
            "Y":37.379642,
            "X":126.96717,
            "rank":101.0,
            "area_info":"33평(110.03), 41평(138.47), 58평(191.8)",
            "last_sales":"2021-07-24,122500.0,41평(138.47)",
            "rank_history":[
                [
                    "202202",
                    101
                ],
                [
                    "202201",
                    98
                ]
            ],
            "rank_gap":-3
        },
        {
            "index":452,
            "아파트명":"안양대우디오슈페리움",
            "투자타입":"일반",
            "전용면적(m2)":"120.46",
            "전용면적(평)":"36평",
            "법정동주소":"경기도 안양시 동안구 호계동 975-3",
            "도로명주소":"경기도 안양시 동안구 경수대로 483",
            "세대수":0,
            "입주년차":40,
            "용적률점수":"--",
            "건폐율점수":"--",
            "세대당주차수":80,
            "난방방식":30,
            "공급면적":"--",
            "전용률":"--",
            "욕실수":100,
            "현관타입":100,
            "주거총점":43.0,
            "지역구공급총점":0.0,
            "역세권":0,
            "30분내 이동가능 거점":20,
            "1시간내 이동가능 거점":60,
            "교통총점":18.0,
            "백화점":100,
            "아울렛몰":100,
            "대형마트":80,
            "은행":0,
            "병원":60,
            "종합병원":100,
            "공원":100,
            "혐오시설":0,
            "인프라총점":81.0,
            "초등학군":89.99,
            "중학군":53.42,
            "학군총점":60.734,
            "인구수":35.05,
            "인구증감":-3.82,
            "인구총점":23.389,
            "일자리":17.98,
            "소득수준":63.58,
            "일자리총점":31.66,
            "가치 총점":48.3101,
            "매매실거래년":20210619.0,
            "매매실거래가":74000.0,
            "전세실거래년":20210903.0,
            "전세실거래가":46000.0,
            "전세가율":106.98,
            "장기전세가율평균":71.26,
            "전세가율거품지수":-35.72,
            "검색코드":24870,
            "세대수":137.0,
            "준공년월":"2008-02-22",
            "준공년차":15.0,
            "가까운역이름":"금정",
            "가까운역거리":1451.45,
            "역세권여부":"비역세권",
            "30분이내주요거점역":1,
            "30분거점역이름":"['평촌']",
            "1시간이내주요거점역":6,
            "1시간거점역이름":"['수원시청', '평촌', '가산디지털단지', '수원', '구로디지털단지', '안산']",
            "3km이내백화점수":1,
            "5km이내아울렛몰수":2,
            "1km이내대형먀트수":1,
            "500m이내은행수":1,
            "500m이내병원수":20,
            "5km이내대형병원수":5,
            "500m이내공원수":3,
            "3km이내혐오시설수":0,
            "초등학교학업성취도":89.99,
            "중학교학업성취도":87.3,
            "용적률":629,
            "건폐율":54,
            "Y":37.365927,
            "X":126.957818,
            "rank":102.0,
            "area_info":"36평(120.46), 39평(130.96), 42평(140.32), 43평(142.31), 64평(214.85)",
            "last_sales":"2021-06-19,74000.0,64평(214.85)",
            "rank_history":[
                [
                    "202202",
                    102
                ],
                [
                    "202201",
                    99
                ]
            ],
            "rank_gap":-3
        },
        {
            "index":339,
            "아파트명":"한미",
            "투자타입":"재건축",
            "전용면적(m2)":"57.24",
            "전용면적(평)":"17평",
            "법정동주소":"경기도 안양시 동안구 평촌동 132-3",
            "도로명주소":"경기도 안양시 동안구 평의길 17",
            "세대수":0,
            "입주년차":"--",
            "용적률점수":80,
            "건폐율점수":60,
            "세대당주차수":"--",
            "난방방식":"--",
            "공급면적":50,
            "전용률":60,
            "욕실수":"--",
            "현관타입":"--",
            "주거총점":49.5,
            "지역구공급총점":0.0,
            "역세권":0,
            "30분내 이동가능 거점":20,
            "1시간내 이동가능 거점":90,
            "교통총점":24.0,
            "백화점":100,
            "아울렛몰":80,
            "대형마트":0,
            "은행":70,
            "병원":30,
            "종합병원":100,
            "공원":0,
            "혐오시설":-50,
            "인프라총점":67.0,
            "초등학군":89.97,
            "중학군":57.3,
            "학군총점":63.834,
            "인구수":35.05,
            "인구증감":-3.82,
            "인구총점":23.389,
            "일자리":17.98,
            "소득수준":63.58,
            "일자리총점":31.66,
            "가치 총점":47.9751,
            "매매실거래년":20211004.0,
            "매매실거래가":57000.0,
            "전세실거래년":20211209.0,
            "전세실거래가":16000.0,
            "전세가율":53.33,
            "장기전세가율평균":71.26,
            "전세가율거품지수":17.93,
            "검색코드":8197,
            "세대수":120.0,
            "준공년월":"1985-07-30",
            "준공년차":38.0,
            "가까운역이름":"평촌",
            "가까운역거리":1077.44,
            "역세권여부":"비역세권",
            "30분이내주요거점역":1,
            "30분거점역이름":"['평촌']",
            "1시간이내주요거점역":9,
            "1시간거점역이름":"['역삼', '여의도', '양재', '수원시청', '평촌', '가산디지털단지', '수원', '명동', '안산']",
            "3km이내백화점수":1,
            "5km이내아울렛몰수":1,
            "1km이내대형먀트수":0,
            "500m이내은행수":4,
            "500m이내병원수":9,
            "5km이내대형병원수":5,
            "500m이내공원수":0,
            "3km이내혐오시설수":1,
            "초등학교학업성취도":89.97,
            "중학교학업성취도":91.9,
            "용적률":161,
            "건폐율":33,
            "Y":37.390035,
            "X":126.974842,
            "rank":103.0,
            "area_info":"17평(57.24), 21평(72.09), 25평(85.05)",
            "last_sales":"2021-10-04,57000.0,25평(85.05)",
            "rank_history":[
                [
                    "202202",
                    103
                ],
                [
                    "202201",
                    102
                ]
            ],
            "rank_gap":-1
        },
        {
            "index":166,
            "아파트명":"동양월드타워",
            "투자타입":"일반",
            "전용면적(m2)":"85.85",
            "전용면적(평)":"25평",
            "법정동주소":"경기도 안양시 동안구 비산동 379-3",
            "도로명주소":"경기도 안양시 동안구 관악대로 183",
            "세대수":0,
            "입주년차":20,
            "용적률점수":"--",
            "건폐율점수":"--",
            "세대당주차수":60,
            "난방방식":30,
            "공급면적":"--",
            "전용률":"--",
            "욕실수":50,
            "현관타입":10,
            "주거총점":22.0,
            "지역구공급총점":0.0,
            "역세권":0,
            "30분내 이동가능 거점":20,
            "1시간내 이동가능 거점":100,
            "교통총점":26.0,
            "백화점":100,
            "아울렛몰":80,
            "대형마트":100,
            "은행":20,
            "병원":60,
            "종합병원":100,
            "공원":100,
            "혐오시설":0,
            "인프라총점":84.0,
            "초등학군":89.93,
            "중학군":53.16,
            "학군총점":60.514,
            "인구수":35.05,
            "인구증감":-3.82,
            "인구총점":23.389,
            "일자리":17.98,
            "소득수준":63.58,
            "일자리총점":31.66,
            "가치 총점":47.7771,
            "매매실거래년":20210726.0,
            "매매실거래가":45000.0,
            "전세실거래년":20201231.0,
            "전세실거래가":27000.0,
            "전세가율":60.0,
            "장기전세가율평균":71.26,
            "전세가율거품지수":11.26,
            "검색코드":9908,
            "세대수":112.0,
            "준공년월":"2000-01-08",
            "준공년차":23.0,
            "가까운역이름":"범계",
            "가까운역거리":1195.35,
            "역세권여부":"비역세권",
            "30분이내주요거점역":1,
            "30분거점역이름":"['평촌']",
            "1시간이내주요거점역":10,
            "1시간거점역이름":"['강남', '역삼', '여의도', '수원시청', '평촌', '가산디지털단지', '수원', '구로디지털단지', '명동', '안산']",
            "3km이내백화점수":1,
            "5km이내아울렛몰수":1,
            "1km이내대형먀트수":2,
            "500m이내은행수":2,
            "500m이내병원수":19,
            "5km이내대형병원수":5,
            "500m이내공원수":4,
            "3km이내혐오시설수":0,
            "초등학교학업성취도":89.93,
            "중학교학업성취도":86.6,
            "용적률":402,
            "건폐율":43,
            "Y":37.3993,
            "X":126.94449,
            "rank":104.0,
            "area_info":"25평(85.85), 36평(121.22)",
            "last_sales":"2021-07-26,45000.0,25평(85.85)",
            "rank_history":[
                [
                    "202202",
                    104
                ],
                [
                    "202201",
                    104
                ]
            ],
            "rank_gap":0
        },
        {
            "index":150,
            "아파트명":"뉴타운4차",
            "투자타입":"재건축",
            "전용면적(m2)":"69.38",
            "전용면적(평)":"20평",
            "법정동주소":"경기도 안양시 동안구 비산동 245",
            "도로명주소":"경기도 안양시 동안구 동안로 280",
            "세대수":50,
            "입주년차":"--",
            "용적률점수":80,
            "건폐율점수":0,
            "세대당주차수":"--",
            "난방방식":"--",
            "공급면적":50,
            "전용률":80,
            "욕실수":"--",
            "현관타입":"--",
            "주거총점":53.5,
            "지역구공급총점":0.0,
            "역세권":0,
            "30분내 이동가능 거점":20,
            "1시간내 이동가능 거점":100,
            "교통총점":26.0,
            "백화점":100,
            "아울렛몰":0,
            "대형마트":0,
            "은행":20,
            "병원":60,
            "종합병원":100,
            "공원":100,
            "혐오시설":0,
            "인프라총점":61.0,
            "초등학군":89.72,
            "중학군":54.9,
            "학군총점":61.864,
            "인구수":35.05,
            "인구증감":-3.82,
            "인구총점":23.389,
            "일자리":17.98,
            "소득수준":63.58,
            "일자리총점":31.66,
            "가치 총점":47.3796,
            "매매실거래년":20210716.0,
            "매매실거래가":85000.0,
            "전세실거래년":20201223.0,
            "전세실거래가":16000.0,
            "전세가율":16.0,
            "장기전세가율평균":71.26,
            "전세가율거품지수":55.26,
            "검색코드":13924,
            "세대수":474.0,
            "준공년월":"1985-08-05",
            "준공년차":38.0,
            "가까운역이름":"범계",
            "가까운역거리":1417.68,
            "역세권여부":"비역세권",
            "30분이내주요거점역":1,
            "30분거점역이름":"['평촌']",
            "1시간이내주요거점역":10,
            "1시간거점역이름":"['강남', '역삼', '여의도', '수원시청', '평촌', '가산디지털단지', '수원', '구로디지털단지', '명동', '안산']",
            "3km이내백화점수":1,
            "5km이내아울렛몰수":0,
            "1km이내대형먀트수":0,
            "500m이내은행수":2,
            "500m이내병원수":15,
            "5km이내대형병원수":5,
            "500m이내공원수":3,
            "3km이내혐오시설수":0,
            "초등학교학업성취도":89.72,
            "중학교학업성취도":89.7,
            "용적률":170,
            "건폐율":0,
            "Y":37.402067,
            "X":126.946464,
            "rank":105.0,
            "area_info":"20평(69.38), 25평(82.81), 31평(103.68), 44평(145.59)",
            "last_sales":"2021-07-16,85000.0,25평(82.81)",
            "rank_history":[
                [
                    "202202",
                    105
                ],
                [
                    "202201",
                    107
                ]
            ],
            "rank_gap":2
        },
        {
            "index":447,
            "아파트명":"샘쌍용",
            "투자타입":"재건축",
            "전용면적(m2)":"122.93",
            "전용면적(평)":"37평",
            "법정동주소":"경기도 안양시 동안구 호계동 1117",
            "도로명주소":"경기도 안양시 동안구 흥안대로223번길 16",
            "세대수":30,
            "입주년차":"--",
            "용적률점수":20,
            "건폐율점수":100,
            "세대당주차수":"--",
            "난방방식":"--",
            "공급면적":100,
            "전용률":80,
            "욕실수":"--",
            "현관타입":"--",
            "주거총점":46.0,
            "지역구공급총점":0.0,
            "역세권":0,
            "30분내 이동가능 거점":20,
            "1시간내 이동가능 거점":40,
            "교통총점":14.0,
            "백화점":100,
            "아울렛몰":100,
            "대형마트":80,
            "은행":0,
            "병원":10,
            "종합병원":100,
            "공원":100,
            "혐오시설":0,
            "인프라총점":76.0,
            "초등학군":90.04,
            "중학군":57.86,
            "학군총점":64.296,
            "인구수":35.05,
            "인구증감":-3.82,
            "인구총점":23.389,
            "일자리":17.98,
            "소득수준":63.58,
            "일자리총점":31.66,
            "가치 총점":46.5444,
            "매매실거래년":20210802.0,
            "매매실거래가":102000.0,
            "전세실거래년":20211113.0,
            "전세실거래가":48300.0,
            "전세가율":47.35,
            "장기전세가율평균":71.26,
            "전세가율거품지수":23.91,
            "검색코드":1442,
            "세대수":384.0,
            "준공년월":"1992-09-18",
            "준공년차":31.0,
            "가까운역이름":"평촌",
            "가까운역거리":1973.44,
            "역세권여부":"비역세권",
            "30분이내주요거점역":1,
            "30분거점역이름":"['평촌']",
            "1시간이내주요거점역":4,
            "1시간거점역이름":"['수원시청', '평촌', '가산디지털단지', '수원']",
            "3km이내백화점수":1,
            "5km이내아울렛몰수":2,
            "1km이내대형먀트수":1,
            "500m이내은행수":1,
            "500m이내병원수":4,
            "5km이내대형병원수":5,
            "500m이내공원수":3,
            "3km이내혐오시설수":0,
            "초등학교학업성취도":90.04,
            "중학교학업성취도":91.7,
            "용적률":208,
            "건폐율":14,
            "Y":37.37678,
            "X":126.967548,
            "rank":106.0,
            "area_info":"37평(122.93), 47평(158.18), 62평(205.66)",
            "last_sales":"2021-08-02,102000.0,37평(122.93)",
            "rank_history":[
                [
                    "202202",
                    106
                ],
                [
                    "202201",
                    103
                ]
            ],
            "rank_gap":-3
        },
        {
            "index":104,
            "아파트명":"뉴타운1,2,3차",
            "투자타입":"재건축",
            "전용면적(m2)":"60.79",
            "전용면적(평)":"18평",
            "법정동주소":"경기도 안양시 동안구 비산동 354-10",
            "도로명주소":"경기도 안양시 동안구 동안로 283",
            "세대수":90,
            "입주년차":"--",
            "용적률점수":20,
            "건폐율점수":0,
            "세대당주차수":"--",
            "난방방식":"--",
            "공급면적":50,
            "전용률":100,
            "욕실수":"--",
            "현관타입":"--",
            "주거총점":42.5,
            "지역구공급총점":0.0,
            "역세권":0,
            "30분내 이동가능 거점":20,
            "1시간내 이동가능 거점":70,
            "교통총점":20.0,
            "백화점":100,
            "아울렛몰":0,
            "대형마트":80,
            "은행":20,
            "병원":60,
            "종합병원":100,
            "공원":100,
            "혐오시설":0,
            "인프라총점":73.0,
            "초등학군":89.72,
            "중학군":50.66,
            "학군총점":58.472,
            "인구수":35.05,
            "인구증감":-3.82,
            "인구총점":23.389,
            "일자리":17.98,
            "소득수준":63.58,
            "일자리총점":31.66,
            "가치 총점":46.1708,
            "매매실거래년":20211122.0,
            "매매실거래가":90000.0,
            "전세실거래년":20210531.0,
            "전세실거래가":22000.0,
            "전세가율":42.11,
            "장기전세가율평균":71.26,
            "전세가율거품지수":29.15,
            "검색코드":13922,
            "세대수":912.0,
            "준공년월":"1981-09-09",
            "준공년차":42.0,
            "가까운역이름":"범계",
            "가까운역거리":1560.48,
            "역세권여부":"비역세권",
            "30분이내주요거점역":1,
            "30분거점역이름":"['평촌']",
            "1시간이내주요거점역":7,
            "1시간거점역이름":"['역삼', '수원시청', '평촌', '가산디지털단지', '수원', '구로디지털단지', '안산']",
            "3km이내백화점수":1,
            "5km이내아울렛몰수":0,
            "1km이내대형먀트수":1,
            "500m이내은행수":2,
            "500m이내병원수":12,
            "5km이내대형병원수":5,
            "500m이내공원수":2,
            "3km이내혐오시설수":0,
            "초등학교학업성취도":89.72,
            "중학교학업성취도":81.7,
            "용적률":203,
            "건폐율":0,
            "Y":37.402952,
            "X":126.944667,
            "rank":107.0,
            "area_info":"18평(60.79), 18평(60.79), 18평(61.75), 18평(61.88), 18평(61.72), 18평(61.75), 18평(62.22), 19평(63.27), 19평(63.34), 19평(63.11), 20평(66.87), 20평(66.35), 20평(66.35), 22평(74.25), 22평(74.84), 22평(74.84), 22평(74.84), 22평(74.25), 22평(75.8), 23평(76.5), 24평(82.24), 26평(88.64), 26평(88.64), 26평(88.64), 28평(92.91), 28평(92.91), 28평(92.96), 27평(92.41), 28평(92.91), 28평(93.25), 28평(93.79), 28평(93.79), 28평(93.25), 28평(93.13), 28평(93.14), 28평(95.04), 29평(95.94), 29평(95.94), 31평(105.26), 31평(105.26), 31평(105.26), 42평(139.45), 42평(139.45), 42평(139.45), 42평(139.45), 42평(139.47)",
            "last_sales":"2021-11-22,90000.0,19평(63.27)",
            "rank_history":[
                [
                    "202202",
                    107
                ],
                [
                    "202201",
                    111
                ]
            ],
            "rank_gap":4
        },
        {
            "index":352,
            "아파트명":"HHI브라운빌3차",
            "투자타입":"일반",
            "전용면적(m2)":"75.49",
            "전용면적(평)":"22평",
            "법정동주소":"경기도 안양시 동안구 호계동 940",
            "도로명주소":"경기도 안양시 동안구 경수대로609번길 26",
            "세대수":0,
            "입주년차":40,
            "용적률점수":"--",
            "건폐율점수":"--",
            "세대당주차수":30,
            "난방방식":30,
            "공급면적":"--",
            "전용률":"--",
            "욕실수":100,
            "현관타입":100,
            "주거총점":35.5,
            "지역구공급총점":0.0,
            "역세권":0,
            "30분내 이동가능 거점":20,
            "1시간내 이동가능 거점":50,
            "교통총점":16.0,
            "백화점":100,
            "아울렛몰":100,
            "대형마트":80,
            "은행":20,
            "병원":60,
            "종합병원":100,
            "공원":80,
            "혐오시설":0,
            "인프라총점":82.4,
            "초등학군":90.04,
            "중학군":48.14,
            "학군총점":56.52,
            "인구수":35.05,
            "인구증감":-3.82,
            "인구총점":23.389,
            "일자리":17.98,
            "소득수준":63.58,
            "일자리총점":31.66,
            "가치 총점":45.898,
            "매매실거래년":20211211.0,
            "매매실거래가":65000.0,
            "전세실거래년":20200604.0,
            "전세실거래가":22000.0,
            "전세가율":73.33,
            "장기전세가율평균":71.26,
            "전세가율거품지수":-2.07,
            "검색코드":24045,
            "세대수":149.0,
            "준공년월":"2007-07-27",
            "준공년차":16.0,
            "가까운역이름":"금정",
            "가까운역거리":1051.32,
            "역세권여부":"비역세권",
            "30분이내주요거점역":1,
            "30분거점역이름":"['평촌']",
            "1시간이내주요거점역":5,
            "1시간거점역이름":"['평촌', '가산디지털단지', '홍대입구', '수원', '안산']",
            "3km이내백화점수":1,
            "5km이내아울렛몰수":2,
            "1km이내대형먀트수":1,
            "500m이내은행수":2,
            "500m이내병원수":18,
            "5km이내대형병원수":5,
            "500m이내공원수":1,
            "3km이내혐오시설수":0,
            "초등학교학업성취도":90.04,
            "중학교학업성취도":78.9,
            "용적률":248,
            "건폐율":24,
            "Y":37.376661,
            "X":126.953933,
            "rank":108.0,
            "area_info":"22평(75.49), 23평(77.4), 30평(100.2), 31평(102.96), 31평(102.77), 33평(109.25)",
            "last_sales":"2021-12-11,65000.0,33평(109.25)",
            "rank_history":[
                [
                    "202202",
                    108
                ],
                [
                    "202201",
                    106
                ]
            ],
            "rank_gap":-2
        },
        {
            "index":395,
            "아파트명":"무궁화건영",
            "투자타입":"재건축",
            "전용면적(m2)":"66.69",
            "전용면적(평)":"20평",
            "법정동주소":"경기도 안양시 동안구 호계동 1055-1",
            "도로명주소":"경기도 안양시 동안구 동안로 11",
            "세대수":50,
            "입주년차":"--",
            "용적률점수":20,
            "건폐율점수":0,
            "세대당주차수":"--",
            "난방방식":"--",
            "공급면적":50,
            "전용률":80,
            "욕실수":"--",
            "현관타입":"--",
            "주거총점":29.5,
            "지역구공급총점":0.0,
            "역세권":0,
            "30분내 이동가능 거점":20,
            "1시간내 이동가능 거점":100,
            "교통총점":26.0,
            "백화점":100,
            "아울렛몰":100,
            "대형마트":0,
            "은행":20,
            "병원":60,
            "종합병원":100,
            "공원":100,
            "혐오시설":0,
            "인프라총점":71.0,
            "초등학군":90.0,
            "중학군":54.08,
            "학군총점":61.264,
            "인구수":35.05,
            "인구증감":-3.82,
            "인구총점":23.389,
            "일자리":17.98,
            "소득수준":63.58,
            "일자리총점":31.66,
            "가치 총점":45.4896,
            "매매실거래년":20210820.0,
            "매매실거래가":78000.0,
            "전세실거래년":20211125.0,
            "전세실거래가":30000.0,
            "전세가율":52.63,
            "장기전세가율평균":71.26,
            "전세가율거품지수":18.63,
            "검색코드":1470,
            "세대수":468.0,
            "준공년월":"1992-09-29",
            "준공년차":31.0,
            "가까운역이름":"범계",
            "가까운역거리":1225.81,
            "역세권여부":"비역세권",
            "30분이내주요거점역":1,
            "30분거점역이름":"['평촌']",
            "1시간이내주요거점역":10,
            "1시간거점역이름":"['강남', '역삼', '판교', '여의도', '평촌', '가산디지털단지', '수원', '구로디지털단지', '안산', '서현']",
            "3km이내백화점수":1,
            "5km이내아울렛몰수":2,
            "1km이내대형먀트수":0,
            "500m이내은행수":2,
            "500m이내병원수":13,
            "5km이내대형병원수":5,
            "500m이내공원수":2,
            "3km이내혐오시설수":0,
            "초등학교학업성취도":90.0,
            "중학교학업성취도":87.2,
            "용적률":214,
            "건폐율":0,
            "Y":37.379627,
            "X":126.956172,
            "rank":109.0,
            "area_info":"20평(66.69), 28평(95.05), 30평(102.44)",
            "last_sales":"2021-08-20,78000.0,30평(102.44)",
            "rank_history":[
                [
                    "202202",
                    109
                ],
                [
                    "202201",
                    109
                ]
            ],
            "rank_gap":0
        },
        {
            "index":409,
            "아파트명":"무궁화태영",
            "투자타입":"재건축",
            "전용면적(m2)":"80.3",
            "전용면적(평)":"24평",
            "법정동주소":"경기도 안양시 동안구 호계동 1075",
            "도로명주소":"경기도 안양시 동안구 경수대로610번길 37",
            "세대수":50,
            "입주년차":"--",
            "용적률점수":20,
            "건폐율점수":0,
            "세대당주차수":"--",
            "난방방식":"--",
            "공급면적":50,
            "전용률":60,
            "욕실수":"--",
            "현관타입":"--",
            "주거총점":28.5,
            "지역구공급총점":0.0,
            "역세권":0,
            "30분내 이동가능 거점":20,
            "1시간내 이동가능 거점":80,
            "교통총점":22.0,
            "백화점":100,
            "아울렛몰":100,
            "대형마트":0,
            "은행":70,
            "병원":60,
            "종합병원":100,
            "공원":100,
            "혐오시설":0,
            "인프라총점":76.0,
            "초등학군":90.0,
            "중학군":54.08,
            "학군총점":61.264,
            "인구수":35.05,
            "인구증감":-3.82,
            "인구총점":23.389,
            "일자리":17.98,
            "소득수준":63.58,
            "일자리총점":31.66,
            "가치 총점":45.3896,
            "매매실거래년":20211006.0,
            "매매실거래가":62250.0,
            "전세실거래년":20210821.0,
            "전세실거래가":25200.0,
            "전세가율":40.48,
            "장기전세가율평균":71.26,
            "전세가율거품지수":30.78,
            "검색코드":1476,
            "세대수":654.0,
            "준공년월":"1992-08-27",
            "준공년차":31.0,
            "가까운역이름":"범계",
            "가까운역거리":1402.03,
            "역세권여부":"비역세권",
            "30분이내주요거점역":1,
            "30분거점역이름":"['평촌']",
            "1시간이내주요거점역":8,
            "1시간거점역이름":"['잠실', '판교', '여의도', '평촌', '가산디지털단지', '수원', '안산', '서현']",
            "3km이내백화점수":1,
            "5km이내아울렛몰수":2,
            "1km이내대형먀트수":0,
            "500m이내은행수":3,
            "500m이내병원수":18,
            "5km이내대형병원수":5,
            "500m이내공원수":3,
            "3km이내혐오시설수":0,
            "초등학교학업성취도":90.0,
            "중학교학업성취도":87.2,
            "용적률":208,
            "건폐율":0,
            "Y":37.37835,
            "X":126.95747,
            "rank":110.0,
            "area_info":"24평(80.3), 28평(93.76), 31평(104.43)",
            "last_sales":"2021-10-06,62250.0,24평(80.3)",
            "rank_history":[
                [
                    "202202",
                    110
                ],
                [
                    "202201",
                    110
                ]
            ],
            "rank_gap":0
        },
        {
            "index":566,
            "아파트명":"호계아크로리버",
            "투자타입":"일반",
            "전용면적(m2)":"115.32",
            "전용면적(평)":"34평",
            "법정동주소":"경기도 안양시 동안구 호계동 713",
            "도로명주소":"경기도 안양시 동안구 엘에스로 35",
            "세대수":0,
            "입주년차":40,
            "용적률점수":"--",
            "건폐율점수":"--",
            "세대당주차수":60,
            "난방방식":30,
            "공급면적":"--",
            "전용률":"--",
            "욕실수":100,
            "현관타입":100,
            "주거총점":40.0,
            "지역구공급총점":0.0,
            "역세권":0,
            "30분내 이동가능 거점":0,
            "1시간내 이동가능 거점":50,
            "교통총점":10.0,
            "백화점":100,
            "아울렛몰":100,
            "대형마트":80,
            "은행":0,
            "병원":60,
            "종합병원":100,
            "공원":80,
            "혐오시설":0,
            "인프라총점":80.4,
            "초등학군":89.99,
            "중학군":53.42,
            "학군총점":60.734,
            "인구수":35.05,
            "인구증감":-3.82,
            "인구총점":23.389,
            "일자리":17.98,
            "소득수준":63.58,
            "일자리총점":31.66,
            "가치 총점":44.7301,
            "매매실거래년":20210809.0,
            "매매실거래가":57000.0,
            "전세실거래년":20220105.0,
            "전세실거래가":30000.0,
            "전세가율":60.61,
            "장기전세가율평균":71.26,
            "전세가율거품지수":10.65,
            "검색코드":19530,
            "세대수":210.0,
            "준공년월":"2007-03-28",
            "준공년차":16.0,
            "가까운역이름":"금정",
            "가까운역거리":1223.77,
            "역세권여부":"비역세권",
            "30분이내주요거점역":0,
            "30분거점역이름":"[]",
            "1시간이내주요거점역":5,
            "1시간거점역이름":"['평촌', '가산디지털단지', '수원', '구로디지털단지', '안산']",
            "3km이내백화점수":1,
            "5km이내아울렛몰수":2,
            "1km이내대형먀트수":1,
            "500m이내은행수":1,
            "500m이내병원수":27,
            "5km이내대형병원수":5,
            "500m이내공원수":1,
            "3km이내혐오시설수":0,
            "초등학교학업성취도":89.99,
            "중학교학업성취도":87.3,
            "용적률":635,
            "건폐율":40,
            "Y":37.366926,
            "X":126.955569,
            "rank":111.0,
            "area_info":"34평(115.32), 42평(140.65), 49평(163.75), 54평(181.17)",
            "last_sales":"2021-08-09,57000.0,49평(163.75)",
            "rank_history":[
                [
                    "202202",
                    111
                ],
                [
                    "202201",
                    112
                ]
            ],
            "rank_gap":1
        },
        {
            "index":404,
            "아파트명":"무궁화진흥",
            "투자타입":"재건축",
            "전용면적(m2)":"74.9",
            "전용면적(평)":"22평",
            "법정동주소":"경기도 안양시 동안구 호계동 1056-6",
            "도로명주소":"경기도 안양시 동안구 동안로 6",
            "세대수":30,
            "입주년차":"--",
            "용적률점수":20,
            "건폐율점수":0,
            "세대당주차수":"--",
            "난방방식":"--",
            "공급면적":50,
            "전용률":60,
            "욕실수":"--",
            "현관타입":"--",
            "주거총점":22.5,
            "지역구공급총점":0.0,
            "역세권":0,
            "30분내 이동가능 거점":20,
            "1시간내 이동가능 거점":100,
            "교통총점":26.0,
            "백화점":100,
            "아울렛몰":100,
            "대형마트":0,
            "은행":20,
            "병원":60,
            "종합병원":100,
            "공원":100,
            "혐오시설":0,
            "인프라총점":71.0,
            "초등학군":90.0,
            "중학군":54.08,
            "학군총점":61.264,
            "인구수":35.05,
            "인구증감":-3.82,
            "인구총점":23.389,
            "일자리":17.98,
            "소득수준":63.58,
            "일자리총점":31.66,
            "가치 총점":44.0896,
            "매매실거래년":20210910.0,
            "매매실거래가":64500.0,
            "전세실거래년":20211223.0,
            "전세실거래가":26250.0,
            "전세가율":40.7,
            "장기전세가율평균":71.26,
            "전세가율거품지수":30.56,
            "검색코드":1473,
            "세대수":321.0,
            "준공년월":"1992-09-26",
            "준공년차":31.0,
            "가까운역이름":"범계",
            "가까운역거리":1186.89,
            "역세권여부":"비역세권",
            "30분이내주요거점역":1,
            "30분거점역이름":"['평촌']",
            "1시간이내주요거점역":10,
            "1시간거점역이름":"['강남', '역삼', '판교', '여의도', '평촌', '가산디지털단지', '수원', '명동', '안산', '서현']",
            "3km이내백화점수":1,
            "5km이내아울렛몰수":2,
            "1km이내대형먀트수":0,
            "500m이내은행수":2,
            "500m이내병원수":22,
            "5km이내대형병원수":5,
            "500m이내공원수":3,
            "3km이내혐오시설수":0,
            "초등학교학업성취도":90.0,
            "중학교학업성취도":87.2,
            "용적률":211,
            "건폐율":97,
            "Y":37.38054,
            "X":126.957503,
            "rank":112.0,
            "area_info":"22평(74.9), 31평(103.74)",
            "last_sales":"2021-09-10,64500.0,22평(74.9)",
            "rank_history":[
                [
                    "202202",
                    112
                ],
                [
                    "202201",
                    113
                ]
            ],
            "rank_gap":1
        },
        {
            "index":303,
            "아파트명":"영풍",
            "투자타입":"일반",
            "전용면적(m2)":"47.43",
            "전용면적(평)":"14평",
            "법정동주소":"경기도 안양시 동안구 평촌동 130-1",
            "도로명주소":"경기도 안양시 동안구 흥안대로414번길 20",
            "세대수":0,
            "입주년차":20,
            "용적률점수":"--",
            "건폐율점수":"--",
            "세대당주차수":30,
            "난방방식":30,
            "공급면적":"--",
            "전용률":"--",
            "욕실수":50,
            "현관타입":10,
            "주거총점":17.5,
            "지역구공급총점":0.0,
            "역세권":0,
            "30분내 이동가능 거점":20,
            "1시간내 이동가능 거점":100,
            "교통총점":26.0,
            "백화점":100,
            "아울렛몰":80,
            "대형마트":0,
            "은행":70,
            "병원":60,
            "종합병원":100,
            "공원":100,
            "혐오시설":-50,
            "인프라총점":73.0,
            "초등학군":89.97,
            "중학군":57.3,
            "학군총점":63.834,
            "인구수":35.05,
            "인구증감":-3.82,
            "인구총점":23.389,
            "일자리":17.98,
            "소득수준":63.58,
            "일자리총점":31.66,
            "가치 총점":44.0751,
            "매매실거래년":20210914.0,
            "매매실거래가":34800.0,
            "전세실거래년":20201118.0,
            "전세실거래가":15000.0,
            "전세가율":43.1,
            "장기전세가율평균":71.26,
            "전세가율거품지수":28.16,
            "검색코드":2805,
            "세대수":230.0,
            "준공년월":"2000-04-26",
            "준공년차":23.0,
            "가까운역이름":"평촌",
            "가까운역거리":1020.54,
            "역세권여부":"비역세권",
            "30분이내주요거점역":1,
            "30분거점역이름":"['평촌']",
            "1시간이내주요거점역":10,
            "1시간거점역이름":"['역삼', '여의도', '양재', '수원시청', '평촌', '가산디지털단지', '수원', '구로디지털단지', '명동', '안산']",
            "3km이내백화점수":1,
            "5km이내아울렛몰수":1,
            "1km이내대형먀트수":0,
            "500m이내은행수":4,
            "500m이내병원수":20,
            "5km이내대형병원수":4,
            "500m이내공원수":2,
            "3km이내혐오시설수":1,
            "초등학교학업성취도":89.97,
            "중학교학업성취도":91.9,
            "용적률":347,
            "건폐율":23,
            "Y":37.390871,
            "X":126.974605,
            "rank":113.0,
            "area_info":"14평(47.43), 33평(109.12)",
            "last_sales":"2021-09-14,34800.0,14평(47.43)",
            "rank_history":[
                [
                    "202202",
                    113
                ],
                [
                    "202201",
                    114
                ]
            ],
            "rank_gap":1
        },
        {
            "index":7,
            "아파트명":"뉴골든",
            "투자타입":"재건축",
            "전용면적(m2)":"72.17",
            "전용면적(평)":"21평",
            "법정동주소":"경기도 안양시 동안구 관양동 1398",
            "도로명주소":"경기도 안양시 동안구 관평로319번길 7",
            "세대수":0,
            "입주년차":"--",
            "용적률점수":20,
            "건폐율점수":20,
            "세대당주차수":"--",
            "난방방식":"--",
            "공급면적":50,
            "전용률":60,
            "욕실수":"--",
            "현관타입":"--",
            "주거총점":17.5,
            "지역구공급총점":0.0,
            "역세권":0,
            "30분내 이동가능 거점":20,
            "1시간내 이동가능 거점":80,
            "교통총점":22.0,
            "백화점":100,
            "아울렛몰":0,
            "대형마트":100,
            "은행":0,
            "병원":80,
            "종합병원":100,
            "공원":100,
            "혐오시설":0,
            "인프라총점":76.0,
            "초등학군":89.96,
            "중학군":45.82,
            "학군총점":54.648,
            "인구수":35.05,
            "인구증감":-3.82,
            "인구총점":23.389,
            "일자리":17.98,
            "소득수준":63.58,
            "일자리총점":31.66,
            "가치 총점":42.1972,
            "매매실거래년":20210724.0,
            "매매실거래가":46500.0,
            "전세실거래년":20210814.0,
            "전세실거래가":32000.0,
            "전세가율":68.82,
            "장기전세가율평균":71.26,
            "전세가율거품지수":2.44,
            "검색코드":1971,
            "세대수":140.0,
            "준공년월":"1986-06-27",
            "준공년차":37.0,
            "가까운역이름":"평촌",
            "가까운역거리":1349.74,
            "역세권여부":"비역세권",
            "30분이내주요거점역":1,
            "30분거점역이름":"['평촌']",
            "1시간이내주요거점역":8,
            "1시간거점역이름":"['강남', '역삼', '여의도', '수원시청', '평촌', '수원', '구로디지털단지', '안산']",
            "3km이내백화점수":1,
            "5km이내아울렛몰수":0,
            "1km이내대형먀트수":2,
            "500m이내은행수":1,
            "500m이내병원수":55,
            "5km이내대형병원수":3,
            "500m이내공원수":9,
            "3km이내혐오시설수":0,
            "초등학교학업성취도":89.96,
            "중학교학업성취도":74.3,
            "용적률":204,
            "건폐율":41,
            "Y":37.4051,
            "X":126.95694,
            "rank":114.0,
            "area_info":"21평(72.17), 23평(76.88), 24평(81.72), 26평(86.04)",
            "last_sales":"2021-07-24,46500.0,21평(72.17)",
            "rank_history":[
                [
                    "202202",
                    114
                ],
                [
                    "202201",
                    115
                ]
            ],
            "rank_gap":1
        },
        {
            "index":420,
            "아파트명":"삼익",
            "투자타입":"일반",
            "전용면적(m2)":"81.52",
            "전용면적(평)":"24평",
            "법정동주소":"경기도 안양시 동안구 호계동 766-4",
            "도로명주소":"경기도 안양시 동안구 경수대로 480",
            "세대수":0,
            "입주년차":0,
            "용적률점수":"--",
            "건폐율점수":"--",
            "세대당주차수":0,
            "난방방식":30,
            "공급면적":"--",
            "전용률":"--",
            "욕실수":50,
            "현관타입":100,
            "주거총점":18.0,
            "지역구공급총점":0.0,
            "역세권":0,
            "30분내 이동가능 거점":20,
            "1시간내 이동가능 거점":40,
            "교통총점":14.0,
            "백화점":100,
            "아울렛몰":100,
            "대형마트":80,
            "은행":0,
            "병원":60,
            "종합병원":100,
            "공원":100,
            "혐오시설":0,
            "인프라총점":81.0,
            "초등학군":89.99,
            "중학군":53.42,
            "학군총점":60.734,
            "인구수":35.05,
            "인구증감":-3.82,
            "인구총점":23.389,
            "일자리":17.98,
            "소득수준":63.58,
            "일자리총점":31.66,
            "가치 총점":41.9101,
            "매매실거래년":20211224.0,
            "매매실거래가":37500.0,
            "전세실거래년":20211216.0,
            "전세실거래가":20000.0,
            "전세가율":53.33,
            "장기전세가율평균":71.26,
            "전세가율거품지수":17.93,
            "검색코드":2046,
            "세대수":261.0,
            "준공년월":"1996-10-30",
            "준공년차":27.0,
            "가까운역이름":"금정",
            "가까운역거리":1511.03,
            "역세권여부":"비역세권",
            "30분이내주요거점역":1,
            "30분거점역이름":"['평촌']",
            "1시간이내주요거점역":4,
            "1시간거점역이름":"['평촌', '가산디지털단지', '수원', '안산']",
            "3km이내백화점수":1,
            "5km이내아울렛몰수":2,
            "1km이내대형먀트수":1,
            "500m이내은행수":1,
            "500m이내병원수":21,
            "5km이내대형병원수":5,
            "500m이내공원수":3,
            "3km이내혐오시설수":0,
            "초등학교학업성취도":89.99,
            "중학교학업성취도":87.3,
            "용적률":396,
            "건폐율":27,
            "Y":37.366016,
            "X":126.958641,
            "rank":115.0,
            "area_info":"24평(81.52), 29평(97.41), 29평(97.65), 35평(115.72)",
            "last_sales":"2021-12-24,37500.0,24평(81.52)",
            "rank_history":[
                [
                    "202202",
                    115
                ],
                [
                    "202201",
                    116
                ]
            ],
            "rank_gap":1
        },
        {
            "index":406,
            "아파트명":"무궁화코오롱",
            "투자타입":"재건축",
            "전용면적(m2)":"82.76",
            "전용면적(평)":"25평",
            "법정동주소":"경기도 안양시 동안구 호계동 1055-1",
            "도로명주소":"경기도 안양시 동안구 동안로 11",
            "세대수":50,
            "입주년차":"--",
            "용적률점수":20,
            "건폐율점수":100,
            "세대당주차수":"--",
            "난방방식":"--",
            "공급면적":70,
            "전용률":60,
            "욕실수":"--",
            "현관타입":"--",
            "주거총점":49.5,
            "지역구공급총점":0.0,
            "역세권":0,
            "30분내 이동가능 거점":0,
            "1시간내 이동가능 거점":0,
            "교통총점":0.0,
            "백화점":100,
            "아울렛몰":100,
            "대형마트":0,
            "은행":70,
            "병원":60,
            "종합병원":100,
            "공원":100,
            "혐오시설":0,
            "인프라총점":76.0,
            "초등학군":90.0,
            "중학군":54.08,
            "학군총점":61.264,
            "인구수":35.05,
            "인구증감":-3.82,
            "인구총점":23.389,
            "일자리":17.98,
            "소득수준":63.58,
            "일자리총점":31.66,
            "가치 총점":41.8896,
            "매매실거래년":20211001.0,
            "매매실거래가":70700.0,
            "전세실거래년":20220119.0,
            "전세실거래가":27300.0,
            "전세가율":38.61,
            "장기전세가율평균":71.26,
            "전세가율거품지수":32.65,
            "검색코드":1474,
            "세대수":458.0,
            "준공년월":"1992-09-29",
            "준공년차":31.0,
            "가까운역이름":"범계",
            "가까운역거리":1091.58,
            "역세권여부":"비역세권",
            "30분이내주요거점역":0,
            "30분거점역이름":"[]",
            "1시간이내주요거점역":0,
            "1시간거점역이름":"[]",
            "3km이내백화점수":1,
            "5km이내아울렛몰수":2,
            "1km이내대형먀트수":0,
            "500m이내은행수":3,
            "500m이내병원수":18,
            "5km이내대형병원수":5,
            "500m이내공원수":2,
            "3km이내혐오시설수":0,
            "초등학교학업성취도":90.0,
            "중학교학업성취도":87.2,
            "용적률":208,
            "건폐율":17,
            "Y":37.380739,
            "X":126.955581,
            "rank":116.0,
            "area_info":"25평(82.76), 28평(93.51), 33평(109.97)",
            "last_sales":"2021-10-01,70700.0,25평(82.76)",
            "rank_history":[
                [
                    "202202",
                    116
                ],
                [
                    "202201",
                    91
                ]
            ],
            "rank_gap":-25
        },
        {
            "index":427,
            "아파트명":"삼호우주",
            "투자타입":"일반",
            "전용면적(m2)":"81.79",
            "전용면적(평)":"24평",
            "법정동주소":"경기도 안양시 동안구 호계동 767-3",
            "도로명주소":"경기도 안양시 동안구 경수대로 492",
            "세대수":0,
            "입주년차":0,
            "용적률점수":"--",
            "건폐율점수":"--",
            "세대당주차수":0,
            "난방방식":30,
            "공급면적":"--",
            "전용률":"--",
            "욕실수":50,
            "현관타입":10,
            "주거총점":9.0,
            "지역구공급총점":0.0,
            "역세권":0,
            "30분내 이동가능 거점":20,
            "1시간내 이동가능 거점":40,
            "교통총점":14.0,
            "백화점":100,
            "아울렛몰":100,
            "대형마트":80,
            "은행":20,
            "병원":80,
            "종합병원":100,
            "공원":100,
            "혐오시설":0,
            "인프라총점":85.0,
            "초등학군":89.99,
            "중학군":53.42,
            "학군총점":60.734,
            "인구수":35.05,
            "인구증감":-3.82,
            "인구총점":23.389,
            "일자리":17.98,
            "소득수준":63.58,
            "일자리총점":31.66,
            "가치 총점":41.3101,
            "매매실거래년":20210724.0,
            "매매실거래가":50000.0,
            "전세실거래년":20210809.0,
            "전세실거래가":32000.0,
            "전세가율":100.0,
            "장기전세가율평균":71.26,
            "전세가율거품지수":-28.74,
            "검색코드":2047,
            "세대수":148.0,
            "준공년월":"1994-11-26",
            "준공년차":29.0,
            "가까운역이름":"금정",
            "가까운역거리":1532.22,
            "역세권여부":"비역세권",
            "30분이내주요거점역":1,
            "30분거점역이름":"['평촌']",
            "1시간이내주요거점역":4,
            "1시간거점역이름":"['평촌', '가산디지털단지', '수원', '안산']",
            "3km이내백화점수":1,
            "5km이내아울렛몰수":2,
            "1km이내대형먀트수":1,
            "500m이내은행수":2,
            "500m이내병원수":34,
            "5km이내대형병원수":5,
            "500m이내공원수":3,
            "3km이내혐오시설수":0,
            "초등학교학업성취도":89.99,
            "중학교학업성취도":87.3,
            "용적률":299,
            "건폐율":26,
            "Y":37.366571,
            "X":126.959243,
            "rank":117.0,
            "area_info":"24평(81.79), 27평(90.85), 33평(110.28), 34평(115.7), 41평(136.35)",
            "last_sales":"2021-07-24,50000.0,41평(136.35)",
            "rank_history":[
                [
                    "202202",
                    117
                ],
                [
                    "202201",
                    118
                ]
            ],
            "rank_gap":1
        },
        {
            "index":154,
            "아파트명":"뉴타운5차",
            "투자타입":"재건축",
            "전용면적(m2)":"102.76",
            "전용면적(평)":"31평",
            "법정동주소":"경기도 안양시 동안구 비산동 341",
            "도로명주소":"경기도 안양시 동안구 동안로 283",
            "세대수":50,
            "입주년차":"--",
            "용적률점수":60,
            "건폐율점수":0,
            "세대당주차수":"--",
            "난방방식":"--",
            "공급면적":90,
            "전용률":80,
            "욕실수":"--",
            "현관타입":"--",
            "주거총점":47.5,
            "지역구공급총점":0.0,
            "역세권":0,
            "30분내 이동가능 거점":0,
            "1시간내 이동가능 거점":0,
            "교통총점":0.0,
            "백화점":100,
            "아울렛몰":0,
            "대형마트":80,
            "은행":20,
            "병원":60,
            "종합병원":100,
            "공원":100,
            "혐오시설":0,
            "인프라총점":73.0,
            "초등학군":89.72,
            "중학군":50.66,
            "학군총점":58.472,
            "인구수":35.05,
            "인구증감":-3.82,
            "인구총점":23.389,
            "일자리":17.98,
            "소득수준":63.58,
            "일자리총점":31.66,
            "가치 총점":40.1708,
            "매매실거래년":20210818.0,
            "매매실거래가":60000.0,
            "전세실거래년":20210401.0,
            "전세실거래가":20000.0,
            "전세가율":33.33,
            "장기전세가율평균":71.26,
            "전세가율거품지수":37.93,
            "검색코드":1995,
            "세대수":540.0,
            "준공년월":"1985-11-14",
            "준공년차":38.0,
            "가까운역이름":"범계",
            "가까운역거리":1536.95,
            "역세권여부":"비역세권",
            "30분이내주요거점역":0,
            "30분거점역이름":"[]",
            "1시간이내주요거점역":0,
            "1시간거점역이름":"[]",
            "3km이내백화점수":1,
            "5km이내아울렛몰수":0,
            "1km이내대형먀트수":1,
            "500m이내은행수":2,
            "500m이내병원수":13,
            "5km이내대형병원수":5,
            "500m이내공원수":2,
            "3km이내혐오시설수":0,
            "초등학교학업성취도":89.72,
            "중학교학업성취도":81.7,
            "용적률":192,
            "건폐율":0,
            "Y":37.402727,
            "X":126.94467,
            "rank":118.0,
            "area_info":"31평(102.76), 30평(102.37), 44평(148.72), 56평(188.27)",
            "last_sales":"2021-08-18,60000.0,31평(102.76)",
            "rank_history":[
                [
                    "202202",
                    118
                ],
                [
                    "202201",
                    108
                ]
            ],
            "rank_gap":-10
        },
        {
            "index":525,
            "아파트명":"푸른마을삼성",
            "투자타입":"일반",
            "전용면적(m2)":"83.89",
            "전용면적(평)":"25평",
            "법정동주소":"경기도 안양시 동안구 호계동 931",
            "도로명주소":"경기도 안양시 동안구 귀인로82번길 54",
            "세대수":0,
            "입주년차":20,
            "용적률점수":"--",
            "건폐율점수":"--",
            "세대당주차수":0,
            "난방방식":30,
            "공급면적":"--",
            "전용률":"--",
            "욕실수":50,
            "현관타입":10,
            "주거총점":13.0,
            "지역구공급총점":0.0,
            "역세권":0,
            "30분내 이동가능 거점":20,
            "1시간내 이동가능 거점":80,
            "교통총점":22.0,
            "백화점":100,
            "아울렛몰":80,
            "대형마트":0,
            "은행":20,
            "병원":30,
            "종합병원":100,
            "공원":80,
            "혐오시설":0,
            "인프라총점":65.4,
            "초등학군":89.97,
            "중학군":48.14,
            "학군총점":56.506,
            "인구수":35.05,
            "인구증감":-3.82,
            "인구총점":23.389,
            "일자리":17.98,
            "소득수준":63.58,
            "일자리총점":31.66,
            "가치 총점":38.3959,
            "매매실거래년":20210912.0,
            "매매실거래가":49000.0,
            "전세실거래년":20211230.0,
            "전세실거래가":22000.0,
            "전세가율":44.9,
            "장기전세가율평균":71.26,
            "전세가율거품지수":26.36,
            "검색코드":2026,
            "세대수":231.0,
            "준공년월":"1999-01-23",
            "준공년차":24.0,
            "가까운역이름":"범계",
            "가까운역거리":1070.83,
            "역세권여부":"비역세권",
            "30분이내주요거점역":1,
            "30분거점역이름":"['평촌']",
            "1시간이내주요거점역":8,
            "1시간거점역이름":"['강남', '역삼', '여의도', '평촌', '가산디지털단지', '수원', '명동', '안산']",
            "3km이내백화점수":1,
            "5km이내아울렛몰수":1,
            "1km이내대형먀트수":0,
            "500m이내은행수":2,
            "500m이내병원수":9,
            "5km이내대형병원수":5,
            "500m이내공원수":1,
            "3km이내혐오시설수":0,
            "초등학교학업성취도":89.97,
            "중학교학업성취도":78.9,
            "용적률":198,
            "건폐율":24,
            "Y":37.380169,
            "X":126.951242,
            "rank":119.0,
            "area_info":"25평(83.89), 32평(107.12)",
            "last_sales":"2021-09-12,49000.0,25평(83.89)",
            "rank_history":[
                [
                    "202202",
                    119
                ],
                [
                    "202201",
                    117
                ]
            ],
            "rank_gap":-2
        },
        {
            "index":536,
            "아파트명":"호계e-편한세상",
            "투자타입":"일반",
            "전용면적(m2)":"81.28",
            "전용면적(평)":"24평",
            "법정동주소":"경기도 안양시 동안구 호계동 813",
            "도로명주소":"경기도 안양시 동안구 경수대로 430",
            "세대수":100,
            "입주년차":20,
            "용적률점수":"--",
            "건폐율점수":"--",
            "세대당주차수":30,
            "난방방식":100,
            "공급면적":"--",
            "전용률":"--",
            "욕실수":50,
            "현관타입":100,
            "주거총점":68.5,
            "지역구공급총점":0.0,
            "역세권":0,
            "30분내 이동가능 거점":0,
            "1시간내 이동가능 거점":30,
            "교통총점":6.0,
            "백화점":0,
            "아울렛몰":100,
            "대형마트":0,
            "은행":0,
            "병원":60,
            "종합병원":100,
            "공원":100,
            "혐오시설":0,
            "인프라총점":39.0,
            "초등학군":89.99,
            "중학군":53.42,
            "학군총점":60.734,
            "인구수":35.05,
            "인구증감":-3.82,
            "인구총점":23.389,
            "일자리":17.98,
            "소득수준":63.58,
            "일자리총점":31.66,
            "가치 총점":36.6101,
            "매매실거래년":20211008.0,
            "매매실거래가":75000.0,
            "전세실거래년":20211001.0,
            "전세실거래가":31500.0,
            "전세가율":45.0,
            "장기전세가율평균":71.26,
            "전세가율거품지수":26.26,
            "검색코드":8036,
            "세대수":1752.0,
            "준공년월":"2003-12-15",
            "준공년차":20.0,
            "가까운역이름":"군포",
            "가까운역거리":1722.78,
            "역세권여부":"비역세권",
            "30분이내주요거점역":0,
            "30분거점역이름":"[]",
            "1시간이내주요거점역":3,
            "1시간거점역이름":"['평촌', '가산디지털단지', '수원']",
            "3km이내백화점수":0,
            "5km이내아울렛몰수":2,
            "1km이내대형먀트수":0,
            "500m이내은행수":1,
            "500m이내병원수":26,
            "5km이내대형병원수":5,
            "500m이내공원수":3,
            "3km이내혐오시설수":0,
            "초등학교학업성취도":89.99,
            "중학교학업성취도":87.3,
            "용적률":359,
            "건폐율":19,
            "Y":37.36423,
            "X":126.962595,
            "rank":120.0,
            "area_info":"24평(81.28), 24평(82.13), 32평(107.43), 32평(107.55), 37평(122.75), 43평(143.79), 52평(171.95)",
            "last_sales":"2021-10-08,75000.0,32평(107.55)",
            "rank_history":[
                [
                    "202202",
                    120
                ],
                [
                    "202201",
                    119
                ]
            ],
            "rank_gap":-1
        },
        {
            "index":424,
            "아파트명":"삼천리",
            "투자타입":"재건축",
            "전용면적(m2)":"59.4",
            "전용면적(평)":"17평",
            "법정동주소":"경기도 안양시 동안구 호계동 843-1",
            "도로명주소":"경기도 안양시 동안구 포도원로27번길 20",
            "세대수":0,
            "입주년차":"--",
            "용적률점수":100,
            "건폐율점수":80,
            "세대당주차수":"--",
            "난방방식":"--",
            "공급면적":50,
            "전용률":100,
            "욕실수":"--",
            "현관타입":"--",
            "주거총점":63.5,
            "지역구공급총점":0.0,
            "역세권":0,
            "30분내 이동가능 거점":0,
            "1시간내 이동가능 거점":30,
            "교통총점":6.0,
            "백화점":0,
            "아울렛몰":100,
            "대형마트":0,
            "은행":0,
            "병원":60,
            "종합병원":100,
            "공원":100,
            "혐오시설":0,
            "인프라총점":39.0,
            "초등학군":90.08,
            "중학군":53.42,
            "학군총점":60.752,
            "인구수":35.05,
            "인구증감":-3.82,
            "인구총점":23.389,
            "일자리":17.98,
            "소득수준":63.58,
            "일자리총점":31.66,
            "가치 총점":35.6128,
            "매매실거래년":20211211.0,
            "매매실거래가":42000.0,
            "전세실거래년":20210821.0,
            "전세실거래가":15000.0,
            "전세가율":35.71,
            "장기전세가율평균":71.26,
            "전세가율거품지수":35.55,
            "검색코드":2040,
            "세대수":190.0,
            "준공년월":"1984-12-11",
            "준공년차":39.0,
            "가까운역이름":"군포",
            "가까운역거리":1837.4,
            "역세권여부":"비역세권",
            "30분이내주요거점역":0,
            "30분거점역이름":"[]",
            "1시간이내주요거점역":3,
            "1시간거점역이름":"['평촌', '가산디지털단지', '수원']",
            "3km이내백화점수":0,
            "5km이내아울렛몰수":2,
            "1km이내대형먀트수":0,
            "500m이내은행수":1,
            "500m이내병원수":23,
            "5km이내대형병원수":5,
            "500m이내공원수":3,
            "3km이내혐오시설수":0,
            "초등학교학업성취도":90.08,
            "중학교학업성취도":87.3,
            "용적률":102,
            "건폐율":23,
            "Y":37.36352,
            "X":126.96505,
            "rank":121.0,
            "area_info":"17평(59.4), 18평(62.1), 20평(68.58)",
            "last_sales":"2021-12-11,42000.0,17평(59.4)",
            "rank_history":[
                [
                    "202202",
                    121
                ],
                [
                    "202201",
                    120
                ]
            ],
            "rank_gap":-1
        },
        {
            "index":457,
            "아파트명":"양수",
            "투자타입":"재건축",
            "전용면적(m2)":"50.4",
            "전용면적(평)":"15평",
            "법정동주소":"경기도 안양시 동안구 호계동 848-2",
            "도로명주소":"경기도 안양시 동안구 포도원로 25",
            "세대수":0,
            "입주년차":"--",
            "용적률점수":100,
            "건폐율점수":80,
            "세대당주차수":"--",
            "난방방식":"--",
            "공급면적":50,
            "전용률":80,
            "욕실수":"--",
            "현관타입":"--",
            "주거총점":62.5,
            "지역구공급총점":0.0,
            "역세권":0,
            "30분내 이동가능 거점":0,
            "1시간내 이동가능 거점":30,
            "교통총점":6.0,
            "백화점":0,
            "아울렛몰":100,
            "대형마트":0,
            "은행":0,
            "병원":60,
            "종합병원":100,
            "공원":100,
            "혐오시설":0,
            "인프라총점":39.0,
            "초등학군":90.08,
            "중학군":53.42,
            "학군총점":60.752,
            "인구수":35.05,
            "인구증감":-3.82,
            "인구총점":23.389,
            "일자리":17.98,
            "소득수준":63.58,
            "일자리총점":31.66,
            "가치 총점":35.4128,
            "매매실거래년":20210917.0,
            "매매실거래가":25000.0,
            "전세실거래년":20211117.0,
            "전세실거래가":13000.0,
            "전세가율":52.0,
            "장기전세가율평균":71.26,
            "전세가율거품지수":19.26,
            "검색코드":2032,
            "세대수":100.0,
            "준공년월":"1984-12-17",
            "준공년차":39.0,
            "가까운역이름":"군포",
            "가까운역거리":1750.97,
            "역세권여부":"비역세권",
            "30분이내주요거점역":0,
            "30분거점역이름":"[]",
            "1시간이내주요거점역":3,
            "1시간거점역이름":"['평촌', '가산디지털단지', '수원']",
            "3km이내백화점수":0,
            "5km이내아울렛몰수":2,
            "1km이내대형먀트수":0,
            "500m이내은행수":1,
            "500m이내병원수":25,
            "5km이내대형병원수":5,
            "500m이내공원수":3,
            "3km이내혐오시설수":0,
            "초등학교학업성취도":90.08,
            "중학교학업성취도":87.3,
            "용적률":130,
            "건폐율":26,
            "Y":37.36276,
            "X":126.96454,
            "rank":122.0,
            "area_info":"15평(50.4)",
            "last_sales":"2021-09-17,25000.0,15평(50.4)",
            "rank_history":[
                [
                    "202202",
                    122
                ],
                [
                    "202201",
                    121
                ]
            ],
            "rank_gap":-1
        },
        {
            "index":23,
            "아파트명":"동편마을3단지",
            "투자타입":"일반",
            "전용면적(m2)":"97.33",
            "전용면적(평)":"29평",
            "법정동주소":"경기도 안양시 동안구 관양동 1651",
            "도로명주소":"경기도 안양시 동안구 동편로 110",
            "세대수":90,
            "입주년차":60,
            "용적률점수":"--",
            "건폐율점수":"--",
            "세대당주차수":30,
            "난방방식":100,
            "공급면적":"--",
            "전용률":"--",
            "욕실수":100,
            "현관타입":100,
            "주거총점":78.0,
            "지역구공급총점":0.0,
            "역세권":0,
            "30분내 이동가능 거점":0,
            "1시간내 이동가능 거점":50,
            "교통총점":10.0,
            "백화점":0,
            "아울렛몰":0,
            "대형마트":0,
            "은행":0,
            "병원":10,
            "종합병원":100,
            "공원":80,
            "혐오시설":0,
            "인프라총점":23.4,
            "초등학군":89.95,
            "중학군":45.82,
            "학군총점":54.646,
            "인구수":35.05,
            "인구증감":-3.82,
            "인구총점":23.389,
            "일자리":17.98,
            "소득수준":63.58,
            "일자리총점":31.66,
            "가치 총점":34.3169,
            "매매실거래년":20211018.0,
            "매매실거래가":130000.0,
            "전세실거래년":20220126.0,
            "전세실거래가":48300.0,
            "전세가율":44.52,
            "장기전세가율평균":71.26,
            "전세가율거품지수":26.74,
            "검색코드":102312,
            "세대수":1042.0,
            "준공년월":"2012-04-27",
            "준공년차":11.0,
            "가까운역이름":"인덕원",
            "가까운역거리":1422.89,
            "역세권여부":"비역세권",
            "30분이내주요거점역":0,
            "30분거점역이름":"[]",
            "1시간이내주요거점역":5,
            "1시간거점역이름":"['강남', '역삼', '여의도', '평촌', '수원']",
            "3km이내백화점수":0,
            "5km이내아울렛몰수":0,
            "1km이내대형먀트수":0,
            "500m이내은행수":0,
            "500m이내병원수":2,
            "5km이내대형병원수":3,
            "500m이내공원수":1,
            "3km이내혐오시설수":0,
            "초등학교학업성취도":89.95,
            "중학교학업성취도":74.3,
            "용적률":189,
            "건폐율":21,
            "Y":37.413224,
            "X":126.970109,
            "rank":123.0,
            "area_info":"29평(97.33), 29평(98.14), 29평(98.08), 29평(98.14), 33평(110.81), 33평(111.24), 33평(111.24), 33평(111.23), 33평(111.26), 33평(111.22), 33평(111.14), 33평(111.2), 33평(111.23), 33평(111.14)",
            "last_sales":"2021-10-18,130000.0,33평(111.22)",
            "rank_history":[
                [
                    "202202",
                    123
                ],
                [
                    "202201",
                    123
                ]
            ],
            "rank_gap":0
        },
        {
            "index":209,
            "아파트명":"성원",
            "투자타입":"일반",
            "전용면적(m2)":"80.85",
            "전용면적(평)":"24평",
            "법정동주소":"경기도 안양시 동안구 비산동 1028-20",
            "도로명주소":"경기도 안양시 동안구 일동로 15",
            "세대수":0,
            "입주년차":0,
            "용적률점수":"--",
            "건폐율점수":"--",
            "세대당주차수":0,
            "난방방식":30,
            "공급면적":"--",
            "전용률":"--",
            "욕실수":50,
            "현관타입":10,
            "주거총점":9.0,
            "지역구공급총점":0.0,
            "역세권":0,
            "30분내 이동가능 거점":20,
            "1시간내 이동가능 거점":50,
            "교통총점":16.0,
            "백화점":100,
            "아울렛몰":0,
            "대형마트":0,
            "은행":0,
            "병원":60,
            "종합병원":100,
            "공원":100,
            "혐오시설":0,
            "인프라총점":59.0,
            "초등학군":89.96,
            "중학군":50.66,
            "학군총점":58.52,
            "인구수":35.05,
            "인구증감":-3.82,
            "인구총점":23.389,
            "일자리":17.98,
            "소득수준":63.58,
            "일자리총점":31.66,
            "가치 총점":33.878,
            "매매실거래년":20210825.0,
            "매매실거래가":52500.0,
            "전세실거래년":20220108.0,
            "전세실거래가":22575.0,
            "전세가율":43.0,
            "장기전세가율평균":71.26,
            "전세가율거품지수":28.26,
            "검색코드":9382,
            "세대수":282.0,
            "준공년월":"1995-12-11",
            "준공년차":28.0,
            "가까운역이름":"평촌",
            "가까운역거리":1760.22,
            "역세권여부":"비역세권",
            "30분이내주요거점역":1,
            "30분거점역이름":"['평촌']",
            "1시간이내주요거점역":5,
            "1시간거점역이름":"['역삼', '평촌', '가산디지털단지', '수원', '안산']",
            "3km이내백화점수":1,
            "5km이내아울렛몰수":0,
            "1km이내대형먀트수":0,
            "500m이내은행수":0,
            "500m이내병원수":11,
            "5km이내대형병원수":3,
            "500m이내공원수":7,
            "3km이내혐오시설수":0,
            "초등학교학업성취도":89.96,
            "중학교학업성취도":81.7,
            "용적률":287,
            "건폐율":21,
            "Y":37.407275,
            "X":126.952491,
            "rank":124.0,
            "area_info":"24평(80.85), 34평(114.66)",
            "last_sales":"2021-08-25,52500.0,24평(80.85)",
            "rank_history":[
                [
                    "202202",
                    124
                ],
                [
                    "202201",
                    124
                ]
            ],
            "rank_gap":0
        },
        {
            "index":547,
            "아파트명":"호계금호어울림",
            "투자타입":"일반",
            "전용면적(m2)":"81.35",
            "전용면적(평)":"24평",
            "법정동주소":"경기도 안양시 동안구 호계동 1278",
            "도로명주소":"경기도 안양시 동안구 호성로 20",
            "세대수":0,
            "입주년차":60,
            "용적률점수":"--",
            "건폐율점수":"--",
            "세대당주차수":30,
            "난방방식":100,
            "공급면적":"--",
            "전용률":"--",
            "욕실수":100,
            "현관타입":100,
            "주거총점":46.5,
            "지역구공급총점":0.0,
            "역세권":0,
            "30분내 이동가능 거점":0,
            "1시간내 이동가능 거점":30,
            "교통총점":6.0,
            "백화점":0,
            "아울렛몰":100,
            "대형마트":0,
            "은행":0,
            "병원":60,
            "종합병원":100,
            "공원":100,
            "혐오시설":0,
            "인프라총점":39.0,
            "초등학군":89.99,
            "중학군":53.42,
            "학군총점":60.734,
            "인구수":35.05,
            "인구증감":-3.82,
            "인구총점":23.389,
            "일자리":17.98,
            "소득수준":63.58,
            "일자리총점":31.66,
            "가치 총점":32.2101,
            "매매실거래년":20211011.0,
            "매매실거래가":58900.0,
            "전세실거래년":20201221.0,
            "전세실거래가":34000.0,
            "전세가율":57.72,
            "장기전세가율평균":71.26,
            "전세가율거품지수":13.54,
            "검색코드":103511,
            "세대수":136.0,
            "준공년월":"2012-12-14",
            "준공년차":11.0,
            "가까운역이름":"군포",
            "가까운역거리":1756.52,
            "역세권여부":"비역세권",
            "30분이내주요거점역":0,
            "30분거점역이름":"[]",
            "1시간이내주요거점역":3,
            "1시간거점역이름":"['평촌', '가산디지털단지', '수원']",
            "3km이내백화점수":0,
            "5km이내아울렛몰수":2,
            "1km이내대형먀트수":0,
            "500m이내은행수":1,
            "500m이내병원수":25,
            "5km이내대형병원수":5,
            "500m이내공원수":3,
            "3km이내혐오시설수":0,
            "초등학교학업성취도":89.99,
            "중학교학업성취도":87.3,
            "용적률":232,
            "건폐율":32,
            "Y":37.363369,
            "X":126.96404,
            "rank":125.0,
            "area_info":"24평(81.35), 27평(90.47), 27평(91.94), 32평(107.57), 32평(107.88), 32평(108.06)",
            "last_sales":"2021-10-11,58900.0,24평(81.35)",
            "rank_history":[
                [
                    "202202",
                    125
                ],
                [
                    "202201",
                    125
                ]
            ],
            "rank_gap":0
        },
        {
            "index":572,
            "아파트명":"호계현대",
            "투자타입":"일반",
            "전용면적(m2)":"78.74",
            "전용면적(평)":"23평",
            "법정동주소":"경기도 안양시 동안구 호계동 828-4",
            "도로명주소":"경기도 안양시 동안구 포도원로27번길 44",
            "세대수":0,
            "입주년차":20,
            "용적률점수":"--",
            "건폐율점수":"--",
            "세대당주차수":0,
            "난방방식":30,
            "공급면적":"--",
            "전용률":"--",
            "욕실수":50,
            "현관타입":100,
            "주거총점":22.0,
            "지역구공급총점":0.0,
            "역세권":0,
            "30분내 이동가능 거점":0,
            "1시간내 이동가능 거점":30,
            "교통총점":6.0,
            "백화점":0,
            "아울렛몰":100,
            "대형마트":0,
            "은행":0,
            "병원":60,
            "종합병원":100,
            "공원":100,
            "혐오시설":0,
            "인프라총점":39.0,
            "초등학군":89.99,
            "중학군":53.42,
            "학군총점":60.734,
            "인구수":35.05,
            "인구증감":-3.82,
            "인구총점":23.389,
            "일자리":17.98,
            "소득수준":63.58,
            "일자리총점":31.66,
            "가치 총점":27.3101,
            "매매실거래년":20211117.0,
            "매매실거래가":47000.0,
            "전세실거래년":20210901.0,
            "전세실거래가":37000.0,
            "전세가율":78.72,
            "장기전세가율평균":71.26,
            "전세가율거품지수":-7.46,
            "검색코드":3032,
            "세대수":212.0,
            "준공년월":"1999-12-10",
            "준공년차":24.0,
            "가까운역이름":"군포",
            "가까운역거리":1840.67,
            "역세권여부":"비역세권",
            "30분이내주요거점역":0,
            "30분거점역이름":"[]",
            "1시간이내주요거점역":3,
            "1시간거점역이름":"['평촌', '가산디지털단지', '수원']",
            "3km이내백화점수":0,
            "5km이내아울렛몰수":2,
            "1km이내대형먀트수":0,
            "500m이내은행수":1,
            "500m이내병원수":26,
            "5km이내대형병원수":5,
            "500m이내공원수":3,
            "3km이내혐오시설수":0,
            "초등학교학업성취도":89.99,
            "중학교학업성취도":87.3,
            "용적률":301,
            "건폐율":24,
            "Y":37.364094,
            "X":126.964527,
            "rank":126.0,
            "area_info":"23평(78.74), 29평(97.76), 33평(111.65)",
            "last_sales":"2021-11-17,47000.0,23평(78.74)",
            "rank_history":[
                [
                    "202202",
                    126
                ],
                [
                    "202201",
                    126
                ]
            ],
            "rank_gap":0
        },
        {
            "index":467,
            "아파트명":"일신건영장미",
            "투자타입":"일반",
            "전용면적(m2)":"74.18",
            "전용면적(평)":"22평",
            "법정동주소":"경기도 안양시 동안구 호계동 819-2",
            "도로명주소":"경기도 안양시 동안구 호성로 37",
            "세대수":0,
            "입주년차":20,
            "용적률점수":"--",
            "건폐율점수":"--",
            "세대당주차수":30,
            "난방방식":30,
            "공급면적":"--",
            "전용률":"--",
            "욕실수":50,
            "현관타입":10,
            "주거총점":17.5,
            "지역구공급총점":0.0,
            "역세권":0,
            "30분내 이동가능 거점":0,
            "1시간내 이동가능 거점":20,
            "교통총점":4.0,
            "백화점":0,
            "아울렛몰":100,
            "대형마트":0,
            "은행":0,
            "병원":60,
            "종합병원":100,
            "공원":100,
            "혐오시설":0,
            "인프라총점":39.0,
            "초등학군":89.99,
            "중학군":53.42,
            "학군총점":60.734,
            "인구수":35.05,
            "인구증감":-3.82,
            "인구총점":23.389,
            "일자리":17.98,
            "소득수준":63.58,
            "일자리총점":31.66,
            "가치 총점":25.7101,
            "매매실거래년":20210910.0,
            "매매실거래가":48900.0,
            "전세실거래년":20210531.0,
            "전세실거래가":28000.0,
            "전세가율":147.37,
            "장기전세가율평균":71.26,
            "전세가율거품지수":-76.11,
            "검색코드":8038,
            "세대수":168.0,
            "준공년월":"2000-10-27",
            "준공년차":23.0,
            "가까운역이름":"군포",
            "가까운역거리":1904.97,
            "역세권여부":"비역세권",
            "30분이내주요거점역":0,
            "30분거점역이름":"[]",
            "1시간이내주요거점역":2,
            "1시간거점역이름":"['평촌', '가산디지털단지']",
            "3km이내백화점수":0,
            "5km이내아울렛몰수":2,
            "1km이내대형먀트수":0,
            "500m이내은행수":1,
            "500m이내병원수":26,
            "5km이내대형병원수":5,
            "500m이내공원수":3,
            "3km이내혐오시설수":0,
            "초등학교학업성취도":89.99,
            "중학교학업성취도":87.3,
            "용적률":321,
            "건폐율":24,
            "Y":37.365414,
            "X":126.964023,
            "rank":127.0,
            "area_info":"22평(74.18), 24평(80.51), 34평(114.02)",
            "last_sales":"2021-09-10,48900.0,34평(114.02)",
            "rank_history":[
                [
                    "202202",
                    127
                ],
                [
                    "202201",
                    122
                ]
            ],
            "rank_gap":-5
        },
        {
            "index":472,
            "아파트명":"태하",
            "투자타입":"재건축",
            "전용면적(m2)":"72.73",
            "전용면적(평)":"22평",
            "법정동주소":"경기도 안양시 동안구 호계동 848-1",
            "도로명주소":"경기도 안양시 동안구 포도원로 31",
            "세대수":0,
            "입주년차":"--",
            "용적률점수":0,
            "건폐율점수":0,
            "세대당주차수":"--",
            "난방방식":"--",
            "공급면적":50,
            "전용률":60,
            "욕실수":"--",
            "현관타입":"--",
            "주거총점":5.5,
            "지역구공급총점":0.0,
            "역세권":0,
            "30분내 이동가능 거점":0,
            "1시간내 이동가능 거점":30,
            "교통총점":6.0,
            "백화점":0,
            "아울렛몰":100,
            "대형마트":0,
            "은행":0,
            "병원":60,
            "종합병원":100,
            "공원":100,
            "혐오시설":0,
            "인프라총점":39.0,
            "초등학군":90.08,
            "중학군":53.42,
            "학군총점":60.752,
            "인구수":35.05,
            "인구증감":-3.82,
            "인구총점":23.389,
            "일자리":17.98,
            "소득수준":63.58,
            "일자리총점":31.66,
            "가치 총점":24.0128,
            "매매실거래년":20210901.0,
            "매매실거래가":29500.0,
            "전세실거래년":20210823.0,
            "전세실거래가":16000.0,
            "전세가율":54.24,
            "장기전세가율평균":71.26,
            "전세가율거품지수":17.02,
            "검색코드":8606,
            "세대수":102.0,
            "준공년월":"1984-03-01",
            "준공년차":39.0,
            "가까운역이름":"군포",
            "가까운역거리":1789.41,
            "역세권여부":"비역세권",
            "30분이내주요거점역":0,
            "30분거점역이름":"[]",
            "1시간이내주요거점역":3,
            "1시간거점역이름":"['평촌', '가산디지털단지', '수원']",
            "3km이내백화점수":0,
            "5km이내아울렛몰수":2,
            "1km이내대형먀트수":0,
            "500m이내은행수":1,
            "500m이내병원수":22,
            "5km이내대형병원수":5,
            "500m이내공원수":2,
            "3km이내혐오시설수":0,
            "초등학교학업성취도":90.08,
            "중학교학업성취도":87.3,
            "용적률":0,
            "건폐율":0,
            "Y":37.36259,
            "X":126.96522,
            "rank":128.0,
            "area_info":"22평(72.73)",
            "last_sales":"2021-09-01,29500.0,22평(72.73)",
            "rank_history":[
                [
                    "202202",
                    128
                ],
                [
                    "202201",
                    127
                ]
            ],
            "rank_gap":-1
        }
    ]
}