{
    "schema":{
        "fields":[
            {
                "name":"index",
                "type":"integer"
            },
            {
                "name":"아파트명",
                "type":"string"
            },
            {
                "name":"투자타입",
                "type":"string"
            },
            {
                "name":"전용면적(m2)",
                "type":"string"
            },
            {
                "name":"전용면적(평)",
                "type":"string"
            },
            {
                "name":"법정동주소",
                "type":"string"
            },
            {
                "name":"도로명주소",
                "type":"string"
            },
            {
                "name":"세대수",
                "type":"integer"
            },
            {
                "name":"입주년차",
                "type":"string"
            },
            {
                "name":"용적률점수",
                "type":"string"
            },
            {
                "name":"건폐율점수",
                "type":"string"
            },
            {
                "name":"세대당주차수",
                "type":"string"
            },
            {
                "name":"난방방식",
                "type":"string"
            },
            {
                "name":"공급면적",
                "type":"string"
            },
            {
                "name":"전용률",
                "type":"string"
            },
            {
                "name":"욕실수",
                "type":"string"
            },
            {
                "name":"현관타입",
                "type":"string"
            },
            {
                "name":"주거총점",
                "type":"number"
            },
            {
                "name":"지역구공급총점",
                "type":"number"
            },
            {
                "name":"역세권",
                "type":"integer"
            },
            {
                "name":"30분내 이동가능 거점",
                "type":"integer"
            },
            {
                "name":"1시간내 이동가능 거점",
                "type":"integer"
            },
            {
                "name":"교통총점",
                "type":"number"
            },
            {
                "name":"백화점",
                "type":"integer"
            },
            {
                "name":"아울렛몰",
                "type":"integer"
            },
            {
                "name":"대형마트",
                "type":"integer"
            },
            {
                "name":"은행",
                "type":"integer"
            },
            {
                "name":"병원",
                "type":"integer"
            },
            {
                "name":"종합병원",
                "type":"integer"
            },
            {
                "name":"공원",
                "type":"integer"
            },
            {
                "name":"혐오시설",
                "type":"integer"
            },
            {
                "name":"인프라총점",
                "type":"number"
            },
            {
                "name":"초등학군",
                "type":"number"
            },
            {
                "name":"중학군",
                "type":"number"
            },
            {
                "name":"학군총점",
                "type":"number"
            },
            {
                "name":"인구수",
                "type":"number"
            },
            {
                "name":"인구증감",
                "type":"number"
            },
            {
                "name":"인구총점",
                "type":"number"
            },
            {
                "name":"일자리",
                "type":"number"
            },
            {
                "name":"소득수준",
                "type":"number"
            },
            {
                "name":"일자리총점",
                "type":"number"
            },
            {
                "name":"가치 총점",
                "type":"number"
            },
            {
                "name":"매매실거래년",
                "type":"string"
            },
            {
                "name":"매매실거래가",
                "type":"number"
            },
            {
                "name":"전세실거래년",
                "type":"number"
            },
            {
                "name":"전세실거래가",
                "type":"number"
            },
            {
                "name":"전세가율",
                "type":"number"
            },
            {
                "name":"장기전세가율평균",
                "type":"number"
            },
            {
                "name":"전세가율거품지수",
                "type":"number"
            },
            {
                "name":"검색코드",
                "type":"integer"
            },
            {
                "name":"세대수",
                "type":"integer"
            },
            {
                "name":"준공년월",
                "type":"string"
            },
            {
                "name":"준공년차",
                "type":"integer"
            },
            {
                "name":"가까운역이름",
                "type":"string"
            },
            {
                "name":"가까운역거리",
                "type":"number"
            },
            {
                "name":"역세권여부",
                "type":"string"
            },
            {
                "name":"30분이내주요거점역",
                "type":"integer"
            },
            {
                "name":"30분거점역이름",
                "type":"string"
            },
            {
                "name":"1시간이내주요거점역",
                "type":"integer"
            },
            {
                "name":"1시간거점역이름",
                "type":"string"
            },
            {
                "name":"3km이내백화점수",
                "type":"integer"
            },
            {
                "name":"5km이내아울렛몰수",
                "type":"integer"
            },
            {
                "name":"1km이내대형먀트수",
                "type":"integer"
            },
            {
                "name":"500m이내은행수",
                "type":"integer"
            },
            {
                "name":"500m이내병원수",
                "type":"integer"
            },
            {
                "name":"5km이내대형병원수",
                "type":"integer"
            },
            {
                "name":"500m이내공원수",
                "type":"integer"
            },
            {
                "name":"3km이내혐오시설수",
                "type":"integer"
            },
            {
                "name":"초등학교학업성취도",
                "type":"number"
            },
            {
                "name":"중학교학업성취도",
                "type":"number"
            },
            {
                "name":"용적률",
                "type":"integer"
            },
            {
                "name":"건폐율",
                "type":"integer"
            },
            {
                "name":"Y",
                "type":"number"
            },
            {
                "name":"X",
                "type":"number"
            },
            {
                "name":"rank",
                "type":"number"
            },
            {
                "name":"area_info",
                "type":"string"
            },
            {
                "name":"last_sales",
                "type":"string"
            },
            {
                "name":"rank_history",
                "type":"string"
            },
            {
                "name":"rank_gap",
                "type":"integer"
            }
        ],
        "primaryKey":[
            "index"
        ],
        "pandas_version":"1.4.0"
    },
    "data":[
        {
            "index":246,
            "아파트명":"유-플래닛광명역데시앙",
            "투자타입":"일반",
            "전용면적(m2)":"119.67",
            "전용면적(평)":"36평",
            "법정동주소":"경기도 광명시 일직동 512",
            "도로명주소":"경기도 광명시 양지로 7",
            "세대수":100,
            "입주년차":100,
            "용적률점수":"--",
            "건폐율점수":"--",
            "세대당주차수":0,
            "난방방식":100,
            "공급면적":"--",
            "전용률":"--",
            "욕실수":100,
            "현관타입":100,
            "주거총점":85.0,
            "지역구공급총점":0.0,
            "역세권":80,
            "30분내 이동가능 거점":20,
            "1시간내 이동가능 거점":100,
            "교통총점":66.0,
            "백화점":100,
            "아울렛몰":80,
            "대형마트":0,
            "은행":0,
            "병원":60,
            "종합병원":100,
            "공원":80,
            "혐오시설":0,
            "인프라총점":66.4,
            "초등학군":89.98,
            "중학군":46.2,
            "학군총점":54.956,
            "인구수":32.7,
            "인구증감":-11.59,
            "인구총점":19.413,
            "일자리":12.95,
            "소득수준":64.37,
            "일자리총점":28.376,
            "가치 총점":68.2634,
            "매매실거래년":20200704.0,
            "매매실거래가":142000.0,
            "전세실거래년":20220120.0,
            "전세실거래가":67000.0,
            "전세가율":63.02,
            "장기전세가율평균":64.35,
            "전세가율거품지수":1.33,
            "검색코드":112522,
            "세대수":1500,
            "준공년월":"2020-01-01",
            "준공년차":3,
            "가까운역이름":"광명",
            "가까운역거리":390.33,
            "역세권여부":"역세권",
            "30분이내주요거점역":1,
            "30분거점역이름":"['구로디지털단지']",
            "1시간이내주요거점역":12,
            "1시간거점역이름":"['강남', '여의도', '을지로입구', '을지로3가', '수원시청', '평촌', '가산디지털단지', '왕십리', '홍대입구', '수원', '구로디지털단지', '명동']",
            "3km이내백화점수":1,
            "5km이내아울렛몰수":1,
            "1km이내대형먀트수":0,
            "500m이내은행수":0,
            "500m이내병원수":12,
            "5km이내대형병원수":2,
            "500m이내공원수":1,
            "3km이내혐오시설수":0,
            "초등학교학업성취도":89.98,
            "중학교학업성취도":75.2,
            "용적률":486,
            "건폐율":21,
            "Y":37.419027,
            "X":126.881877,
            "rank":1.0,
            "area_info":"36평(119.67), 36평(120.19), 36평(120.55), 36평(121.72), 43평(144.65), 43평(145.07), 44평(146.38)",
            "last_sales":"2020-07-04,142000.0,44평(146.38)",
            "rank_history":[
                [
                    "202202",
                    1
                ],
                [
                    "202201",
                    14
                ]
            ],
            "rank_gap":13
        },
        {
            "index":228,
            "아파트명":"광명역써밋플레이스",
            "투자타입":"일반",
            "전용면적(m2)":"86.56",
            "전용면적(평)":"26평",
            "법정동주소":"경기도 광명시 일직동 513",
            "도로명주소":"경기도 광명시 양지로 16",
            "세대수":90,
            "입주년차":80,
            "용적률점수":"--",
            "건폐율점수":"--",
            "세대당주차수":30,
            "난방방식":100,
            "공급면적":"--",
            "전용률":"--",
            "욕실수":100,
            "현관타입":100,
            "주거총점":82.0,
            "지역구공급총점":0.0,
            "역세권":80,
            "30분내 이동가능 거점":20,
            "1시간내 이동가능 거점":100,
            "교통총점":66.0,
            "백화점":100,
            "아울렛몰":80,
            "대형마트":0,
            "은행":0,
            "병원":30,
            "종합병원":100,
            "공원":80,
            "혐오시설":0,
            "인프라총점":63.4,
            "초등학군":89.98,
            "중학군":46.2,
            "학군총점":54.956,
            "인구수":32.7,
            "인구증감":-11.59,
            "인구총점":19.413,
            "일자리":12.95,
            "소득수준":64.37,
            "일자리총점":28.376,
            "가치 총점":66.7634,
            "매매실거래년":20211112.0,
            "매매실거래가":159000.0,
            "전세실거래년":20220112.0,
            "전세실거래가":35000.0,
            "전세가율":29.91,
            "장기전세가율평균":64.35,
            "전세가율거품지수":34.44,
            "검색코드":109524,
            "세대수":1430,
            "준공년월":"2018-02-19",
            "준공년차":5,
            "가까운역이름":"광명",
            "가까운역거리":359.56,
            "역세권여부":"역세권",
            "30분이내주요거점역":1,
            "30분거점역이름":"['구로디지털단지']",
            "1시간이내주요거점역":13,
            "1시간거점역이름":"['강남', '역삼', '여의도', '을지로입구', '을지로3가', '수원시청', '평촌', '가산디지털단지', '왕십리', '홍대입구', '수원', '구로디지털단지', '명동']",
            "3km이내백화점수":1,
            "5km이내아울렛몰수":1,
            "1km이내대형먀트수":0,
            "500m이내은행수":0,
            "500m이내병원수":9,
            "5km이내대형병원수":2,
            "500m이내공원수":1,
            "3km이내혐오시설수":0,
            "초등학교학업성취도":89.98,
            "중학교학업성취도":75.2,
            "용적률":349,
            "건폐율":19,
            "Y":37.416689,
            "X":126.880445,
            "rank":2.0,
            "area_info":"26평(86.56), 36평(120.81), 36평(121.57), 36평(121.73), 36평(121.33), 42평(140.0)",
            "last_sales":"2021-11-12,159000.0,42평(140.0)",
            "rank_history":[
                [
                    "202202",
                    2
                ],
                [
                    "202201",
                    18
                ]
            ],
            "rank_gap":16
        },
        {
            "index":304,
            "아파트명":"주공13단지",
            "투자타입":"재건축",
            "전용면적(m2)":"93.62",
            "전용면적(평)":"28평",
            "법정동주소":"경기도 광명시 철산동 241",
            "도로명주소":"경기도 광명시 철산로 57",
            "세대수":100,
            "입주년차":"--",
            "용적률점수":80,
            "건폐율점수":100,
            "세대당주차수":"--",
            "난방방식":"--",
            "공급면적":70,
            "전용률":60,
            "욕실수":"--",
            "현관타입":"--",
            "주거총점":88.5,
            "지역구공급총점":0.0,
            "역세권":80,
            "30분내 이동가능 거점":40,
            "1시간내 이동가능 거점":100,
            "교통총점":72.0,
            "백화점":0,
            "아울렛몰":100,
            "대형마트":0,
            "은행":100,
            "병원":80,
            "종합병원":100,
            "공원":100,
            "혐오시설":0,
            "인프라총점":51.0,
            "초등학군":89.99,
            "중학군":43.04,
            "학군총점":52.43,
            "인구수":32.7,
            "인구증감":-11.59,
            "인구총점":19.413,
            "일자리":12.95,
            "소득수준":64.37,
            "일자리총점":28.376,
            "가치 총점":66.0645,
            "매매실거래년":20211229.0,
            "매매실거래가":104000.0,
            "전세실거래년":20220122.0,
            "전세실거래가":30000.0,
            "전세가율":28.85,
            "장기전세가율평균":64.35,
            "전세가율거품지수":35.5,
            "검색코드":1612,
            "세대수":2460,
            "준공년월":"1986-07-10",
            "준공년차":37,
            "가까운역이름":"철산",
            "가까운역거리":381.69,
            "역세권여부":"역세권",
            "30분이내주요거점역":2,
            "30분거점역이름":"['가산디지털단지', '구로디지털단지']",
            "1시간이내주요거점역":17,
            "1시간거점역이름":"['강남', '역삼', '잠실', '판교', '여의도', '을지로입구', '을지로3가', '양재', '수원시청', '평촌', '가산디지털단지', '왕십리', '홍대입구', '수원', '구로디지털단지', '명동', '마곡']",
            "3km이내백화점수":0,
            "5km이내아울렛몰수":2,
            "1km이내대형먀트수":0,
            "500m이내은행수":5,
            "500m이내병원수":52,
            "5km이내대형병원수":9,
            "500m이내공원수":3,
            "3km이내혐오시설수":0,
            "초등학교학업성취도":89.99,
            "중학교학업성취도":71.2,
            "용적률":170,
            "건폐율":13,
            "Y":37.478829,
            "X":126.87045,
            "rank":3.0,
            "area_info":"28평(93.62), 28평(93.26), 30평(100.26), 30평(101.7), 30평(102.06), 30평(102.11), 32평(106.99), 32평(107.23), 32평(108.17), 39평(130.3), 42평(141.69)",
            "last_sales":"2021-12-29,104000.0,28평(93.62)",
            "rank_history":[
                [
                    "202202",
                    3
                ],
                [
                    "202201",
                    1
                ]
            ],
            "rank_gap":-2
        },
        {
            "index":296,
            "아파트명":"주공12단지",
            "투자타입":"재건축",
            "전용면적(m2)":"71.14",
            "전용면적(평)":"21평",
            "법정동주소":"경기도 광명시 철산동 449",
            "도로명주소":"경기도 광명시 디지털로 63",
            "세대수":100,
            "입주년차":"--",
            "용적률점수":80,
            "건폐율점수":100,
            "세대당주차수":"--",
            "난방방식":"--",
            "공급면적":50,
            "전용률":60,
            "욕실수":"--",
            "현관타입":"--",
            "주거총점":87.5,
            "지역구공급총점":0.0,
            "역세권":80,
            "30분내 이동가능 거점":40,
            "1시간내 이동가능 거점":100,
            "교통총점":72.0,
            "백화점":0,
            "아울렛몰":100,
            "대형마트":0,
            "은행":100,
            "병원":80,
            "종합병원":100,
            "공원":100,
            "혐오시설":0,
            "인프라총점":51.0,
            "초등학군":89.99,
            "중학군":43.04,
            "학군총점":52.43,
            "인구수":32.7,
            "인구증감":-11.59,
            "인구총점":19.413,
            "일자리":12.95,
            "소득수준":64.37,
            "일자리총점":28.376,
            "가치 총점":65.8645,
            "매매실거래년":20211109.0,
            "매매실거래가":95500.0,
            "전세실거래년":20220122.0,
            "전세실거래가":35000.0,
            "전세가율":39.77,
            "장기전세가율평균":64.35,
            "전세가율거품지수":24.58,
            "검색코드":1611,
            "세대수":1800,
            "준공년월":"1986-07-10",
            "준공년차":37,
            "가까운역이름":"철산",
            "가까운역거리":443.22,
            "역세권여부":"역세권",
            "30분이내주요거점역":2,
            "30분거점역이름":"['가산디지털단지', '구로디지털단지']",
            "1시간이내주요거점역":16,
            "1시간거점역이름":"['강남', '역삼', '잠실', '판교', '여의도', '을지로입구', '을지로3가', '수원시청', '평촌', '가산디지털단지', '왕십리', '홍대입구', '수원', '구로디지털단지', '명동', '마곡']",
            "3km이내백화점수":0,
            "5km이내아울렛몰수":2,
            "1km이내대형먀트수":0,
            "500m이내은행수":5,
            "500m이내병원수":51,
            "5km이내대형병원수":8,
            "500m이내공원수":3,
            "3km이내혐오시설수":0,
            "초등학교학업성취도":89.99,
            "중학교학업성취도":71.2,
            "용적률":159,
            "건폐율":13,
            "Y":37.475563,
            "X":126.872896,
            "rank":4.0,
            "area_info":"21평(71.14), 22평(74.38), 24평(80.12), 25평(82.99), 27평(91.36), 30평(100.24), 31평(103.77), 33평(110.98)",
            "last_sales":"2021-11-09,95500.0,24평(80.12)",
            "rank_history":[
                [
                    "202202",
                    4
                ],
                [
                    "202201",
                    2
                ]
            ],
            "rank_gap":-2
        },
        {
            "index":381,
            "아파트명":"주공12단지",
            "투자타입":"재건축",
            "전용면적(m2)":"59.04",
            "전용면적(평)":"17평",
            "법정동주소":"경기도 광명시 하안동 110",
            "도로명주소":"경기도 광명시 하안로 284",
            "세대수":100,
            "입주년차":"--",
            "용적률점수":80,
            "건폐율점수":100,
            "세대당주차수":"--",
            "난방방식":"--",
            "공급면적":50,
            "전용률":60,
            "욕실수":"--",
            "현관타입":"--",
            "주거총점":87.5,
            "지역구공급총점":0.0,
            "역세권":50,
            "30분내 이동가능 거점":40,
            "1시간내 이동가능 거점":100,
            "교통총점":57.0,
            "백화점":0,
            "아울렛몰":100,
            "대형마트":100,
            "은행":70,
            "병원":100,
            "종합병원":100,
            "공원":100,
            "혐오시설":0,
            "인프라총점":65.0,
            "초등학군":89.98,
            "중학군":49.7,
            "학군총점":57.756,
            "인구수":32.7,
            "인구증감":-11.59,
            "인구총점":19.413,
            "일자리":12.95,
            "소득수준":64.37,
            "일자리총점":28.376,
            "가치 총점":65.6134,
            "매매실거래년":20211130.0,
            "매매실거래가":89950.0,
            "전세실거래년":20220118.0,
            "전세실거래가":16270.0,
            "전세가율":24.84,
            "장기전세가율평균":64.35,
            "전세가율거품지수":39.51,
            "검색코드":1625,
            "세대수":2392,
            "준공년월":"1990-11-14",
            "준공년차":33,
            "가까운역이름":"독산",
            "가까운역거리":837.15,
            "역세권여부":"준역세권",
            "30분이내주요거점역":2,
            "30분거점역이름":"['가산디지털단지', '구로디지털단지']",
            "1시간이내주요거점역":12,
            "1시간거점역이름":"['강남', '역삼', '여의도', '을지로입구', '을지로3가', '양재', '평촌', '가산디지털단지', '수원', '구로디지털단지', '명동', '마곡']",
            "3km이내백화점수":0,
            "5km이내아울렛몰수":3,
            "1km이내대형먀트수":2,
            "500m이내은행수":4,
            "500m이내병원수":70,
            "5km이내대형병원수":7,
            "500m이내공원수":8,
            "3km이내혐오시설수":0,
            "초등학교학업성취도":89.98,
            "중학교학업성취도":81.7,
            "용적률":155,
            "건폐율":12,
            "Y":37.460945,
            "X":126.883006,
            "rank":5.0,
            "area_info":"17평(59.04), 23평(77.89), 24평(80.31), 28평(94.25), 31평(104.45)",
            "last_sales":"2021-11-30,89950.0,28평(94.25)",
            "rank_history":[
                [
                    "202202",
                    5
                ],
                [
                    "202201",
                    5
                ]
            ],
            "rank_gap":0
        },
        {
            "index":377,
            "아파트명":"주공11단지",
            "투자타입":"재건축",
            "전용면적(m2)":"52.55",
            "전용면적(평)":"15평",
            "법정동주소":"경기도 광명시 하안동 27",
            "도로명주소":"경기도 광명시 하안로 318",
            "세대수":90,
            "입주년차":"--",
            "용적률점수":80,
            "건폐율점수":100,
            "세대당주차수":"--",
            "난방방식":"--",
            "공급면적":50,
            "전용률":40,
            "욕실수":"--",
            "현관타입":"--",
            "주거총점":83.5,
            "지역구공급총점":0.0,
            "역세권":50,
            "30분내 이동가능 거점":40,
            "1시간내 이동가능 거점":100,
            "교통총점":57.0,
            "백화점":0,
            "아울렛몰":100,
            "대형마트":100,
            "은행":70,
            "병원":100,
            "종합병원":100,
            "공원":100,
            "혐오시설":0,
            "인프라총점":65.0,
            "초등학군":89.99,
            "중학군":50.98,
            "학군총점":58.782,
            "인구수":32.7,
            "인구증감":-11.59,
            "인구총점":19.413,
            "일자리":12.95,
            "소득수준":64.37,
            "일자리총점":28.376,
            "가치 총점":64.9673,
            "매매실거래년":20211105.0,
            "매매실거래가":60000.0,
            "전세실거래년":20220120.0,
            "전세실거래가":24000.0,
            "전세가율":40.68,
            "장기전세가율평균":64.35,
            "전세가율거품지수":23.67,
            "검색코드":1624,
            "세대수":1080,
            "준공년월":"1990-06-25",
            "준공년차":33,
            "가까운역이름":"독산",
            "가까운역거리":711.05,
            "역세권여부":"준역세권",
            "30분이내주요거점역":2,
            "30분거점역이름":"['가산디지털단지', '구로디지털단지']",
            "1시간이내주요거점역":14,
            "1시간거점역이름":"['강남', '역삼', '잠실', '여의도', '을지로입구', '을지로3가', '양재', '평촌', '가산디지털단지', '왕십리', '홍대입구', '수원', '구로디지털단지', '마곡']",
            "3km이내백화점수":0,
            "5km이내아울렛몰수":3,
            "1km이내대형먀트수":2,
            "500m이내은행수":4,
            "500m이내병원수":67,
            "5km이내대형병원수":9,
            "500m이내공원수":6,
            "3km이내혐오시설수":0,
            "초등학교학업성취도":89.99,
            "중학교학업성취도":83.3,
            "용적률":151,
            "건폐율":11,
            "Y":37.464617,
            "X":126.881595,
            "rank":6.0,
            "area_info":"15평(52.55), 15평(52.81), 17평(57.15), 20평(69.1)",
            "last_sales":"2021-11-05,60000.0,15평(52.81)",
            "rank_history":[
                [
                    "202202",
                    6
                ],
                [
                    "202201",
                    8
                ]
            ],
            "rank_gap":2
        },
        {
            "index":371,
            "아파트명":"주공10단지",
            "투자타입":"재건축",
            "전용면적(m2)":"60.52",
            "전용면적(평)":"18평",
            "법정동주소":"경기도 광명시 하안동 30",
            "도로명주소":"경기도 광명시 하안로 320",
            "세대수":100,
            "입주년차":"--",
            "용적률점수":80,
            "건폐율점수":100,
            "세대당주차수":"--",
            "난방방식":"--",
            "공급면적":50,
            "전용률":60,
            "욕실수":"--",
            "현관타입":"--",
            "주거총점":87.5,
            "지역구공급총점":0.0,
            "역세권":50,
            "30분내 이동가능 거점":40,
            "1시간내 이동가능 거점":100,
            "교통총점":57.0,
            "백화점":0,
            "아울렛몰":100,
            "대형마트":100,
            "은행":20,
            "병원":100,
            "종합병원":100,
            "공원":100,
            "혐오시설":0,
            "인프라총점":60.0,
            "초등학군":89.99,
            "중학군":50.98,
            "학군총점":58.782,
            "인구수":32.7,
            "인구증감":-11.59,
            "인구총점":19.413,
            "일자리":12.95,
            "소득수준":64.37,
            "일자리총점":28.376,
            "가치 총점":64.2673,
            "매매실거래년":20211223.0,
            "매매실거래가":67000.0,
            "전세실거래년":20220115.0,
            "전세실거래가":14700.0,
            "전세가율":26.25,
            "장기전세가율평균":64.35,
            "전세가율거품지수":38.1,
            "검색코드":1623,
            "세대수":2032,
            "준공년월":"1990-03-19",
            "준공년차":33,
            "가까운역이름":"독산",
            "가까운역거리":819.69,
            "역세권여부":"준역세권",
            "30분이내주요거점역":2,
            "30분거점역이름":"['가산디지털단지', '구로디지털단지']",
            "1시간이내주요거점역":12,
            "1시간거점역이름":"['강남', '역삼', '여의도', '을지로입구', '을지로3가', '양재', '평촌', '가산디지털단지', '왕십리', '수원', '구로디지털단지', '마곡']",
            "3km이내백화점수":0,
            "5km이내아울렛몰수":3,
            "1km이내대형먀트수":2,
            "500m이내은행수":2,
            "500m이내병원수":66,
            "5km이내대형병원수":8,
            "500m이내공원수":5,
            "3km이내혐오시설수":0,
            "초등학교학업성취도":89.99,
            "중학교학업성취도":83.3,
            "용적률":176,
            "건폐율":13,
            "Y":37.466025,
            "X":126.879991,
            "rank":7.0,
            "area_info":"18평(60.52), 18평(60.07), 19평(63.64), 24평(80.17), 24평(82.57), 31평(105.49)",
            "last_sales":"2021-12-23,67000.0,24평(82.57)",
            "rank_history":[
                [
                    "202202",
                    7
                ],
                [
                    "202201",
                    10
                ]
            ],
            "rank_gap":3
        },
        {
            "index":325,
            "아파트명":"철산리버빌주공",
            "투자타입":"일반",
            "전용면적(m2)":"74.12",
            "전용면적(평)":"22평",
            "법정동주소":"경기도 광명시 철산동 626-1",
            "도로명주소":"경기도 광명시 안양천로502번길 12",
            "세대수":50,
            "입주년차":20,
            "용적률점수":"--",
            "건폐율점수":"--",
            "세대당주차수":0,
            "난방방식":30,
            "공급면적":"--",
            "전용률":"--",
            "욕실수":50,
            "현관타입":10,
            "주거총점":30.5,
            "지역구공급총점":0.0,
            "역세권":80,
            "30분내 이동가능 거점":60,
            "1시간내 이동가능 거점":100,
            "교통총점":78.0,
            "백화점":100,
            "아울렛몰":100,
            "대형마트":100,
            "은행":0,
            "병원":0,
            "종합병원":100,
            "공원":0,
            "혐오시설":0,
            "인프라총점":75.0,
            "초등학군":89.93,
            "중학군":47.22,
            "학군총점":55.762,
            "인구수":32.7,
            "인구증감":-11.59,
            "인구총점":19.413,
            "일자리":12.95,
            "소득수준":64.37,
            "일자리총점":28.376,
            "가치 총점":64.2643,
            "매매실거래년":20211028.0,
            "매매실거래가":58000.0,
            "전세실거래년":20220125.0,
            "전세실거래가":26500.0,
            "전세가율":48.18,
            "장기전세가율평균":64.35,
            "전세가율거품지수":16.17,
            "검색코드":8186,
            "세대수":401,
            "준공년월":"2001-10-15",
            "준공년차":22,
            "가까운역이름":"구일",
            "가까운역거리":365.61,
            "역세권여부":"역세권",
            "30분이내주요거점역":3,
            "30분거점역이름":"['여의도', '가산디지털단지', '구로디지털단지']",
            "1시간이내주요거점역":16,
            "1시간거점역이름":"['강남', '역삼', '잠실', '여의도', '을지로입구', '을지로3가', '양재', '수원시청', '평촌', '가산디지털단지', '왕십리', '홍대입구', '수원', '구로디지털단지', '명동', '마곡']",
            "3km이내백화점수":1,
            "5km이내아울렛몰수":2,
            "1km이내대형먀트수":2,
            "500m이내은행수":0,
            "500m이내병원수":1,
            "5km이내대형병원수":12,
            "500m이내공원수":0,
            "3km이내혐오시설수":0,
            "초등학교학업성취도":89.93,
            "중학교학업성취도":77.7,
            "용적률":283,
            "건폐율":18,
            "Y":37.494232,
            "X":126.868137,
            "rank":8.0,
            "area_info":"22평(74.12), 22평(74.27), 22평(74.45), 23평(77.36), 33평(109.8)",
            "last_sales":"2021-10-28,58000.0,22평(74.27)",
            "rank_history":[
                [
                    "202202",
                    8
                ],
                [
                    "202201",
                    15
                ]
            ],
            "rank_gap":7
        },
        {
            "index":330,
            "아파트명":"철산센트럴푸르지오",
            "투자타입":"일반",
            "전용면적(m2)":"81.29",
            "전용면적(평)":"24평",
            "법정동주소":"경기도 광명시 철산동 638",
            "도로명주소":"경기도 광명시 오리로 835",
            "세대수":80,
            "입주년차":100,
            "용적률점수":"--",
            "건폐율점수":"--",
            "세대당주차수":30,
            "난방방식":30,
            "공급면적":"--",
            "전용률":"--",
            "욕실수":100,
            "현관타입":100,
            "주거총점":75.5,
            "지역구공급총점":0.0,
            "역세권":80,
            "30분내 이동가능 거점":40,
            "1시간내 이동가능 거점":100,
            "교통총점":72.0,
            "백화점":0,
            "아울렛몰":100,
            "대형마트":0,
            "은행":100,
            "병원":100,
            "종합병원":100,
            "공원":100,
            "혐오시설":0,
            "인프라총점":53.0,
            "초등학군":90.05,
            "중학군":43.04,
            "학군총점":52.442,
            "인구수":32.7,
            "인구증감":-11.59,
            "인구총점":19.413,
            "일자리":12.95,
            "소득수준":64.37,
            "일자리총점":28.376,
            "가치 총점":64.0663,
            "매매실거래년":20211206.0,
            "매매실거래가":117000.0,
            "전세실거래년":20210825.0,
            "전세실거래가":70000.0,
            "전세가율":59.83,
            "장기전세가율평균":64.35,
            "전세가율거품지수":4.52,
            "검색코드":122487,
            "세대수":798,
            "준공년월":"2021-03-01",
            "준공년차":2,
            "가까운역이름":"철산",
            "가까운역거리":456.81,
            "역세권여부":"역세권",
            "30분이내주요거점역":2,
            "30분거점역이름":"['가산디지털단지', '구로디지털단지']",
            "1시간이내주요거점역":15,
            "1시간거점역이름":"['강남', '역삼', '잠실', '여의도', '을지로입구', '을지로3가', '수원시청', '평촌', '가산디지털단지', '왕십리', '홍대입구', '수원', '구로디지털단지', '명동', '마곡']",
            "3km이내백화점수":0,
            "5km이내아울렛몰수":2,
            "1km이내대형먀트수":0,
            "500m이내은행수":6,
            "500m이내병원수":80,
            "5km이내대형병원수":7,
            "500m이내공원수":2,
            "3km이내혐오시설수":0,
            "초등학교학업성취도":90.05,
            "중학교학업성취도":71.2,
            "용적률":262,
            "건폐율":15,
            "Y":37.472063,
            "X":126.866663,
            "rank":9.0,
            "area_info":"24평(81.29), 24평(81.79), 32평(107.24), 32평(108.09), 40평(133.06)",
            "last_sales":"2021-12-06,117000.0,24평(81.29)",
            "rank_history":[
                [
                    "202202",
                    9
                ],
                [
                    "202201",
                    4
                ]
            ],
            "rank_gap":-5
        },
        {
            "index":335,
            "아파트명":"철산푸르지오하늘채",
            "투자타입":"일반",
            "전용면적(m2)":"80.91",
            "전용면적(평)":"24평",
            "법정동주소":"경기도 광명시 철산동 637",
            "도로명주소":"경기도 광명시 디지털로 24",
            "세대수":90,
            "입주년차":60,
            "용적률점수":"--",
            "건폐율점수":"--",
            "세대당주차수":60,
            "난방방식":30,
            "공급면적":"--",
            "전용률":"--",
            "욕실수":100,
            "현관타입":100,
            "주거총점":75.5,
            "지역구공급총점":0.0,
            "역세권":80,
            "30분내 이동가능 거점":40,
            "1시간내 이동가능 거점":100,
            "교통총점":72.0,
            "백화점":0,
            "아울렛몰":100,
            "대형마트":0,
            "은행":100,
            "병원":100,
            "종합병원":100,
            "공원":100,
            "혐오시설":0,
            "인프라총점":53.0,
            "초등학군":90.0,
            "중학군":43.04,
            "학군총점":52.432,
            "인구수":32.7,
            "인구증감":-11.59,
            "인구총점":19.413,
            "일자리":12.95,
            "소득수준":64.37,
            "일자리총점":28.376,
            "가치 총점":64.0648,
            "매매실거래년":20211026.0,
            "매매실거래가":141700.0,
            "전세실거래년":20211227.0,
            "전세실거래가":47250.0,
            "전세가율":47.25,
            "장기전세가율평균":64.35,
            "전세가율거품지수":17.1,
            "검색코드":25901,
            "세대수":1264,
            "준공년월":"2010-02-18",
            "준공년차":13,
            "가까운역이름":"철산",
            "가까운역거리":373.26,
            "역세권여부":"역세권",
            "30분이내주요거점역":2,
            "30분거점역이름":"['가산디지털단지', '구로디지털단지']",
            "1시간이내주요거점역":17,
            "1시간거점역이름":"['강남', '역삼', '잠실', '판교', '여의도', '을지로입구', '을지로3가', '양재', '수원시청', '평촌', '가산디지털단지', '왕십리', '홍대입구', '수원', '구로디지털단지', '명동', '마곡']",
            "3km이내백화점수":0,
            "5km이내아울렛몰수":2,
            "1km이내대형먀트수":0,
            "500m이내은행수":7,
            "500m이내병원수":103,
            "5km이내대형병원수":7,
            "500m이내공원수":3,
            "3km이내혐오시설수":0,
            "초등학교학업성취도":90.0,
            "중학교학업성취도":71.2,
            "용적률":254,
            "건폐율":14,
            "Y":37.472757,
            "X":126.868732,
            "rank":10.0,
            "area_info":"24평(80.91), 24평(80.58), 32평(107.07), 32평(108.42), 33평(112.16), 43평(142.72), 43평(142.72), 43평(144.47), 50평(168.11)",
            "last_sales":"2021-10-26,141700.0,43평(144.47)",
            "rank_history":[
                [
                    "202202",
                    10
                ],
                [
                    "202201",
                    3
                ]
            ],
            "rank_gap":-7
        },
        {
            "index":220,
            "아파트명":"광명역센트럴자이",
            "투자타입":"일반",
            "전용면적(m2)":"87.74",
            "전용면적(평)":"26평",
            "법정동주소":"경기도 광명시 일직동 517",
            "도로명주소":"경기도 광명시 광명역로 28",
            "세대수":90,
            "입주년차":80,
            "용적률점수":"--",
            "건폐율점수":"--",
            "세대당주차수":60,
            "난방방식":0,
            "공급면적":"--",
            "전용률":"--",
            "욕실수":100,
            "현관타입":100,
            "주거총점":76.5,
            "지역구공급총점":0.0,
            "역세권":80,
            "30분내 이동가능 거점":0,
            "1시간내 이동가능 거점":100,
            "교통총점":60.0,
            "백화점":100,
            "아울렛몰":80,
            "대형마트":0,
            "은행":0,
            "병원":60,
            "종합병원":100,
            "공원":80,
            "혐오시설":0,
            "인프라총점":66.4,
            "초등학군":89.98,
            "중학군":36.64,
            "학군총점":47.308,
            "인구수":32.7,
            "인구증감":-11.59,
            "인구총점":19.413,
            "일자리":12.95,
            "소득수준":64.37,
            "일자리총점":28.376,
            "가치 총점":63.3162,
            "매매실거래년":20211128.0,
            "매매실거래가":147000.0,
            "전세실거래년":20211227.0,
            "전세실거래가":42950.0,
            "전세가율":37.35,
            "장기전세가율평균":64.35,
            "전세가율거품지수":27.0,
            "검색코드":111972,
            "세대수":1005,
            "준공년월":"2018-12-01",
            "준공년차":5,
            "가까운역이름":"광명",
            "가까운역거리":299.52,
            "역세권여부":"역세권",
            "30분이내주요거점역":0,
            "30분거점역이름":"[]",
            "1시간이내주요거점역":10,
            "1시간거점역이름":"['여의도', '을지로입구', '을지로3가', '평촌', '가산디지털단지', '왕십리', '홍대입구', '수원', '구로디지털단지', '명동']",
            "3km이내백화점수":1,
            "5km이내아울렛몰수":1,
            "1km이내대형먀트수":0,
            "500m이내은행수":0,
            "500m이내병원수":12,
            "5km이내대형병원수":2,
            "500m이내공원수":1,
            "3km이내혐오시설수":0,
            "초등학교학업성취도":89.98,
            "중학교학업성취도":59.8,
            "용적률":349,
            "건폐율":23,
            "Y":37.417368,
            "X":126.887511,
            "rank":11.0,
            "area_info":"26평(87.74), 26평(88.58), 35평(116.74), 35평(117.07), 35평(117.09), 40평(132.75), 40평(133.19), 51평(171.5)",
            "last_sales":"2021-11-28,147000.0,35평(117.09)",
            "rank_history":[
                [
                    "202202",
                    11
                ],
                [
                    "202201",
                    32
                ]
            ],
            "rank_gap":21
        },
        {
            "index":253,
            "아파트명":"광명롯데낙천대",
            "투자타입":"일반",
            "전용면적(m2)":"78.26",
            "전용면적(평)":"23평",
            "법정동주소":"경기도 광명시 철산동 627",
            "도로명주소":"경기도 광명시 사성로 123",
            "세대수":50,
            "입주년차":40,
            "용적률점수":"--",
            "건폐율점수":"--",
            "세대당주차수":0,
            "난방방식":30,
            "공급면적":"--",
            "전용률":"--",
            "욕실수":100,
            "현관타입":100,
            "주거총점":48.5,
            "지역구공급총점":0.0,
            "역세권":50,
            "30분내 이동가능 거점":40,
            "1시간내 이동가능 거점":100,
            "교통총점":57.0,
            "백화점":100,
            "아울렛몰":100,
            "대형마트":100,
            "은행":0,
            "병원":30,
            "종합병원":100,
            "공원":80,
            "혐오시설":0,
            "인프라총점":80.4,
            "초등학군":89.93,
            "중학군":47.22,
            "학군총점":55.762,
            "인구수":32.7,
            "인구증감":-11.59,
            "인구총점":19.413,
            "일자리":12.95,
            "소득수준":64.37,
            "일자리총점":28.376,
            "가치 총점":62.1343,
            "매매실거래년":20211030.0,
            "매매실거래가":75000.0,
            "전세실거래년":20220120.0,
            "전세실거래가":30975.0,
            "전세가율":41.3,
            "장기전세가율평균":64.35,
            "전세가율거품지수":23.05,
            "검색코드":10151,
            "세대수":442,
            "준공년월":"2005-02-18",
            "준공년차":18,
            "가까운역이름":"구일",
            "가까운역거리":659.0,
            "역세권여부":"준역세권",
            "30분이내주요거점역":2,
            "30분거점역이름":"['가산디지털단지', '구로디지털단지']",
            "1시간이내주요거점역":16,
            "1시간거점역이름":"['강남', '역삼', '잠실', '여의도', '을지로입구', '을지로3가', '양재', '수원시청', '평촌', '가산디지털단지', '왕십리', '홍대입구', '수원', '구로디지털단지', '명동', '마곡']",
            "3km이내백화점수":1,
            "5km이내아울렛몰수":2,
            "1km이내대형먀트수":2,
            "500m이내은행수":0,
            "500m이내병원수":8,
            "5km이내대형병원수":11,
            "500m이내공원수":1,
            "3km이내혐오시설수":0,
            "초등학교학업성취도":89.93,
            "중학교학업성취도":77.7,
            "용적률":343,
            "건폐율":20,
            "Y":37.491477,
            "X":126.867398,
            "rank":12.0,
            "area_info":"23평(78.26), 31평(103.81), 31평(103.68), 32평(108.19), 39평(132.13)",
            "last_sales":"2021-10-30,75000.0,31평(103.81)",
            "rank_history":[
                [
                    "202202",
                    12
                ],
                [
                    "202201",
                    21
                ]
            ],
            "rank_gap":9
        },
        {
            "index":234,
            "아파트명":"광명역파크자이",
            "투자타입":"일반",
            "전용면적(m2)":"88.35",
            "전용면적(평)":"26평",
            "법정동주소":"경기도 광명시 일직동 518",
            "도로명주소":"경기도 광명시 광명역로 26",
            "세대수":80,
            "입주년차":80,
            "용적률점수":"--",
            "건폐율점수":"--",
            "세대당주차수":30,
            "난방방식":100,
            "공급면적":"--",
            "전용률":"--",
            "욕실수":100,
            "현관타입":100,
            "주거총점":78.5,
            "지역구공급총점":0.0,
            "역세권":80,
            "30분내 이동가능 거점":0,
            "1시간내 이동가능 거점":100,
            "교통총점":60.0,
            "백화점":100,
            "아울렛몰":80,
            "대형마트":0,
            "은행":0,
            "병원":0,
            "종합병원":100,
            "공원":80,
            "혐오시설":0,
            "인프라총점":60.4,
            "초등학군":89.98,
            "중학군":36.64,
            "학군총점":47.308,
            "인구수":32.7,
            "인구증감":-11.59,
            "인구총점":19.413,
            "일자리":12.95,
            "소득수준":64.37,
            "일자리총점":28.376,
            "가치 총점":61.9162,
            "매매실거래년":20220117.0,
            "매매실거래가":100000.0,
            "전세실거래년":20220122.0,
            "전세실거래가":39000.0,
            "전세가율":39.0,
            "장기전세가율평균":64.35,
            "전세가율거품지수":25.35,
            "검색코드":109177,
            "세대수":875,
            "준공년월":"2017-07-27",
            "준공년차":6,
            "가까운역이름":"광명",
            "가까운역거리":224.58,
            "역세권여부":"역세권",
            "30분이내주요거점역":0,
            "30분거점역이름":"[]",
            "1시간이내주요거점역":10,
            "1시간거점역이름":"['여의도', '을지로입구', '을지로3가', '평촌', '가산디지털단지', '왕십리', '홍대입구', '수원', '구로디지털단지', '명동']",
            "3km이내백화점수":1,
            "5km이내아울렛몰수":1,
            "1km이내대형먀트수":0,
            "500m이내은행수":0,
            "500m이내병원수":1,
            "5km이내대형병원수":2,
            "500m이내공원수":1,
            "3km이내혐오시설수":0,
            "초등학교학업성취도":89.98,
            "중학교학업성취도":59.8,
            "용적률":349,
            "건폐율":24,
            "Y":37.41465,
            "X":126.886123,
            "rank":13.0,
            "area_info":"26평(88.35), 26평(89.14), 35평(116.37), 35평(117.02), 39평(129.95)",
            "last_sales":"2022-01-17,100000.0,26평(88.35)",
            "rank_history":[
                [
                    "202202",
                    13
                ],
                [
                    "202201",
                    35
                ]
            ],
            "rank_gap":22
        },
        {
            "index":156,
            "아파트명":"신촌휴먼시아1단지",
            "투자타입":"일반",
            "전용면적(m2)":"80.77",
            "전용면적(평)":"24평",
            "법정동주소":"경기도 광명시 소하동 1363",
            "도로명주소":"경기도 광명시 신촌로 49",
            "세대수":80,
            "입주년차":60,
            "용적률점수":"--",
            "건폐율점수":"--",
            "세대당주차수":30,
            "난방방식":100,
            "공급면적":"--",
            "전용률":"--",
            "욕실수":100,
            "현관타입":100,
            "주거총점":74.5,
            "지역구공급총점":0.0,
            "역세권":50,
            "30분내 이동가능 거점":60,
            "1시간내 이동가능 거점":100,
            "교통총점":63.0,
            "백화점":0,
            "아울렛몰":100,
            "대형마트":100,
            "은행":0,
            "병원":60,
            "종합병원":100,
            "공원":100,
            "혐오시설":0,
            "인프라총점":54.0,
            "초등학군":89.99,
            "중학군":48.76,
            "학군총점":57.006,
            "인구수":32.7,
            "인구증감":-11.59,
            "인구총점":19.413,
            "일자리":12.95,
            "소득수준":64.37,
            "일자리총점":28.376,
            "가치 총점":61.7009,
            "매매실거래년":20211203.0,
            "매매실거래가":79900.0,
            "전세실거래년":20220112.0,
            "전세실거래가":37800.0,
            "전세가율":47.31,
            "장기전세가율평균":64.35,
            "전세가율거품지수":17.04,
            "검색코드":27821,
            "세대수":859,
            "준공년월":"2010-10-29",
            "준공년차":13,
            "가까운역이름":"금천구청",
            "가까운역거리":615.45,
            "역세권여부":"준역세권",
            "30분이내주요거점역":3,
            "30분거점역이름":"['여의도', '가산디지털단지', '구로디지털단지']",
            "1시간이내주요거점역":17,
            "1시간거점역이름":"['강남', '역삼', '잠실', '판교', '여의도', '을지로입구', '을지로3가', '양재', '정자', '수원시청', '평촌', '가산디지털단지', '홍대입구', '수원', '구로디지털단지', '명동', '마곡']",
            "3km이내백화점수":0,
            "5km이내아울렛몰수":3,
            "1km이내대형먀트수":3,
            "500m이내은행수":0,
            "500m이내병원수":12,
            "5km이내대형병원수":5,
            "500m이내공원수":5,
            "3km이내혐오시설수":0,
            "초등학교학업성취도":89.99,
            "중학교학업성취도":79.0,
            "용적률":183,
            "건폐율":23,
            "Y":37.450316,
            "X":126.892013,
            "rank":14.0,
            "area_info":"24평(80.77), 24평(80.77), 33평(110.77), 33평(110.77), 34평(112.63), 34평(113.12), 34평(113.12), 43평(144.14), 43평(144.14)",
            "last_sales":"2021-12-03,79900.0,24평(80.77)",
            "rank_history":[
                [
                    "202202",
                    14
                ],
                [
                    "202201",
                    12
                ]
            ],
            "rank_gap":-2
        },
        {
            "index":239,
            "아파트명":"광명역푸르지오",
            "투자타입":"일반",
            "전용면적(m2)":"87.76",
            "전용면적(평)":"26평",
            "법정동주소":"경기도 광명시 일직동 519",
            "도로명주소":"경기도 광명시 양달로 7",
            "세대수":50,
            "입주년차":80,
            "용적률점수":"--",
            "건폐율점수":"--",
            "세대당주차수":30,
            "난방방식":100,
            "공급면적":"--",
            "전용률":"--",
            "욕실수":100,
            "현관타입":100,
            "주거총점":68.0,
            "지역구공급총점":0.0,
            "역세권":80,
            "30분내 이동가능 거점":0,
            "1시간내 이동가능 거점":100,
            "교통총점":60.0,
            "백화점":100,
            "아울렛몰":80,
            "대형마트":0,
            "은행":0,
            "병원":10,
            "종합병원":100,
            "공원":100,
            "혐오시설":0,
            "인프라총점":62.0,
            "초등학군":89.98,
            "중학군":36.64,
            "학군총점":47.308,
            "인구수":32.7,
            "인구증감":-11.59,
            "인구총점":19.413,
            "일자리":12.95,
            "소득수준":64.37,
            "일자리총점":28.376,
            "가치 총점":60.2962,
            "매매실거래년":20211107.0,
            "매매실거래가":125000.0,
            "전세실거래년":20211127.0,
            "전세실거래가":42000.0,
            "전세가율":37.0,
            "장기전세가율평균":64.35,
            "전세가율거품지수":27.35,
            "검색코드":109166,
            "세대수":640,
            "준공년월":"2017-08-08",
            "준공년차":6,
            "가까운역이름":"광명",
            "가까운역거리":443.52,
            "역세권여부":"역세권",
            "30분이내주요거점역":0,
            "30분거점역이름":"[]",
            "1시간이내주요거점역":11,
            "1시간거점역이름":"['여의도', '을지로입구', '을지로3가', '수원시청', '평촌', '가산디지털단지', '왕십리', '홍대입구', '수원', '구로디지털단지', '명동']",
            "3km이내백화점수":1,
            "5km이내아울렛몰수":1,
            "1km이내대형먀트수":0,
            "500m이내은행수":0,
            "500m이내병원수":3,
            "5km이내대형병원수":2,
            "500m이내공원수":2,
            "3km이내혐오시설수":0,
            "초등학교학업성취도":89.98,
            "중학교학업성취도":59.8,
            "용적률":321,
            "건폐율":18,
            "Y":37.414338,
            "X":126.880013,
            "rank":15.0,
            "area_info":"26평(87.76), 26평(88.52), 26평(88.25), 34평(115.34), 34평(115.53), 35평(116.5), 42평(141.76)",
            "last_sales":"2021-11-07,125000.0,35평(116.5)",
            "rank_history":[
                [
                    "202202",
                    15
                ],
                [
                    "202201",
                    42
                ]
            ],
            "rank_gap":27
        },
        {
            "index":45,
            "아파트명":"광명한진타운",
            "투자타입":"일반",
            "전용면적(m2)":"68.98",
            "전용면적(평)":"20평",
            "법정동주소":"경기도 광명시 광명동 200-6",
            "도로명주소":"경기도 광명시 광명로 877",
            "세대수":100,
            "입주년차":0,
            "용적률점수":"--",
            "건폐율점수":"--",
            "세대당주차수":30,
            "난방방식":30,
            "공급면적":"--",
            "전용률":"--",
            "욕실수":50,
            "현관타입":100,
            "주거총점":57.5,
            "지역구공급총점":0.0,
            "역세권":80,
            "30분내 이동가능 거점":40,
            "1시간내 이동가능 거점":100,
            "교통총점":72.0,
            "백화점":0,
            "아울렛몰":100,
            "대형마트":0,
            "은행":70,
            "병원":100,
            "종합병원":100,
            "공원":100,
            "혐오시설":0,
            "인프라총점":50.0,
            "초등학군":90.15,
            "중학군":45.72,
            "학군총점":54.606,
            "인구수":32.7,
            "인구증감":-11.59,
            "인구총점":19.413,
            "일자리":12.95,
            "소득수준":64.37,
            "일자리총점":28.376,
            "가치 총점":59.8909,
            "매매실거래년":20211231.0,
            "매매실거래가":86500.0,
            "전세실거래년":20200504.0,
            "전세실거래가":10000.0,
            "전세가율":17.09,
            "장기전세가율평균":64.35,
            "전세가율거품지수":47.26,
            "검색코드":1595,
            "세대수":1633,
            "준공년월":"1997-06-25",
            "준공년차":26,
            "가까운역이름":"광명사거리",
            "가까운역거리":254.49,
            "역세권여부":"역세권",
            "30분이내주요거점역":2,
            "30분거점역이름":"['가산디지털단지', '구로디지털단지']",
            "1시간이내주요거점역":17,
            "1시간거점역이름":"['강남', '역삼', '잠실', '판교', '여의도', '을지로입구', '을지로3가', '양재', '수원시청', '평촌', '가산디지털단지', '왕십리', '홍대입구', '수원', '구로디지털단지', '명동', '마곡']",
            "3km이내백화점수":0,
            "5km이내아울렛몰수":2,
            "1km이내대형먀트수":0,
            "500m이내은행수":3,
            "500m이내병원수":93,
            "5km이내대형병원수":6,
            "500m이내공원수":2,
            "3km이내혐오시설수":0,
            "초등학교학업성취도":90.15,
            "중학교학업성취도":75.0,
            "용적률":323,
            "건폐율":25,
            "Y":37.478042,
            "X":126.852428,
            "rank":16.0,
            "area_info":"20평(68.98), 23평(77.91), 33평(110.44)",
            "last_sales":"2021-12-31,86500.0,33평(110.44)",
            "rank_history":[
                [
                    "202202",
                    16
                ],
                [
                    "202201",
                    9
                ]
            ],
            "rank_gap":-7
        },
        {
            "index":208,
            "아파트명":"휴먼시아7단지",
            "투자타입":"일반",
            "전용면적(m2)":"125.08",
            "전용면적(평)":"37평",
            "법정동주소":"경기도 광명시 소하동 1348",
            "도로명주소":"경기도 광명시 소하로 162",
            "세대수":80,
            "입주년차":60,
            "용적률점수":"--",
            "건폐율점수":"--",
            "세대당주차수":60,
            "난방방식":100,
            "공급면적":"--",
            "전용률":"--",
            "욕실수":100,
            "현관타입":100,
            "주거총점":79.0,
            "지역구공급총점":0.0,
            "역세권":0,
            "30분내 이동가능 거점":40,
            "1시간내 이동가능 거점":100,
            "교통총점":32.0,
            "백화점":100,
            "아울렛몰":100,
            "대형마트":100,
            "은행":0,
            "병원":30,
            "종합병원":100,
            "공원":100,
            "혐오시설":0,
            "인프라총점":81.0,
            "초등학군":89.99,
            "중학군":48.76,
            "학군총점":57.006,
            "인구수":32.7,
            "인구증감":-11.59,
            "인구총점":19.413,
            "일자리":12.95,
            "소득수준":64.37,
            "일자리총점":28.376,
            "가치 총점":59.8509,
            "매매실거래년":20211023.0,
            "매매실거래가":124000.0,
            "전세실거래년":20211030.0,
            "전세실거래가":63500.0,
            "전세가율":63.5,
            "장기전세가율평균":64.35,
            "전세가율거품지수":0.85,
            "검색코드":27346,
            "세대수":701,
            "준공년월":"2010-03-17",
            "준공년차":13,
            "가까운역이름":"금천구청",
            "가까운역거리":1236.89,
            "역세권여부":"비역세권",
            "30분이내주요거점역":2,
            "30분거점역이름":"['가산디지털단지', '구로디지털단지']",
            "1시간이내주요거점역":13,
            "1시간거점역이름":"['강남', '역삼', '판교', '여의도', '양재', '수원시청', '평촌', '가산디지털단지', '홍대입구', '수원', '구로디지털단지', '명동', '안산']",
            "3km이내백화점수":1,
            "5km이내아울렛몰수":3,
            "1km이내대형먀트수":2,
            "500m이내은행수":1,
            "500m이내병원수":8,
            "5km이내대형병원수":2,
            "500m이내공원수":6,
            "3km이내혐오시설수":0,
            "초등학교학업성취도":89.99,
            "중학교학업성취도":79.0,
            "용적률":178,
            "건폐율":20,
            "Y":37.444655,
            "X":126.891667,
            "rank":17.0,
            "area_info":"37평(125.08), 37평(125.08), 44평(146.94), 44평(146.99), 44평(146.99), 44평(146.28), 44평(147.12), 44평(147.06), 50평(166.61), 50평(166.45), 50평(166.76), 50평(166.61)",
            "last_sales":"2021-10-23,124000.0,50평(166.61)",
            "rank_history":[
                [
                    "202202",
                    17
                ],
                [
                    "202201",
                    45
                ]
            ],
            "rank_gap":28
        },
        {
            "index":192,
            "아파트명":"휴먼시아5단지",
            "투자타입":"일반",
            "전용면적(m2)":"77.38",
            "전용면적(평)":"23평",
            "법정동주소":"경기도 광명시 소하동 1294",
            "도로명주소":"경기도 광명시 소하로 9",
            "세대수":80,
            "입주년차":60,
            "용적률점수":"--",
            "건폐율점수":"--",
            "세대당주차수":30,
            "난방방식":100,
            "공급면적":"--",
            "전용률":"--",
            "욕실수":100,
            "현관타입":100,
            "주거총점":74.5,
            "지역구공급총점":0.0,
            "역세권":50,
            "30분내 이동가능 거점":40,
            "1시간내 이동가능 거점":100,
            "교통총점":57.0,
            "백화점":0,
            "아울렛몰":100,
            "대형마트":100,
            "은행":0,
            "병원":60,
            "종합병원":100,
            "공원":100,
            "혐오시설":0,
            "인프라총점":54.0,
            "초등학군":89.99,
            "중학군":48.76,
            "학군총점":57.006,
            "인구수":32.7,
            "인구증감":-11.59,
            "인구총점":19.413,
            "일자리":12.95,
            "소득수준":64.37,
            "일자리총점":28.376,
            "가치 총점":59.6009,
            "매매실거래년":20211009.0,
            "매매실거래가":87500.0,
            "전세실거래년":20220110.0,
            "전세실거래가":54000.0,
            "전세가율":67.67,
            "장기전세가율평균":64.35,
            "전세가율거품지수":-3.32,
            "검색코드":27344,
            "세대수":731,
            "준공년월":"2009-12-15",
            "준공년차":14,
            "가까운역이름":"금천구청",
            "가까운역거리":699.45,
            "역세권여부":"준역세권",
            "30분이내주요거점역":2,
            "30분거점역이름":"['가산디지털단지', '구로디지털단지']",
            "1시간이내주요거점역":17,
            "1시간거점역이름":"['강남', '역삼', '잠실', '판교', '여의도', '을지로입구', '을지로3가', '양재', '정자', '평촌', '가산디지털단지', '왕십리', '홍대입구', '수원', '구로디지털단지', '명동', '마곡']",
            "3km이내백화점수":0,
            "5km이내아울렛몰수":3,
            "1km이내대형먀트수":2,
            "500m이내은행수":0,
            "500m이내병원수":17,
            "5km이내대형병원수":5,
            "500m이내공원수":6,
            "3km이내혐오시설수":0,
            "초등학교학업성취도":89.99,
            "중학교학업성취도":79.0,
            "용적률":159,
            "건폐율":16,
            "Y":37.451915,
            "X":126.887582,
            "rank":18.0,
            "area_info":"23평(77.38), 23평(77.38), 23평(77.09), 23평(77.53), 23평(77.34), 23평(77.42), 33평(109.68), 33평(109.68), 33평(109.6), 33평(109.83), 33평(109.73), 33평(109.68), 33평(109.6), 33평(109.83), 33평(109.73), 33평(109.7)",
            "last_sales":"2021-10-09,87500.0,33평(109.73)",
            "rank_history":[
                [
                    "202202",
                    18
                ],
                [
                    "202201",
                    16
                ]
            ],
            "rank_gap":-2
        },
        {
            "index":286,
            "아파트명":"쌍마한신",
            "투자타입":"재건축",
            "전용면적(m2)":"85.64",
            "전용면적(평)":"25평",
            "법정동주소":"경기도 광명시 철산동 245",
            "도로명주소":"경기도 광명시 철산로 13-12",
            "세대수":30,
            "입주년차":"--",
            "용적률점수":0,
            "건폐율점수":80,
            "세대당주차수":"--",
            "난방방식":"--",
            "공급면적":70,
            "전용률":60,
            "욕실수":"--",
            "현관타입":"--",
            "주거총점":31.5,
            "지역구공급총점":0.0,
            "역세권":80,
            "30분내 이동가능 거점":80,
            "1시간내 이동가능 거점":100,
            "교통총점":84.0,
            "백화점":0,
            "아울렛몰":100,
            "대형마트":0,
            "은행":100,
            "병원":100,
            "종합병원":100,
            "공원":100,
            "혐오시설":0,
            "인프라총점":53.0,
            "초등학군":89.99,
            "중학군":43.04,
            "학군총점":52.43,
            "인구수":32.7,
            "인구증감":-11.59,
            "인구총점":19.413,
            "일자리":12.95,
            "소득수준":64.37,
            "일자리총점":28.376,
            "가치 총점":59.4645,
            "매매실거래년":20211110.0,
            "매매실거래가":92000.0,
            "전세실거래년":20211229.0,
            "전세실거래가":33000.0,
            "전세가율":48.67,
            "장기전세가율평균":64.35,
            "전세가율거품지수":15.68,
            "검색코드":1605,
            "세대수":384,
            "준공년월":"1992-10-31",
            "준공년차":31,
            "가까운역이름":"철산",
            "가까운역거리":131.63,
            "역세권여부":"역세권",
            "30분이내주요거점역":4,
            "30분거점역이름":"['여의도', '가산디지털단지', '홍대입구', '구로디지털단지']",
            "1시간이내주요거점역":17,
            "1시간거점역이름":"['강남', '역삼', '잠실', '판교', '여의도', '을지로입구', '을지로3가', '양재', '수원시청', '평촌', '가산디지털단지', '왕십리', '홍대입구', '수원', '구로디지털단지', '명동', '마곡']",
            "3km이내백화점수":0,
            "5km이내아울렛몰수":2,
            "1km이내대형먀트수":0,
            "500m이내은행수":7,
            "500m이내병원수":95,
            "5km이내대형병원수":8,
            "500m이내공원수":2,
            "3km이내혐오시설수":0,
            "초등학교학업성취도":89.99,
            "중학교학업성취도":71.2,
            "용적률":282,
            "건폐율":24,
            "Y":37.47723,
            "X":126.86803,
            "rank":19.0,
            "area_info":"25평(85.64), 30평(100.72)",
            "last_sales":"2021-11-10,92000.0,30평(100.72)",
            "rank_history":[
                [
                    "202202",
                    19
                ],
                [
                    "202201",
                    6
                ]
            ],
            "rank_gap":-13
        },
        {
            "index":258,
            "아파트명":"광명푸르지오",
            "투자타입":"일반",
            "전용면적(m2)":"82.6",
            "전용면적(평)":"24평",
            "법정동주소":"경기도 광명시 철산동 631",
            "도로명주소":"경기도 광명시 도덕공원로 59",
            "세대수":50,
            "입주년차":40,
            "용적률점수":"--",
            "건폐율점수":"--",
            "세대당주차수":30,
            "난방방식":30,
            "공급면적":"--",
            "전용률":"--",
            "욕실수":100,
            "현관타입":100,
            "주거총점":53.0,
            "지역구공급총점":0.0,
            "역세권":80,
            "30분내 이동가능 거점":40,
            "1시간내 이동가능 거점":100,
            "교통총점":72.0,
            "백화점":0,
            "아울렛몰":100,
            "대형마트":0,
            "은행":100,
            "병원":100,
            "종합병원":100,
            "공원":80,
            "혐오시설":0,
            "인프라총점":52.4,
            "초등학군":90.05,
            "중학군":43.04,
            "학군총점":52.442,
            "인구수":32.7,
            "인구증감":-11.59,
            "인구총점":19.413,
            "일자리":12.95,
            "소득수준":64.37,
            "일자리총점":28.376,
            "가치 총점":59.3863,
            "매매실거래년":20211004.0,
            "매매실거래가":101500.0,
            "전세실거래년":20220112.0,
            "전세실거래가":12000.0,
            "전세가율":14.32,
            "장기전세가율평균":64.35,
            "전세가율거품지수":50.03,
            "검색코드":22814,
            "세대수":426,
            "준공년월":"2007-12-07",
            "준공년차":16,
            "가까운역이름":"철산",
            "가까운역거리":399.09,
            "역세권여부":"역세권",
            "30분이내주요거점역":2,
            "30분거점역이름":"['가산디지털단지', '구로디지털단지']",
            "1시간이내주요거점역":16,
            "1시간거점역이름":"['강남', '역삼', '잠실', '여의도', '을지로입구', '을지로3가', '양재', '수원시청', '평촌', '가산디지털단지', '왕십리', '홍대입구', '수원', '구로디지털단지', '명동', '마곡']",
            "3km이내백화점수":0,
            "5km이내아울렛몰수":2,
            "1km이내대형먀트수":0,
            "500m이내은행수":5,
            "500m이내병원수":76,
            "5km이내대형병원수":7,
            "500m이내공원수":1,
            "3km이내혐오시설수":0,
            "초등학교학업성취도":90.05,
            "중학교학업성취도":71.2,
            "용적률":267,
            "건폐율":19,
            "Y":37.473779,
            "X":126.864409,
            "rank":20.0,
            "area_info":"24평(82.6), 32평(106.05), 33평(109.95), 45평(149.78), 47평(156.23)",
            "last_sales":"2021-10-04,101500.0,33평(109.95)",
            "rank_history":[
                [
                    "202202",
                    20
                ],
                [
                    "202201",
                    7
                ]
            ],
            "rank_gap":-13
        },
        {
            "index":293,
            "아파트명":"우성(KBS우성)",
            "투자타입":"재건축",
            "전용면적(m2)":"72.5",
            "전용면적(평)":"21평",
            "법정동주소":"경기도 광명시 철산동 58",
            "도로명주소":"경기도 광명시 시청로 139",
            "세대수":90,
            "입주년차":"--",
            "용적률점수":20,
            "건폐율점수":100,
            "세대당주차수":"--",
            "난방방식":"--",
            "공급면적":50,
            "전용률":60,
            "욕실수":"--",
            "현관타입":"--",
            "주거총점":60.5,
            "지역구공급총점":0.0,
            "역세권":50,
            "30분내 이동가능 거점":20,
            "1시간내 이동가능 거점":100,
            "교통총점":51.0,
            "백화점":100,
            "아울렛몰":100,
            "대형마트":0,
            "은행":0,
            "병원":30,
            "종합병원":100,
            "공원":100,
            "혐오시설":0,
            "인프라총점":66.0,
            "초등학군":89.93,
            "중학군":47.22,
            "학군총점":55.762,
            "인구수":32.7,
            "인구증감":-11.59,
            "인구총점":19.413,
            "일자리":12.95,
            "소득수준":64.37,
            "일자리총점":28.376,
            "가치 총점":58.1143,
            "매매실거래년":20211111.0,
            "매매실거래가":85500.0,
            "전세실거래년":20220107.0,
            "전세실거래가":25000.0,
            "전세가율":39.68,
            "장기전세가율평균":64.35,
            "전세가율거품지수":24.67,
            "검색코드":1606,
            "세대수":900,
            "준공년월":"1990-01-03",
            "준공년차":33,
            "가까운역이름":"구일",
            "가까운역거리":899.92,
            "역세권여부":"준역세권",
            "30분이내주요거점역":1,
            "30분거점역이름":"['가산디지털단지']",
            "1시간이내주요거점역":15,
            "1시간거점역이름":"['강남', '역삼', '여의도', '을지로입구', '을지로3가', '양재', '수원시청', '평촌', '가산디지털단지', '왕십리', '홍대입구', '수원', '구로디지털단지', '명동', '마곡']",
            "3km이내백화점수":1,
            "5km이내아울렛몰수":2,
            "1km이내대형먀트수":0,
            "500m이내은행수":1,
            "500m이내병원수":9,
            "5km이내대형병원수":11,
            "500m이내공원수":2,
            "3km이내혐오시설수":0,
            "초등학교학업성취도":89.93,
            "중학교학업성취도":77.7,
            "용적률":207,
            "건폐율":18,
            "Y":37.48887,
            "X":126.8685,
            "rank":21.0,
            "area_info":"21평(72.5), 28평(92.78), 30평(102.37)",
            "last_sales":"2021-11-11,85500.0,30평(102.37)",
            "rank_history":[
                [
                    "202202",
                    21
                ],
                [
                    "202201",
                    19
                ]
            ],
            "rank_gap":-2
        },
        {
            "index":263,
            "아파트명":"광복현대",
            "투자타입":"일반",
            "전용면적(m2)":"84.73",
            "전용면적(평)":"25평",
            "법정동주소":"경기도 광명시 철산동 55-1",
            "도로명주소":"경기도 광명시 사성로103번길 14",
            "세대수":80,
            "입주년차":0,
            "용적률점수":"--",
            "건폐율점수":"--",
            "세대당주차수":0,
            "난방방식":30,
            "공급면적":"--",
            "전용률":"--",
            "욕실수":50,
            "현관타입":10,
            "주거총점":37.0,
            "지역구공급총점":0.0,
            "역세권":50,
            "30분내 이동가능 거점":20,
            "1시간내 이동가능 거점":100,
            "교통총점":51.0,
            "백화점":100,
            "아울렛몰":100,
            "대형마트":100,
            "은행":0,
            "병원":30,
            "종합병원":100,
            "공원":80,
            "혐오시설":0,
            "인프라총점":80.4,
            "초등학군":89.93,
            "중학군":47.22,
            "학군총점":55.762,
            "인구수":32.7,
            "인구증감":-11.59,
            "인구총점":19.413,
            "일자리":12.95,
            "소득수준":64.37,
            "일자리총점":28.376,
            "가치 총점":57.7343,
            "매매실거래년":20211122.0,
            "매매실거래가":80500.0,
            "전세실거래년":20220108.0,
            "전세실거래가":24500.0,
            "전세가율":42.24,
            "장기전세가율평균":64.35,
            "전세가율거품지수":22.11,
            "검색코드":1604,
            "세대수":841,
            "준공년월":"1998-02-05",
            "준공년차":25,
            "가까운역이름":"구일",
            "가까운역거리":782.0,
            "역세권여부":"준역세권",
            "30분이내주요거점역":1,
            "30분거점역이름":"['가산디지털단지']",
            "1시간이내주요거점역":15,
            "1시간거점역이름":"['강남', '역삼', '여의도', '을지로입구', '을지로3가', '양재', '수원시청', '평촌', '가산디지털단지', '왕십리', '홍대입구', '수원', '구로디지털단지', '명동', '마곡']",
            "3km이내백화점수":1,
            "5km이내아울렛몰수":2,
            "1km이내대형먀트수":2,
            "500m이내은행수":0,
            "500m이내병원수":8,
            "5km이내대형병원수":10,
            "500m이내공원수":1,
            "3km이내혐오시설수":0,
            "초등학교학업성취도":89.93,
            "중학교학업성취도":77.7,
            "용적률":317,
            "건폐율":22,
            "Y":37.490436,
            "X":126.866905,
            "rank":22.0,
            "area_info":"25평(84.73), 32평(108.27)",
            "last_sales":"2021-11-22,80500.0,32평(108.27)",
            "rank_history":[
                [
                    "202202",
                    22
                ],
                [
                    "202201",
                    38
                ]
            ],
            "rank_gap":16
        },
        {
            "index":315,
            "아파트명":"철산래미안자이",
            "투자타입":"일반",
            "전용면적(m2)":"82.47",
            "전용면적(평)":"24평",
            "법정동주소":"경기도 광명시 철산동 634",
            "도로명주소":"경기도 광명시 디지털로 56",
            "세대수":100,
            "입주년차":60,
            "용적률점수":"--",
            "건폐율점수":"--",
            "세대당주차수":60,
            "난방방식":30,
            "공급면적":"--",
            "전용률":"--",
            "욕실수":100,
            "현관타입":100,
            "주거총점":79.0,
            "지역구공급총점":0.0,
            "역세권":50,
            "30분내 이동가능 거점":40,
            "1시간내 이동가능 거점":100,
            "교통총점":57.0,
            "백화점":0,
            "아울렛몰":100,
            "대형마트":0,
            "은행":0,
            "병원":60,
            "종합병원":100,
            "공원":100,
            "혐오시설":0,
            "인프라총점":39.0,
            "초등학군":90.01,
            "중학군":56.14,
            "학군총점":62.914,
            "인구수":32.7,
            "인구증감":-11.59,
            "인구총점":19.413,
            "일자리":12.95,
            "소득수준":64.37,
            "일자리총점":28.376,
            "가치 총점":56.8871,
            "매매실거래년":20201127.0,
            "매매실거래가":147000.0,
            "전세실거래년":20211106.0,
            "전세실거래가":47250.0,
            "전세가율":52.5,
            "장기전세가율평균":64.35,
            "전세가율거품지수":11.85,
            "검색코드":25902,
            "세대수":2072,
            "준공년월":"2009-11-26",
            "준공년차":14,
            "가까운역이름":"철산",
            "가까운역거리":740.63,
            "역세권여부":"준역세권",
            "30분이내주요거점역":2,
            "30분거점역이름":"['가산디지털단지', '구로디지털단지']",
            "1시간이내주요거점역":13,
            "1시간거점역이름":"['강남', '역삼', '여의도', '을지로입구', '을지로3가', '양재', '평촌', '가산디지털단지', '홍대입구', '수원', '구로디지털단지', '명동', '마곡']",
            "3km이내백화점수":0,
            "5km이내아울렛몰수":2,
            "1km이내대형먀트수":0,
            "500m이내은행수":1,
            "500m이내병원수":13,
            "5km이내대형병원수":8,
            "500m이내공원수":3,
            "3km이내혐오시설수":0,
            "초등학교학업성취도":90.01,
            "중학교학업성취도":90.9,
            "용적률":248,
            "건폐율":12,
            "Y":37.471957,
            "X":126.874532,
            "rank":23.0,
            "area_info":"24평(82.47), 25평(84.2), 25평(84.38), 33평(110.78), 33평(110.15), 33평(110.59), 43평(142.99), 43평(142.82), 50평(166.06), 60평(199.25)",
            "last_sales":"2020-11-27,147000.0,60평(199.25)",
            "rank_history":[
                [
                    "202202",
                    23
                ],
                [
                    "202201",
                    11
                ]
            ],
            "rank_gap":-12
        },
        {
            "index":165,
            "아파트명":"우림필유",
            "투자타입":"일반",
            "전용면적(m2)":"84.36",
            "전용면적(평)":"25평",
            "법정동주소":"경기도 광명시 소하동 1272",
            "도로명주소":"경기도 광명시 하안로 180-14",
            "세대수":0,
            "입주년차":40,
            "용적률점수":"--",
            "건폐율점수":"--",
            "세대당주차수":0,
            "난방방식":30,
            "공급면적":"--",
            "전용률":"--",
            "욕실수":100,
            "현관타입":100,
            "주거총점":31.0,
            "지역구공급총점":0.0,
            "역세권":80,
            "30분내 이동가능 거점":40,
            "1시간내 이동가능 거점":100,
            "교통총점":72.0,
            "백화점":0,
            "아울렛몰":100,
            "대형마트":100,
            "은행":0,
            "병원":60,
            "종합병원":100,
            "공원":100,
            "혐오시설":0,
            "인프라총점":54.0,
            "초등학군":89.99,
            "중학군":48.76,
            "학군총점":57.006,
            "인구수":32.7,
            "인구증감":-11.59,
            "인구총점":19.413,
            "일자리":12.95,
            "소득수준":64.37,
            "일자리총점":28.376,
            "가치 총점":56.1509,
            "매매실거래년":20211224.0,
            "매매실거래가":55000.0,
            "전세실거래년":20220122.0,
            "전세실거래가":29400.0,
            "전세가율":53.45,
            "장기전세가율평균":64.35,
            "전세가율거품지수":10.9,
            "검색코드":18942,
            "세대수":218,
            "준공년월":"2005-10-25",
            "준공년차":18,
            "가까운역이름":"금천구청",
            "가까운역거리":486.14,
            "역세권여부":"역세권",
            "30분이내주요거점역":2,
            "30분거점역이름":"['여의도', '구로디지털단지']",
            "1시간이내주요거점역":16,
            "1시간거점역이름":"['강남', '역삼', '잠실', '여의도', '을지로입구', '양재', '수원시청', '평촌', '가산디지털단지', '왕십리', '홍대입구', '수원', '구로디지털단지', '명동', '안산', '마곡']",
            "3km이내백화점수":0,
            "5km이내아울렛몰수":3,
            "1km이내대형먀트수":3,
            "500m이내은행수":0,
            "500m이내병원수":13,
            "5km이내대형병원수":6,
            "500m이내공원수":3,
            "3km이내혐오시설수":0,
            "초등학교학업성취도":89.99,
            "중학교학업성취도":79.0,
            "용적률":0,
            "건폐율":0,
            "Y":37.453524,
            "X":126.889151,
            "rank":24.0,
            "area_info":"25평(84.36), 31평(104.79), 31평(104.1), 31평(105.13)",
            "last_sales":"2021-12-24,55000.0,25평(84.36)",
            "rank_history":[
                [
                    "202202",
                    24
                ],
                [
                    "202201",
                    29
                ]
            ],
            "rank_gap":5
        },
        {
            "index":346,
            "아파트명":"e편한세상센트레빌",
            "투자타입":"일반",
            "전용면적(m2)":"84.65",
            "전용면적(평)":"25평",
            "법정동주소":"경기도 광명시 하안동 864",
            "도로명주소":"경기도 광명시 오리로 801",
            "세대수":100,
            "입주년차":60,
            "용적률점수":"--",
            "건폐율점수":"--",
            "세대당주차수":60,
            "난방방식":30,
            "공급면적":"--",
            "전용률":"--",
            "욕실수":100,
            "현관타입":100,
            "주거총점":79.0,
            "지역구공급총점":0.0,
            "역세권":50,
            "30분내 이동가능 거점":40,
            "1시간내 이동가능 거점":80,
            "교통총점":53.0,
            "백화점":0,
            "아울렛몰":100,
            "대형마트":0,
            "은행":20,
            "병원":60,
            "종합병원":100,
            "공원":100,
            "혐오시설":0,
            "인프라총점":41.0,
            "초등학군":90.0,
            "중학군":52.56,
            "학군총점":60.048,
            "인구수":32.7,
            "인구증감":-11.59,
            "인구총점":19.413,
            "일자리":12.95,
            "소득수준":64.37,
            "일자리총점":28.376,
            "가치 총점":55.6572,
            "매매실거래년":20211216.0,
            "매매실거래가":100000.0,
            "전세실거래년":20220122.0,
            "전세실거래가":44000.0,
            "전세가율":44.0,
            "장기전세가율평균":64.35,
            "전세가율거품지수":20.35,
            "검색코드":25937,
            "세대수":2815,
            "준공년월":"2010-01-14",
            "준공년차":13,
            "가까운역이름":"철산",
            "가까운역거리":823.41,
            "역세권여부":"준역세권",
            "30분이내주요거점역":2,
            "30분거점역이름":"['가산디지털단지', '구로디지털단지']",
            "1시간이내주요거점역":8,
            "1시간거점역이름":"['강남', '역삼', '여의도', '을지로3가', '가산디지털단지', '홍대입구', '구로디지털단지', '마곡']",
            "3km이내백화점수":0,
            "5km이내아울렛몰수":2,
            "1km이내대형먀트수":0,
            "500m이내은행수":2,
            "500m이내병원수":15,
            "5km이내대형병원수":7,
            "500m이내공원수":6,
            "3km이내혐오시설수":0,
            "초등학교학업성취도":90.0,
            "중학교학업성취도":85.4,
            "용적률":250,
            "건폐율":15,
            "Y":37.468654,
            "X":126.867449,
            "rank":25.0,
            "area_info":"25평(84.65), 33평(109.15), 33평(109.12), 33평(110.94), 38평(128.1), 45평(149.68), 45평(150.48), 45평(150.47), 53평(176.91)",
            "last_sales":"2021-12-16,100000.0,25평(84.65)",
            "rank_history":[
                [
                    "202202",
                    25
                ],
                [
                    "202201",
                    13
                ]
            ],
            "rank_gap":-12
        },
        {
            "index":417,
            "아파트명":"주공7단지",
            "투자타입":"재건축",
            "전용면적(m2)":"63.64",
            "전용면적(평)":"19평",
            "법정동주소":"경기도 광명시 하안동 295",
            "도로명주소":"경기도 광명시 금당로 13",
            "세대수":90,
            "입주년차":"--",
            "용적률점수":60,
            "건폐율점수":100,
            "세대당주차수":"--",
            "난방방식":"--",
            "공급면적":50,
            "전용률":60,
            "욕실수":"--",
            "현관타입":"--",
            "주거총점":76.5,
            "지역구공급총점":0.0,
            "역세권":0,
            "30분내 이동가능 거점":40,
            "1시간내 이동가능 거점":100,
            "교통총점":32.0,
            "백화점":0,
            "아울렛몰":100,
            "대형마트":100,
            "은행":100,
            "병원":100,
            "종합병원":100,
            "공원":100,
            "혐오시설":0,
            "인프라총점":68.0,
            "초등학군":89.95,
            "중학군":49.7,
            "학군총점":57.75,
            "인구수":32.7,
            "인구증감":-11.59,
            "인구총점":19.413,
            "일자리":12.95,
            "소득수준":64.37,
            "일자리총점":28.376,
            "가치 총점":55.5625,
            "매매실거래년":20211228.0,
            "매매실거래가":67000.0,
            "전세실거래년":20220115.0,
            "전세실거래가":16800.0,
            "전세가율":28.0,
            "장기전세가율평균":64.35,
            "전세가율거품지수":36.35,
            "검색코드":1632,
            "세대수":1342,
            "준공년월":"1990-03-19",
            "준공년차":33,
            "가까운역이름":"독산",
            "가까운역거리":1052.45,
            "역세권여부":"비역세권",
            "30분이내주요거점역":2,
            "30분거점역이름":"['가산디지털단지', '구로디지털단지']",
            "1시간이내주요거점역":11,
            "1시간거점역이름":"['강남', '역삼', '여의도', '을지로입구', '양재', '평촌', '가산디지털단지', '수원', '구로디지털단지', '명동', '마곡']",
            "3km이내백화점수":0,
            "5km이내아울렛몰수":3,
            "1km이내대형먀트수":2,
            "500m이내은행수":5,
            "500m이내병원수":73,
            "5km이내대형병원수":7,
            "500m이내공원수":8,
            "3km이내혐오시설수":0,
            "초등학교학업성취도":89.95,
            "중학교학업성취도":81.7,
            "용적률":182,
            "건폐율":14,
            "Y":37.460013,
            "X":126.880702,
            "rank":26.0,
            "area_info":"19평(63.64), 24평(80.17), 24평(82.57), 31평(105.49)",
            "last_sales":"2021-12-28,67000.0,24평(82.57)",
            "rank_history":[
                [
                    "202202",
                    26
                ],
                [
                    "202201",
                    31
                ]
            ],
            "rank_gap":5
        },
        {
            "index":48,
            "아파트명":"광명해모로이연",
            "투자타입":"일반",
            "전용면적(m2)":"81.19",
            "전용면적(평)":"24평",
            "법정동주소":"경기도 광명시 광명동 785",
            "도로명주소":"경기도 광명시 목감로 58",
            "세대수":90,
            "입주년차":60,
            "용적률점수":"--",
            "건폐율점수":"--",
            "세대당주차수":60,
            "난방방식":30,
            "공급면적":"--",
            "전용률":"--",
            "욕실수":100,
            "현관타입":100,
            "주거총점":75.5,
            "지역구공급총점":0.0,
            "역세권":50,
            "30분내 이동가능 거점":40,
            "1시간내 이동가능 거점":100,
            "교통총점":57.0,
            "백화점":0,
            "아울렛몰":100,
            "대형마트":0,
            "은행":20,
            "병원":60,
            "종합병원":100,
            "공원":100,
            "혐오시설":0,
            "인프라총점":41.0,
            "초등학군":89.99,
            "중학군":45.72,
            "학군총점":54.574,
            "인구수":32.7,
            "인구증감":-11.59,
            "인구총점":19.413,
            "일자리":12.95,
            "소득수준":64.37,
            "일자리총점":28.376,
            "가치 총점":55.5361,
            "매매실거래년":20210818.0,
            "매매실거래가":105000.0,
            "전세실거래년":20220111.0,
            "전세실거래가":16081.0,
            "전세가율":20.88,
            "장기전세가율평균":64.35,
            "전세가율거품지수":43.47,
            "검색코드":26325,
            "세대수":1267,
            "준공년월":"2011-09-30",
            "준공년차":12,
            "가까운역이름":"광명사거리",
            "가까운역거리":973.57,
            "역세권여부":"준역세권",
            "30분이내주요거점역":2,
            "30분거점역이름":"['가산디지털단지', '구로디지털단지']",
            "1시간이내주요거점역":12,
            "1시간거점역이름":"['강남', '역삼', '여의도', '을지로입구', '을지로3가', '평촌', '가산디지털단지', '홍대입구', '수원', '구로디지털단지', '명동', '마곡']",
            "3km이내백화점수":0,
            "5km이내아울렛몰수":2,
            "1km이내대형먀트수":0,
            "500m이내은행수":2,
            "500m이내병원수":15,
            "5km이내대형병원수":4,
            "500m이내공원수":3,
            "3km이내혐오시설수":0,
            "초등학교학업성취도":89.99,
            "중학교학업성취도":75.0,
            "용적률":266,
            "건폐율":18,
            "Y":37.472876,
            "X":126.847315,
            "rank":27.0,
            "area_info":"24평(81.19), 31평(104.87), 31평(105.4), 34평(112.55), 34평(112.65), 46평(153.59), 52평(173.13), 52평(173.13)",
            "last_sales":"2021-08-18,105000.0,46평(153.59)",
            "rank_history":[
                [
                    "202202",
                    27
                ],
                [
                    "202201",
                    25
                ]
            ],
            "rank_gap":-2
        },
        {
            "index":137,
            "아파트명":"금호어울림",
            "투자타입":"일반",
            "전용면적(m2)":"76.45",
            "전용면적(평)":"23평",
            "법정동주소":"경기도 광명시 소하동 1273",
            "도로명주소":"경기도 광명시 하안로 154",
            "세대수":50,
            "입주년차":40,
            "용적률점수":"--",
            "건폐율점수":"--",
            "세대당주차수":0,
            "난방방식":30,
            "공급면적":"--",
            "전용률":"--",
            "욕실수":50,
            "현관타입":100,
            "주거총점":43.5,
            "지역구공급총점":0.0,
            "역세권":50,
            "30분내 이동가능 거점":60,
            "1시간내 이동가능 거점":100,
            "교통총점":63.0,
            "백화점":0,
            "아울렛몰":100,
            "대형마트":100,
            "은행":0,
            "병원":60,
            "종합병원":100,
            "공원":100,
            "혐오시설":0,
            "인프라총점":54.0,
            "초등학군":89.99,
            "중학군":48.76,
            "학군총점":57.006,
            "인구수":32.7,
            "인구증감":-11.59,
            "인구총점":19.413,
            "일자리":12.95,
            "소득수준":64.37,
            "일자리총점":28.376,
            "가치 총점":55.5009,
            "매매실거래년":20211010.0,
            "매매실거래가":67000.0,
            "전세실거래년":20220113.0,
            "전세실거래가":34600.0,
            "전세가율":51.64,
            "장기전세가율평균":64.35,
            "전세가율거품지수":12.71,
            "검색코드":14316,
            "세대수":406,
            "준공년월":"2006-02-07",
            "준공년차":17,
            "가까운역이름":"금천구청",
            "가까운역거리":582.1,
            "역세권여부":"준역세권",
            "30분이내주요거점역":3,
            "30분거점역이름":"['여의도', '가산디지털단지', '구로디지털단지']",
            "1시간이내주요거점역":18,
            "1시간거점역이름":"['강남', '역삼', '잠실', '판교', '여의도', '을지로입구', '을지로3가', '양재', '정자', '수원시청', '평촌', '가산디지털단지', '홍대입구', '수원', '구로디지털단지', '명동', '안산', '마곡']",
            "3km이내백화점수":0,
            "5km이내아울렛몰수":3,
            "1km이내대형먀트수":2,
            "500m이내은행수":0,
            "500m이내병원수":16,
            "5km이내대형병원수":6,
            "500m이내공원수":5,
            "3km이내혐오시설수":0,
            "초등학교학업성취도":89.99,
            "중학교학업성취도":79.0,
            "용적률":316,
            "건폐율":23,
            "Y":37.451815,
            "X":126.889459,
            "rank":28.0,
            "area_info":"23평(76.45), 27평(90.25), 32평(107.23), 32평(107.23)",
            "last_sales":"2021-10-10,67000.0,23평(76.45)",
            "rank_history":[
                [
                    "202202",
                    28
                ],
                [
                    "202201",
                    24
                ]
            ],
            "rank_gap":-4
        },
        {
            "index":397,
            "아파트명":"주공3단지",
            "투자타입":"재건축",
            "전용면적(m2)":"52.55",
            "전용면적(평)":"15평",
            "법정동주소":"경기도 광명시 하안동 650",
            "도로명주소":"경기도 광명시 안현로 34",
            "세대수":100,
            "입주년차":"--",
            "용적률점수":80,
            "건폐율점수":100,
            "세대당주차수":"--",
            "난방방식":"--",
            "공급면적":50,
            "전용률":40,
            "욕실수":"--",
            "현관타입":"--",
            "주거총점":86.5,
            "지역구공급총점":0.0,
            "역세권":0,
            "30분내 이동가능 거점":20,
            "1시간내 이동가능 거점":100,
            "교통총점":26.0,
            "백화점":0,
            "아울렛몰":100,
            "대형마트":100,
            "은행":100,
            "병원":100,
            "종합병원":100,
            "공원":100,
            "혐오시설":0,
            "인프라총점":68.0,
            "초등학군":89.98,
            "중학군":49.7,
            "학군총점":57.756,
            "인구수":32.7,
            "인구증감":-11.59,
            "인구총점":19.413,
            "일자리":12.95,
            "소득수준":64.37,
            "일자리총점":28.376,
            "가치 총점":55.4634,
            "매매실거래년":20211218.0,
            "매매실거래가":64500.0,
            "전세실거래년":20220121.0,
            "전세실거래가":13650.0,
            "전세가율":24.59,
            "장기전세가율평균":64.35,
            "전세가율거품지수":39.76,
            "검색코드":1628,
            "세대수":2220,
            "준공년월":"1989-10-10",
            "준공년차":34,
            "가까운역이름":"독산",
            "가까운역거리":1225.3,
            "역세권여부":"비역세권",
            "30분이내주요거점역":1,
            "30분거점역이름":"['가산디지털단지']",
            "1시간이내주요거점역":10,
            "1시간거점역이름":"['강남', '역삼', '여의도', '평촌', '가산디지털단지', '홍대입구', '수원', '구로디지털단지', '명동', '마곡']",
            "3km이내백화점수":0,
            "5km이내아울렛몰수":3,
            "1km이내대형먀트수":2,
            "500m이내은행수":5,
            "500m이내병원수":72,
            "5km이내대형병원수":7,
            "500m이내공원수":8,
            "3km이내혐오시설수":0,
            "초등학교학업성취도":89.98,
            "중학교학업성취도":81.7,
            "용적률":163,
            "건폐율":14,
            "Y":37.46266,
            "X":126.87629,
            "rank":29.0,
            "area_info":"15평(52.55), 15평(52.81), 17평(57.29), 18평(60.56), 20평(69.28), 22평(73.22)",
            "last_sales":"2021-12-18,64500.0,17평(57.29)",
            "rank_history":[
                [
                    "202202",
                    29
                ],
                [
                    "202201",
                    30
                ]
            ],
            "rank_gap":1
        },
        {
            "index":403,
            "아파트명":"주공4단지",
            "투자타입":"재건축",
            "전용면적(m2)":"60.52",
            "전용면적(평)":"18평",
            "법정동주소":"경기도 광명시 하안동 651",
            "도로명주소":"경기도 광명시 안현로 36",
            "세대수":90,
            "입주년차":"--",
            "용적률점수":60,
            "건폐율점수":100,
            "세대당주차수":"--",
            "난방방식":"--",
            "공급면적":50,
            "전용률":60,
            "욕실수":"--",
            "현관타입":"--",
            "주거총점":76.5,
            "지역구공급총점":0.0,
            "역세권":0,
            "30분내 이동가능 거점":40,
            "1시간내 이동가능 거점":100,
            "교통총점":32.0,
            "백화점":0,
            "아울렛몰":100,
            "대형마트":100,
            "은행":70,
            "병원":100,
            "종합병원":100,
            "공원":100,
            "혐오시설":0,
            "인프라총점":65.0,
            "초등학군":89.98,
            "중학군":50.98,
            "학군총점":58.78,
            "인구수":32.7,
            "인구증감":-11.59,
            "인구총점":19.413,
            "일자리":12.95,
            "소득수준":64.37,
            "일자리총점":28.376,
            "가치 총점":54.817,
            "매매실거래년":20211126.0,
            "매매실거래가":71200.0,
            "전세실거래년":20220127.0,
            "전세실거래가":15400.0,
            "전세가율":28.0,
            "장기전세가율평균":64.35,
            "전세가율거품지수":36.35,
            "검색코드":1629,
            "세대수":1346,
            "준공년월":"1989-10-10",
            "준공년차":34,
            "가까운역이름":"독산",
            "가까운역거리":1082.42,
            "역세권여부":"비역세권",
            "30분이내주요거점역":2,
            "30분거점역이름":"['가산디지털단지', '구로디지털단지']",
            "1시간이내주요거점역":13,
            "1시간거점역이름":"['강남', '역삼', '여의도', '을지로입구', '을지로3가', '양재', '평촌', '가산디지털단지', '홍대입구', '수원', '구로디지털단지', '명동', '마곡']",
            "3km이내백화점수":0,
            "5km이내아울렛몰수":3,
            "1km이내대형먀트수":2,
            "500m이내은행수":4,
            "500m이내병원수":71,
            "5km이내대형병원수":7,
            "500m이내공원수":7,
            "3km이내혐오시설수":0,
            "초등학교학업성취도":89.98,
            "중학교학업성취도":83.3,
            "용적률":195,
            "건폐율":14,
            "Y":37.46454,
            "X":126.877266,
            "rank":30.0,
            "area_info":"18평(60.52), 18평(60.07), 19평(63.64), 24평(80.17), 24평(82.57)",
            "last_sales":"2021-11-26,71200.0,24평(82.57)",
            "rank_history":[
                [
                    "202202",
                    30
                ],
                [
                    "202201",
                    36
                ]
            ],
            "rank_gap":6
        },
        {
            "index":2,
            "아파트명":"광명아크포레자이위브",
            "투자타입":"일반",
            "전용면적(m2)":"48.44",
            "전용면적(평)":"14평",
            "법정동주소":"경기도 광명시 광명동 304-20",
            "도로명주소":"경기도 광명시 새터로 44-7",
            "세대수":100,
            "입주년차":100,
            "용적률점수":"--",
            "건폐율점수":"--",
            "세대당주차수":30,
            "난방방식":30,
            "공급면적":"--",
            "전용률":"--",
            "욕실수":50,
            "현관타입":10,
            "주거총점":68.5,
            "지역구공급총점":0.0,
            "역세권":50,
            "30분내 이동가능 거점":40,
            "1시간내 이동가능 거점":100,
            "교통총점":57.0,
            "백화점":0,
            "아울렛몰":100,
            "대형마트":0,
            "은행":70,
            "병원":60,
            "종합병원":100,
            "공원":100,
            "혐오시설":0,
            "인프라총점":46.0,
            "초등학군":90.15,
            "중학군":38.82,
            "학군총점":49.086,
            "인구수":32.7,
            "인구증감":-11.59,
            "인구총점":19.413,
            "일자리":12.95,
            "소득수준":64.37,
            "일자리총점":28.376,
            "가치 총점":54.8129,
            "매매실거래년":20210625.0,
            "매매실거래가":70141.0,
            "전세실거래년":20210718.0,
            "전세실거래가":29000.0,
            "전세가율":65.17,
            "장기전세가율평균":64.35,
            "전세가율거품지수":-0.82,
            "검색코드":119675,
            "세대수":2104,
            "준공년월":"2020-11-01",
            "준공년차":3,
            "가까운역이름":"광명사거리",
            "가까운역거리":867.35,
            "역세권여부":"준역세권",
            "30분이내주요거점역":2,
            "30분거점역이름":"['가산디지털단지', '구로디지털단지']",
            "1시간이내주요거점역":11,
            "1시간거점역이름":"['강남', '역삼', '여의도', '을지로입구', '을지로3가', '평촌', '가산디지털단지', '홍대입구', '구로디지털단지', '명동', '마곡']",
            "3km이내백화점수":0,
            "5km이내아울렛몰수":2,
            "1km이내대형먀트수":0,
            "500m이내은행수":3,
            "500m이내병원수":23,
            "5km이내대형병원수":6,
            "500m이내공원수":3,
            "3km이내혐오시설수":0,
            "초등학교학업성취도":90.15,
            "중학교학업성취도":64.7,
            "용적률":279,
            "건폐율":17,
            "Y":37.471456,
            "X":126.854552,
            "rank":31.0,
            "area_info":"14평(48.44), 17평(59.19), 20평(69.15), 20평(69.15), 20평(69.15), 23평(79.05), 24평(79.8), 23평(79.05), 27평(92.16), 27평(92.56), 27평(92.16), 31평(105.51), 31평(105.51), 32평(106.16)",
            "last_sales":"2021-06-25,70141.0,23평(79.05)",
            "rank_history":[
                [
                    "202202",
                    31
                ],
                [
                    "202201",
                    17
                ]
            ],
            "rank_gap":-14
        },
        {
            "index":115,
            "아파트명":"광명역세권휴먼시아4단지",
            "투자타입":"일반",
            "전용면적(m2)":"99.99",
            "전용면적(평)":"30평",
            "법정동주소":"경기도 광명시 소하동 1387",
            "도로명주소":"경기도 광명시 성채로 37",
            "세대수":80,
            "입주년차":60,
            "용적률점수":"--",
            "건폐율점수":"--",
            "세대당주차수":30,
            "난방방식":100,
            "공급면적":"--",
            "전용률":"--",
            "욕실수":100,
            "현관타입":100,
            "주거총점":74.5,
            "지역구공급총점":0.0,
            "역세권":0,
            "30분내 이동가능 거점":40,
            "1시간내 이동가능 거점":100,
            "교통총점":32.0,
            "백화점":100,
            "아울렛몰":80,
            "대형마트":0,
            "은행":0,
            "병원":60,
            "종합병원":100,
            "공원":100,
            "혐오시설":0,
            "인프라총점":67.0,
            "초등학군":89.98,
            "중학군":46.2,
            "학군총점":54.956,
            "인구수":32.7,
            "인구증감":-11.59,
            "인구총점":19.413,
            "일자리":12.95,
            "소득수준":64.37,
            "일자리총점":28.376,
            "가치 총점":54.4434,
            "매매실거래년":20211227.0,
            "매매실거래가":91200.0,
            "전세실거래년":null,
            "전세실거래가":null,
            "전세가율":null,
            "장기전세가율평균":64.35,
            "전세가율거품지수":null,
            "검색코드":100253,
            "세대수":730,
            "준공년월":"2010-11-30",
            "준공년차":13,
            "가까운역이름":"광명",
            "가까운역거리":1683.63,
            "역세권여부":"비역세권",
            "30분이내주요거점역":2,
            "30분거점역이름":"['가산디지털단지', '구로디지털단지']",
            "1시간이내주요거점역":10,
            "1시간거점역이름":"['강남', '역삼', '여의도', '을지로입구', '을지로3가', '가산디지털단지', '왕십리', '홍대입구', '수원', '구로디지털단지']",
            "3km이내백화점수":1,
            "5km이내아울렛몰수":1,
            "1km이내대형먀트수":0,
            "500m이내은행수":0,
            "500m이내병원수":10,
            "5km이내대형병원수":2,
            "500m이내공원수":8,
            "3km이내혐오시설수":0,
            "초등학교학업성취도":89.98,
            "중학교학업성취도":75.2,
            "용적률":168,
            "건폐율":18,
            "Y":37.431202,
            "X":126.882058,
            "rank":32.0,
            "area_info":"30평(99.99), 30평(99.9), 30평(99.99), 33평(112.26), 33평(112.18), 34평(112.79), 33평(112.26), 34평(113.34), 34평(113.29), 34평(113.34)",
            "last_sales":"2021-12-27,91200.0,34평(113.34)",
            "rank_history":[
                [
                    "202202",
                    32
                ],
                [
                    "202201",
                    57
                ]
            ],
            "rank_gap":25
        },
        {
            "index":421,
            "아파트명":"주공8단지",
            "투자타입":"재건축",
            "전용면적(m2)":"63.64",
            "전용면적(평)":"19평",
            "법정동주소":"경기도 광명시 하안동 260",
            "도로명주소":"경기도 광명시 하안로 237",
            "세대수":100,
            "입주년차":"--",
            "용적률점수":80,
            "건폐율점수":100,
            "세대당주차수":"--",
            "난방방식":"--",
            "공급면적":50,
            "전용률":60,
            "욕실수":"--",
            "현관타입":"--",
            "주거총점":87.5,
            "지역구공급총점":0.0,
            "역세권":0,
            "30분내 이동가능 거점":40,
            "1시간내 이동가능 거점":100,
            "교통총점":32.0,
            "백화점":0,
            "아울렛몰":100,
            "대형마트":100,
            "은행":20,
            "병원":60,
            "종합병원":100,
            "공원":100,
            "혐오시설":0,
            "인프라총점":56.0,
            "초등학군":89.95,
            "중학군":49.7,
            "학군총점":57.75,
            "인구수":32.7,
            "인구증감":-11.59,
            "인구총점":19.413,
            "일자리":12.95,
            "소득수준":64.37,
            "일자리총점":28.376,
            "가치 총점":54.1625,
            "매매실거래년":20211215.0,
            "매매실거래가":71250.0,
            "전세실거래년":20220117.0,
            "전세실거래가":15750.0,
            "전세가율":25.82,
            "장기전세가율평균":64.35,
            "전세가율거품지수":38.53,
            "검색코드":1635,
            "세대수":1680,
            "준공년월":"1990-03-19",
            "준공년차":33,
            "가까운역이름":"금천구청",
            "가까운역거리":1059.95,
            "역세권여부":"비역세권",
            "30분이내주요거점역":2,
            "30분거점역이름":"['가산디지털단지', '구로디지털단지']",
            "1시간이내주요거점역":14,
            "1시간거점역이름":"['강남', '역삼', '잠실', '여의도', '을지로입구', '을지로3가', '양재', '평촌', '가산디지털단지', '홍대입구', '수원', '구로디지털단지', '명동', '마곡']",
            "3km이내백화점수":0,
            "5km이내아울렛몰수":3,
            "1km이내대형먀트수":2,
            "500m이내은행수":2,
            "500m이내병원수":18,
            "5km이내대형병원수":7,
            "500m이내공원수":8,
            "3km이내혐오시설수":0,
            "초등학교학업성취도":89.95,
            "중학교학업성취도":81.7,
            "용적률":160,
            "건폐율":17,
            "Y":37.457748,
            "X":126.882273,
            "rank":33.0,
            "area_info":"19평(63.64), 22평(74.53), 24평(80.17), 24평(82.57), 25평(85.78), 30평(100.72), 31평(105.49)",
            "last_sales":"2021-12-15,71250.0,24평(82.57)",
            "rank_history":[
                [
                    "202202",
                    33
                ],
                [
                    "202201",
                    37
                ]
            ],
            "rank_gap":4
        },
        {
            "index":413,
            "아파트명":"주공6단지",
            "투자타입":"재건축",
            "전용면적(m2)":"52.55",
            "전용면적(평)":"15평",
            "법정동주소":"경기도 광명시 하안동 296",
            "도로명주소":"경기도 광명시 금당로 11",
            "세대수":90,
            "입주년차":"--",
            "용적률점수":80,
            "건폐율점수":100,
            "세대당주차수":"--",
            "난방방식":"--",
            "공급면적":50,
            "전용률":40,
            "욕실수":"--",
            "현관타입":"--",
            "주거총점":83.5,
            "지역구공급총점":0.0,
            "역세권":0,
            "30분내 이동가능 거점":20,
            "1시간내 이동가능 거점":90,
            "교통총점":24.0,
            "백화점":0,
            "아울렛몰":100,
            "대형마트":100,
            "은행":100,
            "병원":100,
            "종합병원":100,
            "공원":100,
            "혐오시설":0,
            "인프라총점":68.0,
            "초등학군":89.95,
            "중학군":49.7,
            "학군총점":57.75,
            "인구수":32.7,
            "인구증감":-11.59,
            "인구총점":19.413,
            "일자리":12.95,
            "소득수준":64.37,
            "일자리총점":28.376,
            "가치 총점":54.1625,
            "매매실거래년":20220126.0,
            "매매실거래가":50000.0,
            "전세실거래년":20220128.0,
            "전세실거래가":13650.0,
            "전세가율":23.14,
            "장기전세가율평균":64.35,
            "전세가율거품지수":41.21,
            "검색코드":1631,
            "세대수":1260,
            "준공년월":"1990-03-19",
            "준공년차":33,
            "가까운역이름":"독산",
            "가까운역거리":1221.38,
            "역세권여부":"비역세권",
            "30분이내주요거점역":1,
            "30분거점역이름":"['가산디지털단지']",
            "1시간이내주요거점역":9,
            "1시간거점역이름":"['강남', '역삼', '여의도', '평촌', '가산디지털단지', '수원', '구로디지털단지', '명동', '마곡']",
            "3km이내백화점수":0,
            "5km이내아울렛몰수":3,
            "1km이내대형먀트수":2,
            "500m이내은행수":5,
            "500m이내병원수":75,
            "5km이내대형병원수":7,
            "500m이내공원수":6,
            "3km이내혐오시설수":0,
            "초등학교학업성취도":89.95,
            "중학교학업성취도":81.7,
            "용적률":155,
            "건폐율":11,
            "Y":37.460043,
            "X":126.878159,
            "rank":33.0,
            "area_info":"15평(52.55), 15평(52.81), 17평(58.37), 21평(71.0)",
            "last_sales":"2022-01-26,50000.0,17평(58.37)",
            "rank_history":[
                [
                    "202202",
                    33
                ],
                [
                    "202201",
                    39
                ]
            ],
            "rank_gap":6
        },
        {
            "index":355,
            "아파트명":"광명두산위브트레지움",
            "투자타입":"일반",
            "전용면적(m2)":"82.71",
            "전용면적(평)":"25평",
            "법정동주소":"경기도 광명시 하안동 863",
            "도로명주소":"경기도 광명시 광덕산로 26",
            "세대수":90,
            "입주년차":60,
            "용적률점수":"--",
            "건폐율점수":"--",
            "세대당주차수":60,
            "난방방식":30,
            "공급면적":"--",
            "전용률":"--",
            "욕실수":100,
            "현관타입":100,
            "주거총점":75.5,
            "지역구공급총점":0.0,
            "역세권":50,
            "30분내 이동가능 거점":20,
            "1시간내 이동가능 거점":100,
            "교통총점":51.0,
            "백화점":0,
            "아울렛몰":100,
            "대형마트":0,
            "은행":0,
            "병원":60,
            "종합병원":100,
            "공원":100,
            "혐오시설":0,
            "인프라총점":39.0,
            "초등학군":90.01,
            "중학군":56.14,
            "학군총점":62.914,
            "인구수":32.7,
            "인구증감":-11.59,
            "인구총점":19.413,
            "일자리":12.95,
            "소득수준":64.37,
            "일자리총점":28.376,
            "가치 총점":54.0871,
            "매매실거래년":20211230.0,
            "매매실거래가":150000.0,
            "전세실거래년":20220119.0,
            "전세실거래가":46500.0,
            "전세가율":50.0,
            "장기전세가율평균":64.35,
            "전세가율거품지수":14.35,
            "검색코드":25784,
            "세대수":1248,
            "준공년월":"2009-11-02",
            "준공년차":14,
            "가까운역이름":"철산",
            "가까운역거리":808.08,
            "역세권여부":"준역세권",
            "30분이내주요거점역":1,
            "30분거점역이름":"['가산디지털단지']",
            "1시간이내주요거점역":14,
            "1시간거점역이름":"['강남', '역삼', '잠실', '여의도', '을지로입구', '을지로3가', '양재', '평촌', '가산디지털단지', '홍대입구', '수원', '구로디지털단지', '명동', '마곡']",
            "3km이내백화점수":0,
            "5km이내아울렛몰수":2,
            "1km이내대형먀트수":0,
            "500m이내은행수":1,
            "500m이내병원수":10,
            "5km이내대형병원수":7,
            "500m이내공원수":3,
            "3km이내혐오시설수":0,
            "초등학교학업성취도":90.01,
            "중학교학업성취도":90.9,
            "용적률":245,
            "건폐율":12,
            "Y":37.469729,
            "X":126.872429,
            "rank":34.0,
            "area_info":"25평(82.71), 25평(85.69), 34평(115.4), 35평(118.23), 40평(134.74), 40평(135.23), 40평(135.33), 48평(161.73), 48평(161.32), 56평(187.54), 56평(188.14)",
            "last_sales":"2021-12-30,150000.0,56평(187.54)",
            "rank_history":[
                [
                    "202202",
                    34
                ],
                [
                    "202201",
                    20
                ]
            ],
            "rank_gap":-14
        },
        {
            "index":146,
            "아파트명":"동양2차",
            "투자타입":"일반",
            "전용면적(m2)":"80.78",
            "전용면적(평)":"24평",
            "법정동주소":"경기도 광명시 소하동 48-55",
            "도로명주소":"경기도 광명시 하안로 198",
            "세대수":80,
            "입주년차":20,
            "용적률점수":"--",
            "건폐율점수":"--",
            "세대당주차수":30,
            "난방방식":30,
            "공급면적":"--",
            "전용률":"--",
            "욕실수":50,
            "현관타입":100,
            "주거총점":54.5,
            "지역구공급총점":0.0,
            "역세권":50,
            "30분내 이동가능 거점":20,
            "1시간내 이동가능 거점":100,
            "교통총점":51.0,
            "백화점":0,
            "아울렛몰":100,
            "대형마트":100,
            "은행":0,
            "병원":60,
            "종합병원":100,
            "공원":100,
            "혐오시설":0,
            "인프라총점":54.0,
            "초등학군":89.99,
            "중학군":48.76,
            "학군총점":57.006,
            "인구수":32.7,
            "인구증감":-11.59,
            "인구총점":19.413,
            "일자리":12.95,
            "소득수준":64.37,
            "일자리총점":28.376,
            "가치 총점":53.5009,
            "매매실거래년":20211101.0,
            "매매실거래가":86000.0,
            "전세실거래년":20210910.0,
            "전세실거래가":51000.0,
            "전세가율":75.22,
            "장기전세가율평균":64.35,
            "전세가율거품지수":-10.87,
            "검색코드":3564,
            "세대수":763,
            "준공년월":"2003-11-27",
            "준공년차":20,
            "가까운역이름":"금천구청",
            "가까운역거리":548.01,
            "역세권여부":"준역세권",
            "30분이내주요거점역":1,
            "30분거점역이름":"['구로디지털단지']",
            "1시간이내주요거점역":16,
            "1시간거점역이름":"['강남', '역삼', '잠실', '여의도', '을지로입구', '양재', '수원시청', '평촌', '가산디지털단지', '왕십리', '홍대입구', '수원', '구로디지털단지', '명동', '안산', '마곡']",
            "3km이내백화점수":0,
            "5km이내아울렛몰수":3,
            "1km이내대형먀트수":3,
            "500m이내은행수":0,
            "500m이내병원수":13,
            "5km이내대형병원수":6,
            "500m이내공원수":4,
            "3km이내혐오시설수":0,
            "초등학교학업성취도":89.99,
            "중학교학업성취도":79.0,
            "용적률":319,
            "건폐율":18,
            "Y":37.45452,
            "X":126.88793,
            "rank":35.0,
            "area_info":"24평(80.78), 32평(105.83), 43평(142.91)",
            "last_sales":"2021-11-01,86000.0,32평(105.83)",
            "rank_history":[
                [
                    "202202",
                    35
                ],
                [
                    "202201",
                    41
                ]
            ],
            "rank_gap":6
        },
        {
            "index":275,
            "아파트명":"브라운스톤광명1단지",
            "투자타입":"일반",
            "전용면적(m2)":"77.91",
            "전용면적(평)":"23평",
            "법정동주소":"경기도 광명시 철산동 628",
            "도로명주소":"경기도 광명시 도덕공원로 49",
            "세대수":0,
            "입주년차":40,
            "용적률점수":"--",
            "건폐율점수":"--",
            "세대당주차수":30,
            "난방방식":30,
            "공급면적":"--",
            "전용률":"--",
            "욕실수":100,
            "현관타입":100,
            "주거총점":35.5,
            "지역구공급총점":0.0,
            "역세권":80,
            "30분내 이동가능 거점":40,
            "1시간내 이동가능 거점":100,
            "교통총점":72.0,
            "백화점":0,
            "아울렛몰":100,
            "대형마트":0,
            "은행":20,
            "병원":100,
            "종합병원":100,
            "공원":80,
            "혐오시설":0,
            "인프라총점":44.4,
            "초등학군":90.05,
            "중학군":43.04,
            "학군총점":52.442,
            "인구수":32.7,
            "인구증감":-11.59,
            "인구총점":19.413,
            "일자리":12.95,
            "소득수준":64.37,
            "일자리총점":28.376,
            "가치 총점":53.4863,
            "매매실거래년":20211006.0,
            "매매실거래가":93000.0,
            "전세실거래년":20211130.0,
            "전세실거래가":51000.0,
            "전세가율":67.11,
            "장기전세가율평균":64.35,
            "전세가율거품지수":-2.76,
            "검색코드":14698,
            "세대수":255,
            "준공년월":"2006-06-21",
            "준공년차":17,
            "가까운역이름":"철산",
            "가까운역거리":488.68,
            "역세권여부":"역세권",
            "30분이내주요거점역":2,
            "30분거점역이름":"['가산디지털단지', '구로디지털단지']",
            "1시간이내주요거점역":15,
            "1시간거점역이름":"['강남', '역삼', '잠실', '여의도', '을지로입구', '을지로3가', '수원시청', '평촌', '가산디지털단지', '왕십리', '홍대입구', '수원', '구로디지털단지', '명동', '마곡']",
            "3km이내백화점수":0,
            "5km이내아울렛몰수":2,
            "1km이내대형먀트수":0,
            "500m이내은행수":2,
            "500m이내병원수":65,
            "5km이내대형병원수":7,
            "500m이내공원수":1,
            "3km이내혐오시설수":0,
            "초등학교학업성취도":90.05,
            "중학교학업성취도":71.2,
            "용적률":284,
            "건폐율":24,
            "Y":37.472679,
            "X":126.864358,
            "rank":36.0,
            "area_info":"23평(77.91), 23평(77.79), 23평(78.21), 33평(109.25), 33평(109.76), 33평(109.74), 45평(151.01)",
            "last_sales":"2021-10-06,93000.0,33평(109.76)",
            "rank_history":[
                [
                    "202202",
                    36
                ],
                [
                    "202201",
                    22
                ]
            ],
            "rank_gap":-14
        },
        {
            "index":105,
            "아파트명":"광명역세권휴먼시아3단지",
            "투자타입":"일반",
            "전용면적(m2)":"99.97",
            "전용면적(평)":"30평",
            "법정동주소":"경기도 광명시 소하동 1378",
            "도로명주소":"경기도 광명시 성채로 36",
            "세대수":80,
            "입주년차":60,
            "용적률점수":"--",
            "건폐율점수":"--",
            "세대당주차수":30,
            "난방방식":100,
            "공급면적":"--",
            "전용률":"--",
            "욕실수":100,
            "현관타입":100,
            "주거총점":74.5,
            "지역구공급총점":0.0,
            "역세권":0,
            "30분내 이동가능 거점":40,
            "1시간내 이동가능 거점":80,
            "교통총점":28.0,
            "백화점":100,
            "아울렛몰":80,
            "대형마트":0,
            "은행":0,
            "병원":60,
            "종합병원":100,
            "공원":100,
            "혐오시설":0,
            "인프라총점":67.0,
            "초등학군":89.98,
            "중학군":46.2,
            "학군총점":54.956,
            "인구수":32.7,
            "인구증감":-11.59,
            "인구총점":19.413,
            "일자리":12.95,
            "소득수준":64.37,
            "일자리총점":28.376,
            "가치 총점":53.0434,
            "매매실거래년":20210824.0,
            "매매실거래가":87800.0,
            "전세실거래년":20211112.0,
            "전세실거래가":50000.0,
            "전세가율":60.61,
            "장기전세가율평균":64.35,
            "전세가율거품지수":3.74,
            "검색코드":100232,
            "세대수":797,
            "준공년월":"2011-02-08",
            "준공년차":12,
            "가까운역이름":"석수",
            "가까운역거리":1788.45,
            "역세권여부":"비역세권",
            "30분이내주요거점역":2,
            "30분거점역이름":"['가산디지털단지', '구로디지털단지']",
            "1시간이내주요거점역":8,
            "1시간거점역이름":"['강남', '역삼', '여의도', '을지로입구', '을지로3가', '가산디지털단지', '홍대입구', '구로디지털단지']",
            "3km이내백화점수":1,
            "5km이내아울렛몰수":1,
            "1km이내대형먀트수":0,
            "500m이내은행수":1,
            "500m이내병원수":21,
            "5km이내대형병원수":2,
            "500m이내공원수":10,
            "3km이내혐오시설수":0,
            "초등학교학업성취도":89.98,
            "중학교학업성취도":75.2,
            "용적률":166,
            "건폐율":17,
            "Y":37.432735,
            "X":126.88225,
            "rank":37.0,
            "area_info":"30평(99.97), 30평(99.88), 33평(112.24), 34평(112.77), 33평(112.16), 34평(112.77), 33평(112.16), 34평(113.32), 34평(113.26), 34평(113.26)",
            "last_sales":"2021-08-24,87800.0,34평(113.26)",
            "rank_history":[
                [
                    "202202",
                    37
                ],
                [
                    "202201",
                    56
                ]
            ],
            "rank_gap":19
        },
        {
            "index":96,
            "아파트명":"현진에버빌",
            "투자타입":"일반",
            "전용면적(m2)":"75.83",
            "전용면적(평)":"22평",
            "법정동주소":"경기도 광명시 광명동 779",
            "도로명주소":"경기도 광명시 목감로 88",
            "세대수":50,
            "입주년차":40,
            "용적률점수":"--",
            "건폐율점수":"--",
            "세대당주차수":0,
            "난방방식":30,
            "공급면적":"--",
            "전용률":"--",
            "욕실수":100,
            "현관타입":100,
            "주거총점":48.5,
            "지역구공급총점":0.0,
            "역세권":50,
            "30분내 이동가능 거점":40,
            "1시간내 이동가능 거점":100,
            "교통총점":57.0,
            "백화점":0,
            "아울렛몰":100,
            "대형마트":0,
            "은행":70,
            "병원":60,
            "종합병원":100,
            "공원":100,
            "혐오시설":0,
            "인프라총점":46.0,
            "초등학군":90.0,
            "중학군":45.72,
            "학군총점":54.576,
            "인구수":32.7,
            "인구증감":-11.59,
            "인구총점":19.413,
            "일자리":12.95,
            "소득수준":64.37,
            "일자리총점":28.376,
            "가치 총점":51.6364,
            "매매실거래년":20210908.0,
            "매매실거래가":73700.0,
            "전세실거래년":20220122.0,
            "전세실거래가":32500.0,
            "전세가율":44.1,
            "장기전세가율평균":64.35,
            "전세가율거품지수":20.25,
            "검색코드":12882,
            "세대수":657,
            "준공년월":"2005-11-11",
            "준공년차":18,
            "가까운역이름":"광명사거리",
            "가까운역거리":772.52,
            "역세권여부":"준역세권",
            "30분이내주요거점역":2,
            "30분거점역이름":"['가산디지털단지', '구로디지털단지']",
            "1시간이내주요거점역":12,
            "1시간거점역이름":"['강남', '역삼', '여의도', '을지로입구', '을지로3가', '평촌', '가산디지털단지', '홍대입구', '수원', '구로디지털단지', '명동', '마곡']",
            "3km이내백화점수":0,
            "5km이내아울렛몰수":2,
            "1km이내대형먀트수":0,
            "500m이내은행수":3,
            "500m이내병원수":17,
            "5km이내대형병원수":6,
            "500m이내공원수":3,
            "3km이내혐오시설수":0,
            "초등학교학업성취도":90.0,
            "중학교학업성취도":75.0,
            "용적률":318,
            "건폐율":20,
            "Y":37.475973,
            "X":126.847158,
            "rank":38.0,
            "area_info":"22평(75.83), 23평(77.16), 32평(106.87), 46평(152.38)",
            "last_sales":"2021-09-08,73700.0,22평(75.83)",
            "rank_history":[
                [
                    "202202",
                    38
                ],
                [
                    "202201",
                    27
                ]
            ],
            "rank_gap":-11
        },
        {
            "index":344,
            "아파트명":"철산한신",
            "투자타입":"재건축",
            "전용면적(m2)":"112.03",
            "전용면적(평)":"33평",
            "법정동주소":"경기도 광명시 철산동 367",
            "도로명주소":"경기도 광명시 디지털로 64",
            "세대수":100,
            "입주년차":"--",
            "용적률점수":0,
            "건폐율점수":100,
            "세대당주차수":"--",
            "난방방식":"--",
            "공급면적":90,
            "전용률":80,
            "욕실수":"--",
            "현관타입":"--",
            "주거총점":58.5,
            "지역구공급총점":0.0,
            "역세권":50,
            "30분내 이동가능 거점":40,
            "1시간내 이동가능 거점":100,
            "교통총점":57.0,
            "백화점":0,
            "아울렛몰":100,
            "대형마트":0,
            "은행":0,
            "병원":10,
            "종합병원":100,
            "공원":100,
            "혐오시설":0,
            "인프라총점":34.0,
            "초등학군":90.01,
            "중학군":56.14,
            "학군총점":62.914,
            "인구수":32.7,
            "인구증감":-11.59,
            "인구총점":19.413,
            "일자리":12.95,
            "소득수준":64.37,
            "일자리총점":28.376,
            "가치 총점":51.2871,
            "매매실거래년":20211111.0,
            "매매실거래가":99000.0,
            "전세실거래년":20220120.0,
            "전세실거래가":39900.0,
            "전세가율":40.3,
            "장기전세가율평균":64.35,
            "전세가율거품지수":24.05,
            "검색코드":1621,
            "세대수":1568,
            "준공년월":"1992-11-14",
            "준공년차":31,
            "가까운역이름":"철산",
            "가까운역거리":861.38,
            "역세권여부":"준역세권",
            "30분이내주요거점역":2,
            "30분거점역이름":"['가산디지털단지', '구로디지털단지']",
            "1시간이내주요거점역":15,
            "1시간거점역이름":"['강남', '역삼', '잠실', '여의도', '을지로입구', '을지로3가', '양재', '수원시청', '평촌', '가산디지털단지', '홍대입구', '수원', '구로디지털단지', '명동', '마곡']",
            "3km이내백화점수":0,
            "5km이내아울렛몰수":2,
            "1km이내대형먀트수":0,
            "500m이내은행수":0,
            "500m이내병원수":4,
            "5km이내대형병원수":8,
            "500m이내공원수":2,
            "3km이내혐오시설수":0,
            "초등학교학업성취도":90.01,
            "중학교학업성취도":90.9,
            "용적률":292,
            "건폐율":17,
            "Y":37.472426,
            "X":126.876538,
            "rank":39.0,
            "area_info":"33평(112.03), 47평(157.48)",
            "last_sales":"2021-11-11,99000.0,33평(112.03)",
            "rank_history":[
                [
                    "202202",
                    39
                ],
                [
                    "202201",
                    23
                ]
            ],
            "rank_gap":-16
        },
        {
            "index":386,
            "아파트명":"주공1단지",
            "투자타입":"재건축",
            "전용면적(m2)":"52.55",
            "전용면적(평)":"15평",
            "법정동주소":"경기도 광명시 하안동 682",
            "도로명주소":"경기도 광명시 안현로 15",
            "세대수":100,
            "입주년차":"--",
            "용적률점수":80,
            "건폐율점수":100,
            "세대당주차수":"--",
            "난방방식":"--",
            "공급면적":50,
            "전용률":40,
            "욕실수":"--",
            "현관타입":"--",
            "주거총점":86.5,
            "지역구공급총점":0.0,
            "역세권":0,
            "30분내 이동가능 거점":20,
            "1시간내 이동가능 거점":100,
            "교통총점":26.0,
            "백화점":0,
            "아울렛몰":100,
            "대형마트":100,
            "은행":0,
            "병원":30,
            "종합병원":100,
            "공원":100,
            "혐오시설":0,
            "인프라총점":51.0,
            "초등학군":89.98,
            "중학군":56.14,
            "학군총점":62.908,
            "인구수":32.7,
            "인구증감":-11.59,
            "인구총점":19.413,
            "일자리":12.95,
            "소득수준":64.37,
            "일자리총점":28.376,
            "가치 총점":51.1362,
            "매매실거래년":20220115.0,
            "매매실거래가":43000.0,
            "전세실거래년":20220117.0,
            "전세실거래가":13500.0,
            "전세가율":31.4,
            "장기전세가율평균":64.35,
            "전세가율거품지수":32.95,
            "검색코드":1627,
            "세대수":1980,
            "준공년월":"1989-10-10",
            "준공년차":34,
            "가까운역이름":"철산",
            "가까운역거리":1274.63,
            "역세권여부":"비역세권",
            "30분이내주요거점역":1,
            "30분거점역이름":"['가산디지털단지']",
            "1시간이내주요거점역":10,
            "1시간거점역이름":"['강남', '역삼', '여의도', '평촌', '가산디지털단지', '홍대입구', '수원', '구로디지털단지', '명동', '마곡']",
            "3km이내백화점수":0,
            "5km이내아울렛몰수":3,
            "1km이내대형먀트수":2,
            "500m이내은행수":0,
            "500m이내병원수":8,
            "5km이내대형병원수":7,
            "500m이내공원수":6,
            "3km이내혐오시설수":0,
            "초등학교학업성취도":89.98,
            "중학교학업성취도":90.9,
            "용적률":170,
            "건폐율":14,
            "Y":37.465764,
            "X":126.874286,
            "rank":40.0,
            "area_info":"15평(52.55), 15평(52.81), 17평(57.29), 18평(60.56), 20평(69.28), 22평(73.22)",
            "last_sales":"2022-01-15,43000.0,15평(52.55)",
            "rank_history":[
                [
                    "202202",
                    40
                ],
                [
                    "202201",
                    44
                ]
            ],
            "rank_gap":4
        },
        {
            "index":282,
            "아파트명":"브라운스톤광명2단지",
            "투자타입":"일반",
            "전용면적(m2)":"80.91",
            "전용면적(평)":"24평",
            "법정동주소":"경기도 광명시 철산동 630",
            "도로명주소":"경기도 광명시 도덕공원로 35",
            "세대수":50,
            "입주년차":40,
            "용적률점수":"--",
            "건폐율점수":"--",
            "세대당주차수":30,
            "난방방식":30,
            "공급면적":"--",
            "전용률":"--",
            "욕실수":100,
            "현관타입":100,
            "주거총점":53.0,
            "지역구공급총점":0.0,
            "역세권":50,
            "30분내 이동가능 거점":40,
            "1시간내 이동가능 거점":100,
            "교통총점":57.0,
            "백화점":0,
            "아울렛몰":100,
            "대형마트":0,
            "은행":0,
            "병원":80,
            "종합병원":100,
            "공원":100,
            "혐오시설":0,
            "인프라총점":41.0,
            "초등학군":90.05,
            "중학군":43.04,
            "학군총점":52.442,
            "인구수":32.7,
            "인구증감":-11.59,
            "인구총점":19.413,
            "일자리":12.95,
            "소득수준":64.37,
            "일자리총점":28.376,
            "가치 총점":50.7163,
            "매매실거래년":20211006.0,
            "매매실거래가":87900.0,
            "전세실거래년":20211105.0,
            "전세실거래가":54000.0,
            "전세가율":64.29,
            "장기전세가율평균":64.35,
            "전세가율거품지수":0.06,
            "검색코드":22727,
            "세대수":445,
            "준공년월":"2007-05-23",
            "준공년차":16,
            "가까운역이름":"철산",
            "가까운역거리":578.29,
            "역세권여부":"준역세권",
            "30분이내주요거점역":2,
            "30분거점역이름":"['가산디지털단지', '구로디지털단지']",
            "1시간이내주요거점역":14,
            "1시간거점역이름":"['강남', '역삼', '잠실', '여의도', '을지로입구', '을지로3가', '평촌', '가산디지털단지', '왕십리', '홍대입구', '수원', '구로디지털단지', '명동', '마곡']",
            "3km이내백화점수":0,
            "5km이내아울렛몰수":2,
            "1km이내대형먀트수":0,
            "500m이내은행수":1,
            "500m이내병원수":40,
            "5km이내대형병원수":7,
            "500m이내공원수":2,
            "3km이내혐오시설수":0,
            "초등학교학업성취도":90.05,
            "중학교학업성취도":71.2,
            "용적률":292,
            "건폐율":21,
            "Y":37.47175,
            "X":126.864225,
            "rank":41.0,
            "area_info":"24평(80.91), 25평(83.17), 32평(106.48), 39평(130.23)",
            "last_sales":"2021-10-06,87900.0,32평(106.48)",
            "rank_history":[
                [
                    "202202",
                    41
                ],
                [
                    "202201",
                    26
                ]
            ],
            "rank_gap":-15
        },
        {
            "index":272,
            "아파트명":"두산위브",
            "투자타입":"일반",
            "전용면적(m2)":"79.23",
            "전용면적(평)":"23평",
            "법정동주소":"경기도 광명시 철산동 629",
            "도로명주소":"경기도 광명시 사성로 91",
            "세대수":90,
            "입주년차":40,
            "용적률점수":"--",
            "건폐율점수":"--",
            "세대당주차수":30,
            "난방방식":30,
            "공급면적":"--",
            "전용률":"--",
            "욕실수":100,
            "현관타입":100,
            "주거총점":67.0,
            "지역구공급총점":0.0,
            "역세권":50,
            "30분내 이동가능 거점":20,
            "1시간내 이동가능 거점":100,
            "교통총점":51.0,
            "백화점":0,
            "아울렛몰":100,
            "대형마트":0,
            "은행":0,
            "병원":30,
            "종합병원":100,
            "공원":100,
            "혐오시설":0,
            "인프라총점":36.0,
            "초등학군":89.93,
            "중학군":47.22,
            "학군총점":55.762,
            "인구수":32.7,
            "인구증감":-11.59,
            "인구총점":19.413,
            "일자리":12.95,
            "소득수준":64.37,
            "일자리총점":28.376,
            "가치 총점":50.4143,
            "매매실거래년":20211211.0,
            "매매실거래가":100000.0,
            "전세실거래년":20220115.0,
            "전세실거래가":35100.0,
            "전세가율":46.8,
            "장기전세가율평균":64.35,
            "전세가율거품지수":17.55,
            "검색코드":20490,
            "세대수":900,
            "준공년월":"2007-03-29",
            "준공년차":16,
            "가까운역이름":"개봉",
            "가까운역거리":879.5,
            "역세권여부":"준역세권",
            "30분이내주요거점역":1,
            "30분거점역이름":"['가산디지털단지']",
            "1시간이내주요거점역":13,
            "1시간거점역이름":"['강남', '역삼', '여의도', '을지로입구', '을지로3가', '양재', '평촌', '가산디지털단지', '홍대입구', '수원', '구로디지털단지', '명동', '마곡']",
            "3km이내백화점수":0,
            "5km이내아울렛몰수":2,
            "1km이내대형먀트수":0,
            "500m이내은행수":1,
            "500m이내병원수":8,
            "5km이내대형병원수":10,
            "500m이내공원수":3,
            "3km이내혐오시설수":0,
            "초등학교학업성취도":89.93,
            "중학교학업성취도":77.7,
            "용적률":292,
            "건폐율":21,
            "Y":37.488965,
            "X":126.865683,
            "rank":42.0,
            "area_info":"23평(79.23), 33평(111.24), 43평(142.38)",
            "last_sales":"2021-12-11,100000.0,43평(142.38)",
            "rank_history":[
                [
                    "202202",
                    42
                ],
                [
                    "202201",
                    43
                ]
            ],
            "rank_gap":1
        },
        {
            "index":268,
            "아파트명":"도덕파크타운2단지",
            "투자타입":"일반",
            "전용면적(m2)":"57.32",
            "전용면적(평)":"17평",
            "법정동주소":"경기도 광명시 철산동 625",
            "도로명주소":"경기도 광명시 가림일로 101",
            "세대수":90,
            "입주년차":20,
            "용적률점수":"--",
            "건폐율점수":"--",
            "세대당주차수":0,
            "난방방식":30,
            "공급면적":"--",
            "전용률":"--",
            "욕실수":50,
            "현관타입":10,
            "주거총점":44.5,
            "지역구공급총점":0.0,
            "역세권":50,
            "30분내 이동가능 거점":40,
            "1시간내 이동가능 거점":100,
            "교통총점":57.0,
            "백화점":0,
            "아울렛몰":100,
            "대형마트":0,
            "은행":20,
            "병원":60,
            "종합병원":100,
            "공원":100,
            "혐오시설":0,
            "인프라총점":41.0,
            "초등학군":90.0,
            "중학군":52.56,
            "학군총점":60.048,
            "인구수":32.7,
            "인구증감":-11.59,
            "인구총점":19.413,
            "일자리":12.95,
            "소득수준":64.37,
            "일자리총점":28.376,
            "가치 총점":50.1572,
            "매매실거래년":20211126.0,
            "매매실거래가":55500.0,
            "전세실거래년":20220125.0,
            "전세실거래가":30000.0,
            "전세가율":54.05,
            "장기전세가율평균":64.35,
            "전세가율거품지수":10.3,
            "검색코드":14486,
            "세대수":1234,
            "준공년월":"2001-09-07",
            "준공년차":22,
            "가까운역이름":"철산",
            "가까운역거리":666.65,
            "역세권여부":"준역세권",
            "30분이내주요거점역":2,
            "30분거점역이름":"['가산디지털단지', '구로디지털단지']",
            "1시간이내주요거점역":12,
            "1시간거점역이름":"['강남', '역삼', '여의도', '을지로3가', '양재', '평촌', '가산디지털단지', '홍대입구', '수원', '구로디지털단지', '명동', '마곡']",
            "3km이내백화점수":0,
            "5km이내아울렛몰수":2,
            "1km이내대형먀트수":0,
            "500m이내은행수":2,
            "500m이내병원수":18,
            "5km이내대형병원수":7,
            "500m이내공원수":4,
            "3km이내혐오시설수":0,
            "초등학교학업성취도":90.0,
            "중학교학업성취도":85.4,
            "용적률":274,
            "건폐율":16,
            "Y":37.470279,
            "X":126.865864,
            "rank":43.0,
            "area_info":"17평(57.32), 17평(57.43), 21평(72.24), 21평(72.25)",
            "last_sales":"2021-11-26,55500.0,17평(57.32)",
            "rank_history":[
                [
                    "202202",
                    43
                ],
                [
                    "202201",
                    28
                ]
            ],
            "rank_gap":-15
        },
        {
            "index":20,
            "아파트명":"광명월드메르디앙",
            "투자타입":"일반",
            "전용면적(m2)":"81.74",
            "전용면적(평)":"24평",
            "법정동주소":"경기도 광명시 광명동 781",
            "도로명주소":"경기도 광명시 목감로 96",
            "세대수":50,
            "입주년차":40,
            "용적률점수":"--",
            "건폐율점수":"--",
            "세대당주차수":30,
            "난방방식":30,
            "공급면적":"--",
            "전용률":"--",
            "욕실수":100,
            "현관타입":100,
            "주거총점":53.0,
            "지역구공급총점":0.0,
            "역세권":50,
            "30분내 이동가능 거점":40,
            "1시간내 이동가능 거점":100,
            "교통총점":57.0,
            "백화점":0,
            "아울렛몰":100,
            "대형마트":0,
            "은행":20,
            "병원":30,
            "종합병원":100,
            "공원":100,
            "혐오시설":0,
            "인프라총점":38.0,
            "초등학군":90.0,
            "중학군":45.72,
            "학군총점":54.576,
            "인구수":32.7,
            "인구증감":-11.59,
            "인구총점":19.413,
            "일자리":12.95,
            "소득수준":64.37,
            "일자리총점":28.376,
            "가치 총점":50.1364,
            "매매실거래년":20210914.0,
            "매매실거래가":79700.0,
            "전세실거래년":20210826.0,
            "전세실거래가":35700.0,
            "전세가율":44.79,
            "장기전세가율평균":64.35,
            "전세가율거품지수":19.56,
            "검색코드":19437,
            "세대수":577,
            "준공년월":"2007-04-26",
            "준공년차":16,
            "가까운역이름":"광명사거리",
            "가까운역거리":759.36,
            "역세권여부":"준역세권",
            "30분이내주요거점역":2,
            "30분거점역이름":"['가산디지털단지', '구로디지털단지']",
            "1시간이내주요거점역":12,
            "1시간거점역이름":"['강남', '역삼', '여의도', '을지로입구', '을지로3가', '양재', '평촌', '가산디지털단지', '홍대입구', '수원', '구로디지털단지', '마곡']",
            "3km이내백화점수":0,
            "5km이내아울렛몰수":2,
            "1km이내대형먀트수":0,
            "500m이내은행수":2,
            "500m이내병원수":6,
            "5km이내대형병원수":6,
            "500m이내공원수":2,
            "3km이내혐오시설수":0,
            "초등학교학업성취도":90.0,
            "중학교학업성취도":75.0,
            "용적률":297,
            "건폐율":19,
            "Y":37.47683,
            "X":126.84683,
            "rank":44.0,
            "area_info":"24평(81.74), 32평(107.06)",
            "last_sales":"2021-09-14,79700.0,24평(81.74)",
            "rank_history":[
                [
                    "202202",
                    44
                ],
                [
                    "202201",
                    33
                ]
            ],
            "rank_gap":-11
        },
        {
            "index":265,
            "아파트명":"도덕파크타운1단지",
            "투자타입":"일반",
            "전용면적(m2)":"78.32",
            "전용면적(평)":"23평",
            "법정동주소":"경기도 광명시 철산동 625",
            "도로명주소":"경기도 광명시 가림일로 79",
            "세대수":90,
            "입주년차":20,
            "용적률점수":"--",
            "건폐율점수":"--",
            "세대당주차수":0,
            "난방방식":30,
            "공급면적":"--",
            "전용률":"--",
            "욕실수":50,
            "현관타입":100,
            "주거총점":53.5,
            "지역구공급총점":0.0,
            "역세권":50,
            "30분내 이동가능 거점":20,
            "1시간내 이동가능 거점":100,
            "교통총점":51.0,
            "백화점":0,
            "아울렛몰":100,
            "대형마트":0,
            "은행":20,
            "병원":60,
            "종합병원":100,
            "공원":100,
            "혐오시설":0,
            "인프라총점":41.0,
            "초등학군":90.0,
            "중학군":52.56,
            "학군총점":60.048,
            "인구수":32.7,
            "인구증감":-11.59,
            "인구총점":19.413,
            "일자리":12.95,
            "소득수준":64.37,
            "일자리총점":28.376,
            "가치 총점":49.8572,
            "매매실거래년":20220106.0,
            "매매실거래가":76000.0,
            "전세실거래년":20220120.0,
            "전세실거래가":47000.0,
            "전세가율":61.84,
            "장기전세가율평균":64.35,
            "전세가율거품지수":2.51,
            "검색코드":3565,
            "세대수":1117,
            "준공년월":"2002-05-24",
            "준공년차":21,
            "가까운역이름":"철산",
            "가까운역거리":716.92,
            "역세권여부":"준역세권",
            "30분이내주요거점역":1,
            "30분거점역이름":"['가산디지털단지']",
            "1시간이내주요거점역":13,
            "1시간거점역이름":"['강남', '역삼', '여의도', '을지로입구', '을지로3가', '양재', '평촌', '가산디지털단지', '홍대입구', '수원', '구로디지털단지', '명동', '마곡']",
            "3km이내백화점수":0,
            "5km이내아울렛몰수":2,
            "1km이내대형먀트수":0,
            "500m이내은행수":2,
            "500m이내병원수":12,
            "5km이내대형병원수":7,
            "500m이내공원수":3,
            "3km이내혐오시설수":0,
            "초등학교학업성취도":90.0,
            "중학교학업성취도":85.4,
            "용적률":274,
            "건폐율":16,
            "Y":37.470282,
            "X":126.864281,
            "rank":45.0,
            "area_info":"23평(78.32), 33평(111.26), 45평(150.27)",
            "last_sales":"2022-01-06,76000.0,23평(78.32)",
            "rank_history":[
                [
                    "202202",
                    45
                ],
                [
                    "202201",
                    34
                ]
            ],
            "rank_gap":-11
        },
        {
            "index":170,
            "아파트명":"휴먼시아2단지",
            "투자타입":"일반",
            "전용면적(m2)":"124.84",
            "전용면적(평)":"37평",
            "법정동주소":"경기도 광명시 소하동 1288",
            "도로명주소":"경기도 광명시 소하로 38",
            "세대수":50,
            "입주년차":60,
            "용적률점수":"--",
            "건폐율점수":"--",
            "세대당주차수":60,
            "난방방식":100,
            "공급면적":"--",
            "전용률":"--",
            "욕실수":100,
            "현관타입":100,
            "주거총점":68.5,
            "지역구공급총점":0.0,
            "역세권":0,
            "30분내 이동가능 거점":40,
            "1시간내 이동가능 거점":100,
            "교통총점":32.0,
            "백화점":0,
            "아울렛몰":100,
            "대형마트":100,
            "은행":0,
            "병원":60,
            "종합병원":100,
            "공원":100,
            "혐오시설":0,
            "인프라총점":54.0,
            "초등학군":89.99,
            "중학군":48.76,
            "학군총점":57.006,
            "인구수":32.7,
            "인구증감":-11.59,
            "인구총점":19.413,
            "일자리":12.95,
            "소득수준":64.37,
            "일자리총점":28.376,
            "가치 총점":49.6509,
            "매매실거래년":20211125.0,
            "매매실거래가":104000.0,
            "전세실거래년":20211223.0,
            "전세실거래가":70000.0,
            "전세가율":67.31,
            "장기전세가율평균":64.35,
            "전세가율거품지수":-2.96,
            "검색코드":27345,
            "세대수":609,
            "준공년월":"2010-06-21",
            "준공년차":13,
            "가까운역이름":"금천구청",
            "가까운역거리":1040.61,
            "역세권여부":"비역세권",
            "30분이내주요거점역":2,
            "30분거점역이름":"['가산디지털단지', '구로디지털단지']",
            "1시간이내주요거점역":11,
            "1시간거점역이름":"['강남', '역삼', '여의도', '을지로입구', '평촌', '가산디지털단지', '홍대입구', '수원', '구로디지털단지', '명동', '마곡']",
            "3km이내백화점수":0,
            "5km이내아울렛몰수":3,
            "1km이내대형먀트수":2,
            "500m이내은행수":0,
            "500m이내병원수":19,
            "5km이내대형병원수":5,
            "500m이내공원수":5,
            "3km이내혐오시설수":0,
            "초등학교학업성취도":89.99,
            "중학교학업성취도":79.0,
            "용적률":173,
            "건폐율":20,
            "Y":37.452546,
            "X":126.882848,
            "rank":46.0,
            "area_info":"37평(124.84), 37평(124.84), 44평(146.78), 44평(146.0), 44평(146.84), 44평(146.71), 44평(146.0), 44평(146.8), 50평(166.28), 50평(166.45), 50평(166.28), 50평(166.45)",
            "last_sales":"2021-11-25,104000.0,37평(124.84)",
            "rank_history":[
                [
                    "202202",
                    46
                ],
                [
                    "202201",
                    47
                ]
            ],
            "rank_gap":1
        },
        {
            "index":125,
            "아파트명":"광명역세권휴먼시아5단지",
            "투자타입":"일반",
            "전용면적(m2)":"125.38",
            "전용면적(평)":"37평",
            "법정동주소":"경기도 광명시 소하동 1389",
            "도로명주소":"경기도 광명시 서원로 13",
            "세대수":50,
            "입주년차":60,
            "용적률점수":"--",
            "건폐율점수":"--",
            "세대당주차수":60,
            "난방방식":100,
            "공급면적":"--",
            "전용률":"--",
            "욕실수":100,
            "현관타입":100,
            "주거총점":68.5,
            "지역구공급총점":0.0,
            "역세권":0,
            "30분내 이동가능 거점":20,
            "1시간내 이동가능 거점":90,
            "교통총점":24.0,
            "백화점":100,
            "아울렛몰":80,
            "대형마트":0,
            "은행":0,
            "병원":30,
            "종합병원":100,
            "공원":100,
            "혐오시설":0,
            "인프라총점":64.0,
            "초등학군":89.98,
            "중학군":46.2,
            "학군총점":54.956,
            "인구수":32.7,
            "인구증감":-11.59,
            "인구총점":19.413,
            "일자리":12.95,
            "소득수준":64.37,
            "일자리총점":28.376,
            "가치 총점":49.5434,
            "매매실거래년":20211007.0,
            "매매실거래가":114300.0,
            "전세실거래년":20220122.0,
            "전세실거래가":67000.0,
            "전세가율":69.07,
            "장기전세가율평균":64.35,
            "전세가율거품지수":-4.72,
            "검색코드":101874,
            "세대수":407,
            "준공년월":"2011-02-08",
            "준공년차":12,
            "가까운역이름":"광명",
            "가까운역거리":1633.57,
            "역세권여부":"비역세권",
            "30분이내주요거점역":1,
            "30분거점역이름":"['구로디지털단지']",
            "1시간이내주요거점역":9,
            "1시간거점역이름":"['강남', '역삼', '여의도', '을지로입구', '평촌', '가산디지털단지', '홍대입구', '수원', '구로디지털단지']",
            "3km이내백화점수":1,
            "5km이내아울렛몰수":1,
            "1km이내대형먀트수":0,
            "500m이내은행수":0,
            "500m이내병원수":5,
            "5km이내대형병원수":2,
            "500m이내공원수":6,
            "3km이내혐오시설수":0,
            "초등학교학업성취도":89.98,
            "중학교학업성취도":75.2,
            "용적률":179,
            "건폐율":15,
            "Y":37.430873,
            "X":126.884458,
            "rank":47.0,
            "area_info":"37평(125.38), 38평(125.9), 37평(125.38), 44평(147.62), 44평(147.69), 44평(147.69), 44평(148.16), 46평(153.48), 49평(164.35), 49평(164.36), 50평(168.17), 56평(186.08)",
            "last_sales":"2021-10-07,114300.0,44평(148.16)",
            "rank_history":[
                [
                    "202202",
                    47
                ],
                [
                    "202201",
                    62
                ]
            ],
            "rank_gap":15
        },
        {
            "index":392,
            "아파트명":"주공2단지",
            "투자타입":"재건축",
            "전용면적(m2)":"63.64",
            "전용면적(평)":"19평",
            "법정동주소":"경기도 광명시 하안동 681",
            "도로명주소":"경기도 광명시 안현로 35",
            "세대수":80,
            "입주년차":"--",
            "용적률점수":80,
            "건폐율점수":100,
            "세대당주차수":"--",
            "난방방식":"--",
            "공급면적":50,
            "전용률":60,
            "욕실수":"--",
            "현관타입":"--",
            "주거총점":81.5,
            "지역구공급총점":0.0,
            "역세권":0,
            "30분내 이동가능 거점":20,
            "1시간내 이동가능 거점":100,
            "교통총점":26.0,
            "백화점":0,
            "아울렛몰":100,
            "대형마트":100,
            "은행":0,
            "병원":30,
            "종합병원":100,
            "공원":100,
            "혐오시설":0,
            "인프라총점":51.0,
            "초등학군":89.99,
            "중학군":50.98,
            "학군총점":58.782,
            "인구수":32.7,
            "인구증감":-11.59,
            "인구총점":19.413,
            "일자리":12.95,
            "소득수준":64.37,
            "일자리총점":28.376,
            "가치 총점":49.5173,
            "매매실거래년":20210823.0,
            "매매실거래가":86000.0,
            "전세실거래년":20220106.0,
            "전세실거래가":19000.0,
            "전세가율":34.55,
            "장기전세가율평균":64.35,
            "전세가율거품지수":29.8,
            "검색코드":1626,
            "세대수":866,
            "준공년월":"1989-10-10",
            "준공년차":34,
            "가까운역이름":"독산",
            "가까운역거리":1201.38,
            "역세권여부":"비역세권",
            "30분이내주요거점역":1,
            "30분거점역이름":"['가산디지털단지']",
            "1시간이내주요거점역":10,
            "1시간거점역이름":"['강남', '역삼', '여의도', '평촌', '가산디지털단지', '홍대입구', '수원', '구로디지털단지', '명동', '마곡']",
            "3km이내백화점수":0,
            "5km이내아울렛몰수":3,
            "1km이내대형먀트수":2,
            "500m이내은행수":0,
            "500m이내병원수":9,
            "5km이내대형병원수":7,
            "500m이내공원수":6,
            "3km이내혐오시설수":0,
            "초등학교학업성취도":89.99,
            "중학교학업성취도":83.3,
            "용적률":176,
            "건폐율":13,
            "Y":37.466173,
            "X":126.875648,
            "rank":48.0,
            "area_info":"19평(63.64), 24평(80.17), 24평(82.57), 25평(85.69), 28평(92.72)",
            "last_sales":"2021-08-23,86000.0,28평(92.72)",
            "rank_history":[
                [
                    "202202",
                    48
                ],
                [
                    "202201",
                    46
                ]
            ],
            "rank_gap":-2
        },
        {
            "index":428,
            "아파트명":"주공9단지",
            "투자타입":"재건축",
            "전용면적(m2)":"63.6",
            "전용면적(평)":"19평",
            "법정동주소":"경기도 광명시 하안동 13",
            "도로명주소":"경기도 광명시 하안로 364",
            "세대수":100,
            "입주년차":"--",
            "용적률점수":80,
            "건폐율점수":100,
            "세대당주차수":"--",
            "난방방식":"--",
            "공급면적":50,
            "전용률":60,
            "욕실수":"--",
            "현관타입":"--",
            "주거총점":87.5,
            "지역구공급총점":0.0,
            "역세권":0,
            "30분내 이동가능 거점":20,
            "1시간내 이동가능 거점":80,
            "교통총점":22.0,
            "백화점":0,
            "아울렛몰":100,
            "대형마트":100,
            "은행":0,
            "병원":30,
            "종합병원":100,
            "공원":100,
            "혐오시설":0,
            "인프라총점":51.0,
            "초등학군":89.99,
            "중학군":50.98,
            "학군총점":58.782,
            "인구수":32.7,
            "인구증감":-11.59,
            "인구총점":19.413,
            "일자리":12.95,
            "소득수준":64.37,
            "일자리총점":28.376,
            "가치 총점":49.3173,
            "매매실거래년":20211216.0,
            "매매실거래가":70000.0,
            "전세실거래년":20220110.0,
            "전세실거래가":15750.0,
            "전세가율":27.39,
            "장기전세가율평균":64.35,
            "전세가율거품지수":36.96,
            "검색코드":1636,
            "세대수":1818,
            "준공년월":"1990-09-10",
            "준공년차":33,
            "가까운역이름":"독산",
            "가까운역거리":1021.01,
            "역세권여부":"비역세권",
            "30분이내주요거점역":1,
            "30분거점역이름":"['가산디지털단지']",
            "1시간이내주요거점역":8,
            "1시간거점역이름":"['여의도', '평촌', '가산디지털단지', '왕십리', '수원', '구로디지털단지', '명동', '마곡']",
            "3km이내백화점수":0,
            "5km이내아울렛몰수":3,
            "1km이내대형먀트수":2,
            "500m이내은행수":0,
            "500m이내병원수":6,
            "5km이내대형병원수":8,
            "500m이내공원수":5,
            "3km이내혐오시설수":0,
            "초등학교학업성취도":89.99,
            "중학교학업성취도":83.3,
            "용적률":169,
            "건폐율":14,
            "Y":37.46762,
            "X":126.87775,
            "rank":49.0,
            "area_info":"19평(63.6), 24평(80.17), 24평(82.53), 31평(105.49)",
            "last_sales":"2021-12-16,70000.0,24평(82.53)",
            "rank_history":[
                [
                    "202202",
                    49
                ],
                [
                    "202201",
                    48
                ]
            ],
            "rank_gap":-1
        },
        {
            "index":182,
            "아파트명":"휴먼시아3단지",
            "투자타입":"일반",
            "전용면적(m2)":"99.65",
            "전용면적(평)":"30평",
            "법정동주소":"경기도 광명시 소하동 1289",
            "도로명주소":"경기도 광명시 소하로 56",
            "세대수":50,
            "입주년차":60,
            "용적률점수":"--",
            "건폐율점수":"--",
            "세대당주차수":30,
            "난방방식":100,
            "공급면적":"--",
            "전용률":"--",
            "욕실수":100,
            "현관타입":100,
            "주거총점":64.0,
            "지역구공급총점":0.0,
            "역세권":0,
            "30분내 이동가능 거점":40,
            "1시간내 이동가능 거점":100,
            "교통총점":32.0,
            "백화점":0,
            "아울렛몰":100,
            "대형마트":100,
            "은행":0,
            "병원":60,
            "종합병원":100,
            "공원":100,
            "혐오시설":0,
            "인프라총점":54.0,
            "초등학군":89.99,
            "중학군":48.76,
            "학군총점":57.006,
            "인구수":32.7,
            "인구증감":-11.59,
            "인구총점":19.413,
            "일자리":12.95,
            "소득수준":64.37,
            "일자리총점":28.376,
            "가치 총점":48.7509,
            "매매실거래년":20200613.0,
            "매매실거래가":65500.0,
            "전세실거래년":20200601.0,
            "전세실거래가":40000.0,
            "전세가율":62.7,
            "장기전세가율평균":64.35,
            "전세가율거품지수":1.65,
            "검색코드":27343,
            "세대수":413,
            "준공년월":"2009-12-18",
            "준공년차":14,
            "가까운역이름":"금천구청",
            "가까운역거리":1182.64,
            "역세권여부":"비역세권",
            "30분이내주요거점역":2,
            "30분거점역이름":"['가산디지털단지', '구로디지털단지']",
            "1시간이내주요거점역":13,
            "1시간거점역이름":"['강남', '역삼', '잠실', '여의도', '을지로입구', '을지로3가', '양재', '가산디지털단지', '홍대입구', '수원', '구로디지털단지', '명동', '마곡']",
            "3km이내백화점수":0,
            "5km이내아울렛몰수":3,
            "1km이내대형먀트수":2,
            "500m이내은행수":0,
            "500m이내병원수":29,
            "5km이내대형병원수":3,
            "500m이내공원수":3,
            "3km이내혐오시설수":0,
            "초등학교학업성취도":89.99,
            "중학교학업성취도":79.0,
            "용적률":158,
            "건폐율":16,
            "Y":37.449994,
            "X":126.882615,
            "rank":50.0,
            "area_info":"30평(99.65), 33평(109.33), 33평(109.48), 33평(109.25), 33평(109.33), 33평(109.33), 33평(109.48), 33평(109.33), 33평(109.3), 33평(109.25)",
            "last_sales":"2020-06-13,65500.0,33평(109.3)",
            "rank_history":[
                [
                    "202202",
                    50
                ],
                [
                    "202201",
                    49
                ]
            ],
            "rank_gap":-1
        },
        {
            "index":90,
            "아파트명":"팰리스필2차",
            "투자타입":"일반",
            "전용면적(m2)":"81.15",
            "전용면적(평)":"24평",
            "법정동주소":"경기도 광명시 광명동 782",
            "도로명주소":"경기도 광명시 새터안로12번길 9",
            "세대수":0,
            "입주년차":40,
            "용적률점수":"--",
            "건폐율점수":"--",
            "세대당주차수":30,
            "난방방식":30,
            "공급면적":"--",
            "전용률":"--",
            "욕실수":100,
            "현관타입":100,
            "주거총점":35.5,
            "지역구공급총점":0.0,
            "역세권":50,
            "30분내 이동가능 거점":40,
            "1시간내 이동가능 거점":100,
            "교통총점":57.0,
            "백화점":0,
            "아울렛몰":100,
            "대형마트":0,
            "은행":20,
            "병원":80,
            "종합병원":100,
            "공원":100,
            "혐오시설":0,
            "인프라총점":43.0,
            "초등학군":90.15,
            "중학군":45.72,
            "학군총점":54.606,
            "인구수":32.7,
            "인구증감":-11.59,
            "인구총점":19.413,
            "일자리":12.95,
            "소득수준":64.37,
            "일자리총점":28.376,
            "가치 총점":48.1409,
            "매매실거래년":20210726.0,
            "매매실거래가":52000.0,
            "전세실거래년":20211029.0,
            "전세실거래가":21000.0,
            "전세가율":40.38,
            "장기전세가율평균":64.35,
            "전세가율거품지수":23.97,
            "검색코드":25979,
            "세대수":157,
            "준공년월":"2007-05-16",
            "준공년차":16,
            "가까운역이름":"광명사거리",
            "가까운역거리":587.81,
            "역세권여부":"준역세권",
            "30분이내주요거점역":2,
            "30분거점역이름":"['가산디지털단지', '구로디지털단지']",
            "1시간이내주요거점역":12,
            "1시간거점역이름":"['강남', '역삼', '여의도', '을지로입구', '을지로3가', '양재', '평촌', '가산디지털단지', '홍대입구', '수원', '구로디지털단지', '마곡']",
            "3km이내백화점수":0,
            "5km이내아울렛몰수":2,
            "1km이내대형먀트수":0,
            "500m이내은행수":2,
            "500m이내병원수":30,
            "5km이내대형병원수":7,
            "500m이내공원수":3,
            "3km이내혐오시설수":0,
            "초등학교학업성취도":90.15,
            "중학교학업성취도":75.0,
            "용적률":260,
            "건폐율":28,
            "Y":37.47417,
            "X":126.85671,
            "rank":51.0,
            "area_info":"24평(81.15), 31평(104.38), 32평(107.7), 32평(107.64), 36평(119.43), 42평(142.04)",
            "last_sales":"2021-07-26,52000.0,24평(81.15)",
            "rank_history":[
                [
                    "202202",
                    51
                ],
                [
                    "202201",
                    40
                ]
            ],
            "rank_gap":-11
        },
        {
            "index":141,
            "아파트명":"동양1차",
            "투자타입":"일반",
            "전용면적(m2)":"85.91",
            "전용면적(평)":"25평",
            "법정동주소":"경기도 광명시 소하동 55",
            "도로명주소":"경기도 광명시 하안로 204",
            "세대수":0,
            "입주년차":20,
            "용적률점수":"--",
            "건폐율점수":"--",
            "세대당주차수":30,
            "난방방식":30,
            "공급면적":"--",
            "전용률":"--",
            "욕실수":50,
            "현관타입":10,
            "주거총점":17.5,
            "지역구공급총점":0.0,
            "역세권":50,
            "30분내 이동가능 거점":40,
            "1시간내 이동가능 거점":100,
            "교통총점":57.0,
            "백화점":0,
            "아울렛몰":100,
            "대형마트":100,
            "은행":0,
            "병원":30,
            "종합병원":100,
            "공원":100,
            "혐오시설":0,
            "인프라총점":51.0,
            "초등학군":89.99,
            "중학군":49.7,
            "학군총점":57.758,
            "인구수":32.7,
            "인구증감":-11.59,
            "인구총점":19.413,
            "일자리":12.95,
            "소득수준":64.37,
            "일자리총점":28.376,
            "가치 총점":47.4137,
            "매매실거래년":20210906.0,
            "매매실거래가":88000.0,
            "전세실거래년":20180825.0,
            "전세실거래가":26300.0,
            "전세가율":43.91,
            "장기전세가율평균":64.35,
            "전세가율거품지수":20.44,
            "검색코드":2613,
            "세대수":216,
            "준공년월":"2000-06-17",
            "준공년차":23,
            "가까운역이름":"금천구청",
            "가까운역거리":631.29,
            "역세권여부":"준역세권",
            "30분이내주요거점역":2,
            "30분거점역이름":"['가산디지털단지', '구로디지털단지']",
            "1시간이내주요거점역":15,
            "1시간거점역이름":"['강남', '역삼', '잠실', '여의도', '을지로입구', '을지로3가', '양재', '수원시청', '평촌', '가산디지털단지', '홍대입구', '수원', '구로디지털단지', '명동', '마곡']",
            "3km이내백화점수":0,
            "5km이내아울렛몰수":3,
            "1km이내대형먀트수":4,
            "500m이내은행수":0,
            "500m이내병원수":7,
            "5km이내대형병원수":6,
            "500m이내공원수":5,
            "3km이내혐오시설수":0,
            "초등학교학업성취도":89.99,
            "중학교학업성취도":81.7,
            "용적률":367,
            "건폐율":25,
            "Y":37.4553,
            "X":126.88684,
            "rank":52.0,
            "area_info":"25평(85.91), 31평(104.2), 32평(108.31), 45평(149.89), 45평(149.36)",
            "last_sales":"2021-09-06,88000.0,45평(149.89)",
            "rank_history":[
                [
                    "202202",
                    52
                ],
                [
                    "202201",
                    54
                ]
            ],
            "rank_gap":2
        },
        {
            "index":29,
            "아파트명":"광명푸르지오센트베르",
            "투자타입":"일반",
            "전용면적(m2)":"49.91",
            "전용면적(평)":"15평",
            "법정동주소":"경기도 광명시 광명동 322번지 일원",
            "도로명주소":"경기도 광명시",
            "세대수":90,
            "입주년차":100,
            "용적률점수":"--",
            "건폐율점수":"--",
            "세대당주차수":30,
            "난방방식":30,
            "공급면적":"--",
            "전용률":"--",
            "욕실수":50,
            "현관타입":100,
            "주거총점":74.0,
            "지역구공급총점":0.0,
            "역세권":50,
            "30분내 이동가능 거점":0,
            "1시간내 이동가능 거점":10,
            "교통총점":27.0,
            "백화점":0,
            "아울렛몰":100,
            "대형마트":0,
            "은행":70,
            "병원":60,
            "종합병원":100,
            "공원":100,
            "혐오시설":0,
            "인프라총점":46.0,
            "초등학군":90.01,
            "중학군":45.72,
            "학군총점":54.578,
            "인구수":32.7,
            "인구증감":-11.59,
            "인구총점":19.413,
            "일자리":12.95,
            "소득수준":64.37,
            "일자리총점":28.376,
            "가치 총점":46.2367,
            "매매실거래년":"18000101",
            "매매실거래가":null,
            "전세실거래년":null,
            "전세실거래가":null,
            "전세가율":null,
            "장기전세가율평균":64.35,
            "전세가율거품지수":null,
            "검색코드":131487,
            "세대수":1335,
            "준공년월":"2022-10-01",
            "준공년차":1,
            "가까운역이름":"광명사거리",
            "가까운역거리":968.49,
            "역세권여부":"준역세권",
            "30분이내주요거점역":0,
            "30분거점역이름":"[]",
            "1시간이내주요거점역":1,
            "1시간거점역이름":"['강남']",
            "3km이내백화점수":0,
            "5km이내아울렛몰수":2,
            "1km이내대형먀트수":0,
            "500m이내은행수":3,
            "500m이내병원수":24,
            "5km이내대형병원수":6,
            "500m이내공원수":6,
            "3km이내혐오시설수":0,
            "초등학교학업성취도":90.01,
            "중학교학업성취도":75.0,
            "용적률":0,
            "건폐율":0,
            "Y":37.470756,
            "X":126.852459,
            "rank":53.0,
            "area_info":"15평(49.91), 20평(66.69), 24평(80.81), 24평(80.41), 24평(80.67), 34평(112.49)",
            "last_sales":"1800-01-01,nan,15평(49.91)",
            "rank_history":[
                [
                    "202202",
                    0
                ],
                [
                    "202201",
                    9999
                ]
            ],
            "rank_gap":9999
        },
        {
            "index":103,
            "아파트명":"광명삼익",
            "투자타입":"일반",
            "전용면적(m2)":"85.83",
            "전용면적(평)":"25평",
            "법정동주소":"경기도 광명시 소하동 48-13",
            "도로명주소":"경기도 광명시 하안로 172",
            "세대수":0,
            "입주년차":0,
            "용적률점수":"--",
            "건폐율점수":"--",
            "세대당주차수":0,
            "난방방식":30,
            "공급면적":"--",
            "전용률":"--",
            "욕실수":50,
            "현관타입":10,
            "주거총점":9.0,
            "지역구공급총점":0.0,
            "역세권":50,
            "30분내 이동가능 거점":20,
            "1시간내 이동가능 거점":100,
            "교통총점":51.0,
            "백화점":0,
            "아울렛몰":100,
            "대형마트":100,
            "은행":0,
            "병원":60,
            "종합병원":100,
            "공원":100,
            "혐오시설":0,
            "인프라총점":54.0,
            "초등학군":89.99,
            "중학군":48.76,
            "학군총점":57.006,
            "인구수":32.7,
            "인구증감":-11.59,
            "인구총점":19.413,
            "일자리":12.95,
            "소득수준":64.37,
            "일자리총점":28.376,
            "가치 총점":44.4009,
            "매매실거래년":20211116.0,
            "매매실거래가":54000.0,
            "전세실거래년":20211216.0,
            "전세실거래가":40000.0,
            "전세가율":74.07,
            "장기전세가율평균":64.35,
            "전세가율거품지수":-9.72,
            "검색코드":2567,
            "세대수":247,
            "준공년월":"1998-07-09",
            "준공년차":25,
            "가까운역이름":"금천구청",
            "가까운역거리":569.65,
            "역세권여부":"준역세권",
            "30분이내주요거점역":1,
            "30분거점역이름":"['구로디지털단지']",
            "1시간이내주요거점역":13,
            "1시간거점역이름":"['강남', '역삼', '잠실', '여의도', '양재', '수원시청', '평촌', '가산디지털단지', '수원', '구로디지털단지', '명동', '안산', '마곡']",
            "3km이내백화점수":0,
            "5km이내아울렛몰수":3,
            "1km이내대형먀트수":2,
            "500m이내은행수":0,
            "500m이내병원수":13,
            "5km이내대형병원수":6,
            "500m이내공원수":5,
            "3km이내혐오시설수":0,
            "초등학교학업성취도":89.99,
            "중학교학업성취도":79.0,
            "용적률":0,
            "건폐율":0,
            "Y":37.453165,
            "X":126.88832,
            "rank":54.0,
            "area_info":"25평(85.83), 32평(108.17)",
            "last_sales":"2021-11-16,54000.0,25평(85.83)",
            "rank_history":[
                [
                    "202202",
                    54
                ],
                [
                    "202201",
                    61
                ]
            ],
            "rank_gap":7
        },
        {
            "index":169,
            "아파트명":"현대1차",
            "투자타입":"재건축",
            "전용면적(m2)":"99.85",
            "전용면적(평)":"30평",
            "법정동주소":"경기도 광명시 소하동 896",
            "도로명주소":"경기도 광명시 영당로22번길 21-6",
            "세대수":0,
            "입주년차":"--",
            "용적률점수":0,
            "건폐율점수":80,
            "세대당주차수":"--",
            "난방방식":"--",
            "공급면적":90,
            "전용률":80,
            "욕실수":"--",
            "현관타입":"--",
            "주거총점":24.5,
            "지역구공급총점":0.0,
            "역세권":0,
            "30분내 이동가능 거점":40,
            "1시간내 이동가능 거점":90,
            "교통총점":30.0,
            "백화점":100,
            "아울렛몰":100,
            "대형마트":0,
            "은행":0,
            "병원":60,
            "종합병원":100,
            "공원":100,
            "혐오시설":0,
            "인프라총점":69.0,
            "초등학군":89.99,
            "중학군":44.64,
            "학군총점":53.71,
            "인구수":32.7,
            "인구증감":-11.59,
            "인구총점":19.413,
            "일자리":12.95,
            "소득수준":64.37,
            "일자리총점":28.376,
            "가치 총점":44.1565,
            "매매실거래년":20210617.0,
            "매매실거래가":48900.0,
            "전세실거래년":20211112.0,
            "전세실거래가":23500.0,
            "전세가율":48.06,
            "장기전세가율평균":64.35,
            "전세가율거품지수":16.29,
            "검색코드":1603,
            "세대수":150,
            "준공년월":"1991-03-11",
            "준공년차":32,
            "가까운역이름":"석수",
            "가까운역거리":2354.11,
            "역세권여부":"비역세권",
            "30분이내주요거점역":2,
            "30분거점역이름":"['가산디지털단지', '구로디지털단지']",
            "1시간이내주요거점역":9,
            "1시간거점역이름":"['강남', '역삼', '여의도', '을지로입구', '을지로3가', '평촌', '가산디지털단지', '홍대입구', '구로디지털단지']",
            "3km이내백화점수":1,
            "5km이내아울렛몰수":3,
            "1km이내대형먀트수":0,
            "500m이내은행수":1,
            "500m이내병원수":17,
            "5km이내대형병원수":2,
            "500m이내공원수":5,
            "3km이내혐오시설수":0,
            "초등학교학업성취도":89.99,
            "중학교학업성취도":74.4,
            "용적률":289,
            "건폐율":24,
            "Y":37.436999,
            "X":126.875746,
            "rank":55.0,
            "area_info":"30평(99.85)",
            "last_sales":"2021-06-17,48900.0,30평(99.85)",
            "rank_history":[
                [
                    "202202",
                    55
                ],
                [
                    "202201",
                    65
                ]
            ],
            "rank_gap":10
        },
        {
            "index":81,
            "아파트명":"제일풍경채",
            "투자타입":"일반",
            "전용면적(m2)":"76.2",
            "전용면적(평)":"23평",
            "법정동주소":"경기도 광명시 광명동 784",
            "도로명주소":"경기도 광명시 광명로831번길 45",
            "세대수":0,
            "입주년차":60,
            "용적률점수":"--",
            "건폐율점수":"--",
            "세대당주차수":30,
            "난방방식":30,
            "공급면적":"--",
            "전용률":"--",
            "욕실수":100,
            "현관타입":100,
            "주거총점":39.5,
            "지역구공급총점":0.0,
            "역세권":50,
            "30분내 이동가능 거점":0,
            "1시간내 이동가능 거점":100,
            "교통총점":45.0,
            "백화점":0,
            "아울렛몰":100,
            "대형마트":0,
            "은행":20,
            "병원":60,
            "종합병원":100,
            "공원":100,
            "혐오시설":0,
            "인프라총점":41.0,
            "초등학군":89.99,
            "중학군":45.72,
            "학군총점":54.574,
            "인구수":32.7,
            "인구증감":-11.59,
            "인구총점":19.413,
            "일자리":12.95,
            "소득수준":64.37,
            "일자리총점":28.376,
            "가치 총점":44.1361,
            "매매실거래년":20210908.0,
            "매매실거래가":85000.0,
            "전세실거래년":20211007.0,
            "전세실거래가":35700.0,
            "전세가율":48.24,
            "장기전세가율평균":64.35,
            "전세가율거품지수":16.11,
            "검색코드":27827,
            "세대수":195,
            "준공년월":"2010-09-03",
            "준공년차":13,
            "가까운역이름":"광명사거리",
            "가까운역거리":887.43,
            "역세권여부":"준역세권",
            "30분이내주요거점역":0,
            "30분거점역이름":"[]",
            "1시간이내주요거점역":12,
            "1시간거점역이름":"['강남', '역삼', '여의도', '을지로입구', '을지로3가', '평촌', '가산디지털단지', '홍대입구', '수원', '구로디지털단지', '명동', '마곡']",
            "3km이내백화점수":0,
            "5km이내아울렛몰수":2,
            "1km이내대형먀트수":0,
            "500m이내은행수":2,
            "500m이내병원수":15,
            "5km이내대형병원수":6,
            "500m이내공원수":4,
            "3km이내혐오시설수":0,
            "초등학교학업성취도":89.99,
            "중학교학업성취도":75.0,
            "용적률":269,
            "건폐율":29,
            "Y":37.474652,
            "X":126.846658,
            "rank":56.0,
            "area_info":"23평(76.2), 32평(106.79), 42평(140.52)",
            "last_sales":"2021-09-08,85000.0,32평(106.79)",
            "rank_history":[
                [
                    "202202",
                    56
                ],
                [
                    "202201",
                    50
                ]
            ],
            "rank_gap":-6
        },
        {
            "index":56,
            "아파트명":"광명현대",
            "투자타입":"일반",
            "전용면적(m2)":"84.18",
            "전용면적(평)":"25평",
            "법정동주소":"경기도 광명시 광명동 306-8",
            "도로명주소":"경기도 광명시 덕단이로 136",
            "세대수":0,
            "입주년차":20,
            "용적률점수":"--",
            "건폐율점수":"--",
            "세대당주차수":0,
            "난방방식":30,
            "공급면적":"--",
            "전용률":"--",
            "욕실수":100,
            "현관타입":50,
            "주거총점":22.0,
            "지역구공급총점":0.0,
            "역세권":50,
            "30분내 이동가능 거점":40,
            "1시간내 이동가능 거점":100,
            "교통총점":57.0,
            "백화점":0,
            "아울렛몰":100,
            "대형마트":0,
            "은행":20,
            "병원":60,
            "종합병원":100,
            "공원":100,
            "혐오시설":0,
            "인프라총점":41.0,
            "초등학군":90.15,
            "중학군":38.82,
            "학군총점":49.086,
            "인구수":32.7,
            "인구증감":-11.59,
            "인구총점":19.413,
            "일자리":12.95,
            "소득수준":64.37,
            "일자리총점":28.376,
            "가치 총점":44.0129,
            "매매실거래년":20211211.0,
            "매매실거래가":59000.0,
            "전세실거래년":20210927.0,
            "전세실거래가":33000.0,
            "전세가율":70.21,
            "장기전세가율평균":64.35,
            "전세가율거품지수":-5.86,
            "검색코드":2482,
            "세대수":129,
            "준공년월":"1999-12-28",
            "준공년차":24,
            "가까운역이름":"광명사거리",
            "가까운역거리":745.54,
            "역세권여부":"준역세권",
            "30분이내주요거점역":2,
            "30분거점역이름":"['가산디지털단지', '구로디지털단지']",
            "1시간이내주요거점역":10,
            "1시간거점역이름":"['강남', '역삼', '을지로입구', '을지로3가', '평촌', '가산디지털단지', '홍대입구', '수원', '구로디지털단지', '마곡']",
            "3km이내백화점수":0,
            "5km이내아울렛몰수":2,
            "1km이내대형먀트수":0,
            "500m이내은행수":2,
            "500m이내병원수":12,
            "5km이내대형병원수":7,
            "500m이내공원수":2,
            "3km이내혐오시설수":0,
            "초등학교학업성취도":90.15,
            "중학교학업성취도":64.7,
            "용적률":286,
            "건폐율":21,
            "Y":37.472733,
            "X":126.856851,
            "rank":57.0,
            "area_info":"25평(84.18), 25평(84.85), 36평(120.3)",
            "last_sales":"2021-12-11,59000.0,36평(120.3)",
            "rank_history":[
                [
                    "202202",
                    57
                ],
                [
                    "202201",
                    52
                ]
            ],
            "rank_gap":-5
        },
        {
            "index":100,
            "아파트명":"개운고층",
            "투자타입":"재건축",
            "전용면적(m2)":"102.19",
            "전용면적(평)":"30평",
            "법정동주소":"경기도 광명시 소하동 889-1",
            "도로명주소":"경기도 광명시 오리로397번길 18",
            "세대수":0,
            "입주년차":"--",
            "용적률점수":0,
            "건폐율점수":80,
            "세대당주차수":"--",
            "난방방식":"--",
            "공급면적":90,
            "전용률":60,
            "욕실수":"--",
            "현관타입":"--",
            "주거총점":23.5,
            "지역구공급총점":0.0,
            "역세권":0,
            "30분내 이동가능 거점":40,
            "1시간내 이동가능 거점":90,
            "교통총점":30.0,
            "백화점":100,
            "아울렛몰":100,
            "대형마트":0,
            "은행":0,
            "병원":60,
            "종합병원":100,
            "공원":100,
            "혐오시설":0,
            "인프라총점":69.0,
            "초등학군":89.99,
            "중학군":44.64,
            "학군총점":53.71,
            "인구수":32.7,
            "인구증감":-11.59,
            "인구총점":19.413,
            "일자리":12.95,
            "소득수준":64.37,
            "일자리총점":28.376,
            "가치 총점":43.9565,
            "매매실거래년":20210812.0,
            "매매실거래가":50300.0,
            "전세실거래년":20211105.0,
            "전세실거래가":26250.0,
            "전세가율":65.62,
            "장기전세가율평균":64.35,
            "전세가율거품지수":-1.27,
            "검색코드":1596,
            "세대수":165,
            "준공년월":"1990-07-19",
            "준공년차":33,
            "가까운역이름":"석수",
            "가까운역거리":2220.08,
            "역세권여부":"비역세권",
            "30분이내주요거점역":2,
            "30분거점역이름":"['가산디지털단지', '구로디지털단지']",
            "1시간이내주요거점역":9,
            "1시간거점역이름":"['강남', '역삼', '여의도', '을지로입구', '을지로3가', '가산디지털단지', '홍대입구', '구로디지털단지', '명동']",
            "3km이내백화점수":1,
            "5km이내아울렛몰수":3,
            "1km이내대형먀트수":0,
            "500m이내은행수":1,
            "500m이내병원수":17,
            "5km이내대형병원수":2,
            "500m이내공원수":6,
            "3km이내혐오시설수":0,
            "초등학교학업성취도":89.99,
            "중학교학업성취도":74.4,
            "용적률":298,
            "건폐율":21,
            "Y":37.43762,
            "X":126.87736,
            "rank":58.0,
            "area_info":"30평(102.19), 32평(107.47), 32평(108.86)",
            "last_sales":"2021-08-12,50300.0,32평(108.86)",
            "rank_history":[
                [
                    "202202",
                    58
                ],
                [
                    "202201",
                    66
                ]
            ],
            "rank_gap":8
        },
        {
            "index":366,
            "아파트명":"광명하안현대1,2단지",
            "투자타입":"일반",
            "전용면적(m2)":"69.36",
            "전용면적(평)":"20평",
            "법정동주소":"경기도 광명시 하안동 707-9",
            "도로명주소":"경기도 광명시 가림일로 55",
            "세대수":50,
            "입주년차":0,
            "용적률점수":"--",
            "건폐율점수":"--",
            "세대당주차수":0,
            "난방방식":30,
            "공급면적":"--",
            "전용률":"--",
            "욕실수":50,
            "현관타입":10,
            "주거총점":26.5,
            "지역구공급총점":0.0,
            "역세권":50,
            "30분내 이동가능 거점":20,
            "1시간내 이동가능 거점":100,
            "교통총점":51.0,
            "백화점":0,
            "아울렛몰":100,
            "대형마트":0,
            "은행":0,
            "병원":60,
            "종합병원":100,
            "공원":100,
            "혐오시설":0,
            "인프라총점":39.0,
            "초등학군":90.0,
            "중학군":52.56,
            "학군총점":60.048,
            "인구수":32.7,
            "인구증감":-11.59,
            "인구총점":19.413,
            "일자리":12.95,
            "소득수준":64.37,
            "일자리총점":28.376,
            "가치 총점":43.8572,
            "매매실거래년":20211115.0,
            "매매실거래가":69500.0,
            "전세실거래년":20220113.0,
            "전세실거래가":33000.0,
            "전세가율":66.67,
            "장기전세가율평균":64.35,
            "전세가율거품지수":-2.32,
            "검색코드":100395,
            "세대수":593,
            "준공년월":"1995-12-11",
            "준공년차":28,
            "가까운역이름":"철산",
            "가까운역거리":917.32,
            "역세권여부":"준역세권",
            "30분이내주요거점역":1,
            "30분거점역이름":"['가산디지털단지']",
            "1시간이내주요거점역":10,
            "1시간거점역이름":"['강남', '역삼', '여의도', '을지로입구', '을지로3가', '가산디지털단지', '홍대입구', '수원', '구로디지털단지', '마곡']",
            "3km이내백화점수":0,
            "5km이내아울렛몰수":2,
            "1km이내대형먀트수":0,
            "500m이내은행수":1,
            "500m이내병원수":10,
            "5km이내대형병원수":7,
            "500m이내공원수":4,
            "3km이내혐오시설수":0,
            "초등학교학업성취도":90.0,
            "중학교학업성취도":85.4,
            "용적률":253,
            "건폐율":22,
            "Y":37.468431,
            "X":126.863925,
            "rank":59.0,
            "area_info":"20평(69.36), 21평(71.86), 30평(100.93), 30평(102.11), 31평(103.62)",
            "last_sales":"2021-11-15,69500.0,30평(100.93)",
            "rank_history":[
                [
                    "202202",
                    59
                ],
                [
                    "202201",
                    51
                ]
            ],
            "rank_gap":-8
        },
        {
            "index":35,
            "아파트명":"광명푸르지오포레나",
            "투자타입":"일반",
            "전용면적(m2)":"68.06",
            "전용면적(평)":"20평",
            "법정동주소":"경기도 광명시 광명동 42-42",
            "도로명주소":"경기도 광명시",
            "세대수":90,
            "입주년차":100,
            "용적률점수":"--",
            "건폐율점수":"--",
            "세대당주차수":30,
            "난방방식":30,
            "공급면적":"--",
            "전용률":"--",
            "욕실수":50,
            "현관타입":100,
            "주거총점":74.0,
            "지역구공급총점":0.0,
            "역세권":50,
            "30분내 이동가능 거점":0,
            "1시간내 이동가능 거점":10,
            "교통총점":27.0,
            "백화점":0,
            "아울렛몰":100,
            "대형마트":0,
            "은행":0,
            "병원":60,
            "종합병원":100,
            "공원":100,
            "혐오시설":0,
            "인프라총점":39.0,
            "초등학군":90.15,
            "중학군":43.04,
            "학군총점":52.462,
            "인구수":32.7,
            "인구증감":-11.59,
            "인구총점":19.413,
            "일자리":12.95,
            "소득수준":64.37,
            "일자리총점":28.376,
            "가치 총점":43.8193,
            "매매실거래년":20211029.0,
            "매매실거래가":67515.0,
            "전세실거래년":null,
            "전세실거래가":null,
            "전세가율":null,
            "장기전세가율평균":64.35,
            "전세가율거품지수":null,
            "검색코드":133083,
            "세대수":1187,
            "준공년월":"2023-09-01",
            "준공년차":0,
            "가까운역이름":"광명사거리",
            "가까운역거리":616.7,
            "역세권여부":"준역세권",
            "30분이내주요거점역":0,
            "30분거점역이름":"[]",
            "1시간이내주요거점역":1,
            "1시간거점역이름":"['강남']",
            "3km이내백화점수":0,
            "5km이내아울렛몰수":2,
            "1km이내대형먀트수":0,
            "500m이내은행수":0,
            "500m이내병원수":20,
            "5km이내대형병원수":8,
            "500m이내공원수":3,
            "3km이내혐오시설수":0,
            "초등학교학업성취도":90.15,
            "중학교학업성취도":71.2,
            "용적률":228,
            "건폐율":16,
            "Y":37.474447,
            "X":126.858366,
            "rank":60.0,
            "area_info":"20평(68.06), 20평(68.75), 24평(82.51), 25평(82.68), 25평(83.41), 31평(102.59), 30평(102.38), 34평(115.47), 34평(115.2), 35평(115.71)",
            "last_sales":"2021-10-29,67515.0,20평(68.06)",
            "rank_history":[
                [
                    "202202",
                    0
                ],
                [
                    "202201",
                    9999
                ]
            ],
            "rank_gap":9999
        },
        {
            "index":84,
            "아파트명":"중앙하이츠3차",
            "투자타입":"일반",
            "전용면적(m2)":"66.76",
            "전용면적(평)":"20평",
            "법정동주소":"경기도 광명시 광명동 374-101",
            "도로명주소":"경기도 광명시 광명로848번길 54",
            "세대수":0,
            "입주년차":20,
            "용적률점수":"--",
            "건폐율점수":"--",
            "세대당주차수":30,
            "난방방식":30,
            "공급면적":"--",
            "전용률":"--",
            "욕실수":50,
            "현관타입":10,
            "주거총점":17.5,
            "지역구공급총점":0.0,
            "역세권":50,
            "30분내 이동가능 거점":20,
            "1시간내 이동가능 거점":100,
            "교통총점":51.0,
            "백화점":0,
            "아울렛몰":100,
            "대형마트":0,
            "은행":70,
            "병원":60,
            "종합병원":100,
            "공원":100,
            "혐오시설":0,
            "인프라총점":46.0,
            "초등학군":89.99,
            "중학군":45.72,
            "학군총점":54.574,
            "인구수":32.7,
            "인구증감":-11.59,
            "인구총점":19.413,
            "일자리":12.95,
            "소득수준":64.37,
            "일자리총점":28.376,
            "가치 총점":43.3361,
            "매매실거래년":20210710.0,
            "매매실거래가":57000.0,
            "전세실거래년":20120107.0,
            "전세실거래가":11000.0,
            "전세가율":43.14,
            "장기전세가율평균":64.35,
            "전세가율거품지수":21.21,
            "검색코드":10537,
            "세대수":127,
            "준공년월":"1999-09-02",
            "준공년차":24,
            "가까운역이름":"광명사거리",
            "가까운역거리":960.36,
            "역세권여부":"준역세권",
            "30분이내주요거점역":1,
            "30분거점역이름":"['가산디지털단지']",
            "1시간이내주요거점역":10,
            "1시간거점역이름":"['강남', '역삼', '여의도', '을지로입구', '평촌', '가산디지털단지', '홍대입구', '구로디지털단지', '명동', '마곡']",
            "3km이내백화점수":0,
            "5km이내아울렛몰수":2,
            "1km이내대형먀트수":0,
            "500m이내은행수":3,
            "500m이내병원수":24,
            "5km이내대형병원수":6,
            "500m이내공원수":5,
            "3km이내혐오시설수":0,
            "초등학교학업성취도":89.99,
            "중학교학업성취도":75.0,
            "용적률":325,
            "건폐율":33,
            "Y":37.471085,
            "X":126.851336,
            "rank":61.0,
            "area_info":"20평(66.76), 23평(78.62), 25평(83.21), 25평(84.62), 34평(115.35), 36평(120.5)",
            "last_sales":"2021-07-10,57000.0,36평(120.5)",
            "rank_history":[
                [
                    "202202",
                    61
                ],
                [
                    "202201",
                    59
                ]
            ],
            "rank_gap":-2
        },
        {
            "index":288,
            "아파트명":"영풍",
            "투자타입":"일반",
            "전용면적(m2)":"52.58",
            "전용면적(평)":"15평",
            "법정동주소":"경기도 광명시 철산동 207",
            "도로명주소":"경기도 광명시 시청로29번길 12",
            "세대수":0,
            "입주년차":0,
            "용적률점수":"--",
            "건폐율점수":"--",
            "세대당주차수":0,
            "난방방식":30,
            "공급면적":"--",
            "전용률":"--",
            "욕실수":50,
            "현관타입":100,
            "주거총점":18.0,
            "지역구공급총점":0.0,
            "역세권":50,
            "30분내 이동가능 거점":40,
            "1시간내 이동가능 거점":100,
            "교통총점":57.0,
            "백화점":0,
            "아울렛몰":100,
            "대형마트":0,
            "은행":0,
            "병원":60,
            "종합병원":100,
            "공원":100,
            "혐오시설":0,
            "인프라총점":39.0,
            "초등학군":89.99,
            "중학군":43.04,
            "학군총점":52.43,
            "인구수":32.7,
            "인구증감":-11.59,
            "인구총점":19.413,
            "일자리":12.95,
            "소득수준":64.37,
            "일자리총점":28.376,
            "가치 총점":43.1145,
            "매매실거래년":"18000101",
            "매매실거래가":null,
            "전세실거래년":null,
            "전세실거래가":null,
            "전세가율":null,
            "장기전세가율평균":64.35,
            "전세가율거품지수":null,
            "검색코드":1622,
            "세대수":156,
            "준공년월":"1993-12-15",
            "준공년차":30,
            "가까운역이름":"광명사거리",
            "가까운역거리":674.62,
            "역세권여부":"준역세권",
            "30분이내주요거점역":2,
            "30분거점역이름":"['가산디지털단지', '구로디지털단지']",
            "1시간이내주요거점역":12,
            "1시간거점역이름":"['강남', '역삼', '여의도', '을지로입구', '을지로3가', '양재', '평촌', '가산디지털단지', '홍대입구', '구로디지털단지', '명동', '마곡']",
            "3km이내백화점수":0,
            "5km이내아울렛몰수":2,
            "1km이내대형먀트수":0,
            "500m이내은행수":1,
            "500m이내병원수":17,
            "5km이내대형병원수":8,
            "500m이내공원수":4,
            "3km이내혐오시설수":0,
            "초등학교학업성취도":89.99,
            "중학교학업성취도":71.2,
            "용적률":76,
            "건폐율":23,
            "Y":37.480328,
            "X":126.8624,
            "rank":62.0,
            "area_info":"15평(52.58), 16평(55.7), 17평(57.68), 25평(82.78), 24평(82.32)",
            "last_sales":"1800-01-01,nan,15평(52.58)",
            "rank_history":[
                [
                    "202202",
                    62
                ],
                [
                    "202201",
                    53
                ]
            ],
            "rank_gap":-9
        },
        {
            "index":0,
            "아파트명":"광명신원",
            "투자타입":"일반",
            "전용면적(m2)":"81.88",
            "전용면적(평)":"24평",
            "법정동주소":"경기도 광명시 광명동 309-1",
            "도로명주소":"경기도 광명시 도덕로65번길 24-9",
            "세대수":0,
            "입주년차":0,
            "용적률점수":"--",
            "건폐율점수":"--",
            "세대당주차수":0,
            "난방방식":30,
            "공급면적":"--",
            "전용률":"--",
            "욕실수":50,
            "현관타입":10,
            "주거총점":9.0,
            "지역구공급총점":0.0,
            "역세권":50,
            "30분내 이동가능 거점":40,
            "1시간내 이동가능 거점":100,
            "교통총점":57.0,
            "백화점":0,
            "아울렛몰":100,
            "대형마트":0,
            "은행":70,
            "병원":60,
            "종합병원":100,
            "공원":100,
            "혐오시설":0,
            "인프라총점":46.0,
            "초등학군":90.15,
            "중학군":38.82,
            "학군총점":49.086,
            "인구수":32.7,
            "인구증감":-11.59,
            "인구총점":19.413,
            "일자리":12.95,
            "소득수준":64.37,
            "일자리총점":28.376,
            "가치 총점":42.9129,
            "매매실거래년":20220105.0,
            "매매실거래가":49900.0,
            "전세실거래년":20211122.0,
            "전세실거래가":43000.0,
            "전세가율":86.17,
            "장기전세가율평균":64.35,
            "전세가율거품지수":-21.82,
            "검색코드":2610,
            "세대수":217,
            "준공년월":"1998-10-13",
            "준공년차":25,
            "가까운역이름":"광명사거리",
            "가까운역거리":824.79,
            "역세권여부":"준역세권",
            "30분이내주요거점역":2,
            "30분거점역이름":"['가산디지털단지', '구로디지털단지']",
            "1시간이내주요거점역":11,
            "1시간거점역이름":"['강남', '역삼', '여의도', '을지로입구', '을지로3가', '평촌', '가산디지털단지', '홍대입구', '구로디지털단지', '명동', '마곡']",
            "3km이내백화점수":0,
            "5km이내아울렛몰수":2,
            "1km이내대형먀트수":0,
            "500m이내은행수":3,
            "500m이내병원수":23,
            "5km이내대형병원수":6,
            "500m이내공원수":3,
            "3km이내혐오시설수":0,
            "초등학교학업성취도":90.15,
            "중학교학업성취도":64.7,
            "용적률":391,
            "건폐율":31,
            "Y":37.471844,
            "X":126.855349,
            "rank":63.0,
            "area_info":"24평(81.88), 31평(103.32)",
            "last_sales":"2022-01-05,49900.0,24평(81.88)",
            "rank_history":[
                [
                    "202202",
                    63
                ],
                [
                    "202201",
                    55
                ]
            ],
            "rank_gap":-8
        },
        {
            "index":408,
            "아파트명":"주공5단지",
            "투자타입":"재건축",
            "전용면적(m2)":"63.6",
            "전용면적(평)":"19평",
            "법정동주소":"경기도 광명시 하안동 702",
            "도로명주소":"경기도 광명시 가림로 38",
            "세대수":100,
            "입주년차":"--",
            "용적률점수":60,
            "건폐율점수":100,
            "세대당주차수":"--",
            "난방방식":"--",
            "공급면적":50,
            "전용률":60,
            "욕실수":"--",
            "현관타입":"--",
            "주거총점":79.5,
            "지역구공급총점":0.0,
            "역세권":0,
            "30분내 이동가능 거점":20,
            "1시간내 이동가능 거점":70,
            "교통총점":20.0,
            "백화점":0,
            "아울렛몰":100,
            "대형마트":0,
            "은행":0,
            "병원":30,
            "종합병원":100,
            "공원":100,
            "혐오시설":0,
            "인프라총점":36.0,
            "초등학군":89.96,
            "중학군":52.56,
            "학군총점":60.04,
            "인구수":32.7,
            "인구증감":-11.59,
            "인구총점":19.413,
            "일자리":12.95,
            "소득수준":64.37,
            "일자리총점":28.376,
            "가치 총점":42.706,
            "매매실거래년":20211124.0,
            "매매실거래가":82500.0,
            "전세실거래년":20220124.0,
            "전세실거래가":12000.0,
            "전세가율":22.64,
            "장기전세가율평균":64.35,
            "전세가율거품지수":41.71,
            "검색코드":1630,
            "세대수":2176,
            "준공년월":"1990-05-08",
            "준공년차":33,
            "가까운역이름":"철산",
            "가까운역거리":1283.87,
            "역세권여부":"비역세권",
            "30분이내주요거점역":1,
            "30분거점역이름":"['가산디지털단지']",
            "1시간이내주요거점역":7,
            "1시간거점역이름":"['여의도', '양재', '평촌', '가산디지털단지', '수원', '구로디지털단지', '마곡']",
            "3km이내백화점수":0,
            "5km이내아울렛몰수":3,
            "1km이내대형먀트수":0,
            "500m이내은행수":1,
            "500m이내병원수":5,
            "5km이내대형병원수":6,
            "500m이내공원수":3,
            "3km이내혐오시설수":0,
            "초등학교학업성취도":89.96,
            "중학교학업성취도":85.4,
            "용적률":192,
            "건폐율":14,
            "Y":37.464771,
            "X":126.8648,
            "rank":64.0,
            "area_info":"19평(63.6), 23평(77.07), 24평(80.17), 24평(82.53), 31평(105.49)",
            "last_sales":"2021-11-24,82500.0,31평(105.49)",
            "rank_history":[
                [
                    "202202",
                    64
                ],
                [
                    "202201",
                    60
                ]
            ],
            "rank_gap":-4
        },
        {
            "index":149,
            "아파트명":"미도2차",
            "투자타입":"일반",
            "전용면적(m2)":"81.58",
            "전용면적(평)":"24평",
            "법정동주소":"경기도 광명시 소하동 933",
            "도로명주소":"경기도 광명시 영당로22번길 19",
            "세대수":0,
            "입주년차":0,
            "용적률점수":"--",
            "건폐율점수":"--",
            "세대당주차수":0,
            "난방방식":30,
            "공급면적":"--",
            "전용률":"--",
            "욕실수":50,
            "현관타입":10,
            "주거총점":9.0,
            "지역구공급총점":0.0,
            "역세권":0,
            "30분내 이동가능 거점":40,
            "1시간내 이동가능 거점":100,
            "교통총점":32.0,
            "백화점":100,
            "아울렛몰":100,
            "대형마트":0,
            "은행":0,
            "병원":60,
            "종합병원":100,
            "공원":100,
            "혐오시설":0,
            "인프라총점":69.0,
            "초등학군":89.99,
            "중학군":44.64,
            "학군총점":53.71,
            "인구수":32.7,
            "인구증감":-11.59,
            "인구총점":19.413,
            "일자리":12.95,
            "소득수준":64.37,
            "일자리총점":28.376,
            "가치 총점":41.7565,
            "매매실거래년":20211119.0,
            "매매실거래가":59700.0,
            "전세실거래년":20210902.0,
            "전세실거래가":18900.0,
            "전세가율":67.5,
            "장기전세가율평균":64.35,
            "전세가율거품지수":-3.15,
            "검색코드":1600,
            "세대수":193,
            "준공년월":"1993-05-08",
            "준공년차":30,
            "가까운역이름":"석수",
            "가까운역거리":2258.23,
            "역세권여부":"비역세권",
            "30분이내주요거점역":2,
            "30분거점역이름":"['가산디지털단지', '구로디지털단지']",
            "1시간이내주요거점역":10,
            "1시간거점역이름":"['강남', '역삼', '여의도', '을지로입구', '을지로3가', '평촌', '가산디지털단지', '홍대입구', '구로디지털단지', '명동']",
            "3km이내백화점수":1,
            "5km이내아울렛몰수":3,
            "1km이내대형먀트수":0,
            "500m이내은행수":1,
            "500m이내병원수":22,
            "5km이내대형병원수":2,
            "500m이내공원수":6,
            "3km이내혐오시설수":0,
            "초등학교학업성취도":89.99,
            "중학교학업성취도":74.4,
            "용적률":304,
            "건폐율":27,
            "Y":37.436576,
            "X":126.876791,
            "rank":65.0,
            "area_info":"24평(81.58), 24평(81.4), 35평(115.98)",
            "last_sales":"2021-11-19,59700.0,35평(115.98)",
            "rank_history":[
                [
                    "202202",
                    65
                ],
                [
                    "202201",
                    68
                ]
            ],
            "rank_gap":3
        },
        {
            "index":152,
            "아파트명":"미도3차",
            "투자타입":"일반",
            "전용면적(m2)":"80.76",
            "전용면적(평)":"24평",
            "법정동주소":"경기도 광명시 소하동 940",
            "도로명주소":"경기도 광명시 영당로21번길 5",
            "세대수":0,
            "입주년차":0,
            "용적률점수":"--",
            "건폐율점수":"--",
            "세대당주차수":0,
            "난방방식":30,
            "공급면적":"--",
            "전용률":"--",
            "욕실수":50,
            "현관타입":10,
            "주거총점":9.0,
            "지역구공급총점":0.0,
            "역세권":0,
            "30분내 이동가능 거점":40,
            "1시간내 이동가능 거점":90,
            "교통총점":30.0,
            "백화점":100,
            "아울렛몰":100,
            "대형마트":0,
            "은행":0,
            "병원":60,
            "종합병원":100,
            "공원":100,
            "혐오시설":0,
            "인프라총점":69.0,
            "초등학군":89.99,
            "중학군":44.64,
            "학군총점":53.71,
            "인구수":32.7,
            "인구증감":-11.59,
            "인구총점":19.413,
            "일자리":12.95,
            "소득수준":64.37,
            "일자리총점":28.376,
            "가치 총점":41.0565,
            "매매실거래년":20220104.0,
            "매매실거래가":45000.0,
            "전세실거래년":20220115.0,
            "전세실거래가":20000.0,
            "전세가율":44.44,
            "장기전세가율평균":64.35,
            "전세가율거품지수":19.91,
            "검색코드":1601,
            "세대수":220,
            "준공년월":"1994-03-14",
            "준공년차":29,
            "가까운역이름":"광명",
            "가까운역거리":2126.27,
            "역세권여부":"비역세권",
            "30분이내주요거점역":2,
            "30분거점역이름":"['가산디지털단지', '구로디지털단지']",
            "1시간이내주요거점역":9,
            "1시간거점역이름":"['강남', '역삼', '여의도', '을지로입구', '을지로3가', '가산디지털단지', '홍대입구', '구로디지털단지', '명동']",
            "3km이내백화점수":1,
            "5km이내아울렛몰수":2,
            "1km이내대형먀트수":0,
            "500m이내은행수":1,
            "500m이내병원수":22,
            "5km이내대형병원수":2,
            "500m이내공원수":9,
            "3km이내혐오시설수":0,
            "초등학교학업성취도":89.99,
            "중학교학업성취도":74.4,
            "용적률":361,
            "건폐율":26,
            "Y":37.4344,
            "X":126.87715,
            "rank":66.0,
            "area_info":"24평(80.76), 34평(114.48)",
            "last_sales":"2022-01-04,45000.0,24평(80.76)",
            "rank_history":[
                [
                    "202202",
                    66
                ],
                [
                    "202201",
                    69
                ]
            ],
            "rank_gap":3
        },
        {
            "index":154,
            "아파트명":"성원",
            "투자타입":"일반",
            "전용면적(m2)":"87.32",
            "전용면적(평)":"26평",
            "법정동주소":"경기도 광명시 소하동 936",
            "도로명주소":"경기도 광명시 영당로22번길 5",
            "세대수":0,
            "입주년차":0,
            "용적률점수":"--",
            "건폐율점수":"--",
            "세대당주차수":0,
            "난방방식":30,
            "공급면적":"--",
            "전용률":"--",
            "욕실수":50,
            "현관타입":10,
            "주거총점":9.0,
            "지역구공급총점":0.0,
            "역세권":0,
            "30분내 이동가능 거점":40,
            "1시간내 이동가능 거점":90,
            "교통총점":30.0,
            "백화점":100,
            "아울렛몰":100,
            "대형마트":0,
            "은행":0,
            "병원":60,
            "종합병원":100,
            "공원":100,
            "혐오시설":0,
            "인프라총점":69.0,
            "초등학군":89.99,
            "중학군":44.64,
            "학군총점":53.71,
            "인구수":32.7,
            "인구증감":-11.59,
            "인구총점":19.413,
            "일자리":12.95,
            "소득수준":64.37,
            "일자리총점":28.376,
            "가치 총점":41.0565,
            "매매실거래년":20210404.0,
            "매매실거래가":34800.0,
            "전세실거래년":20211117.0,
            "전세실거래가":28000.0,
            "전세가율":80.46,
            "장기전세가율평균":64.35,
            "전세가율거품지수":-16.11,
            "검색코드":1602,
            "세대수":193,
            "준공년월":"1994-05-26",
            "준공년차":29,
            "가까운역이름":"석수",
            "가까운역거리":2221.45,
            "역세권여부":"비역세권",
            "30분이내주요거점역":2,
            "30분거점역이름":"['가산디지털단지', '구로디지털단지']",
            "1시간이내주요거점역":9,
            "1시간거점역이름":"['강남', '역삼', '여의도', '을지로입구', '을지로3가', '가산디지털단지', '홍대입구', '구로디지털단지', '명동']",
            "3km이내백화점수":1,
            "5km이내아울렛몰수":3,
            "1km이내대형먀트수":0,
            "500m이내은행수":1,
            "500m이내병원수":22,
            "5km이내대형병원수":2,
            "500m이내공원수":9,
            "3km이내혐오시설수":0,
            "초등학교학업성취도":89.99,
            "중학교학업성취도":74.4,
            "용적률":289,
            "건폐율":32,
            "Y":37.435606,
            "X":126.877145,
            "rank":66.0,
            "area_info":"26평(87.32), 31평(103.51)",
            "last_sales":"2021-04-04,34800.0,26평(87.32)",
            "rank_history":[
                [
                    "202202",
                    66
                ],
                [
                    "202201",
                    69
                ]
            ],
            "rank_gap":3
        },
        {
            "index":26,
            "아파트명":"광명중앙하이츠2차",
            "투자타입":"일반",
            "전용면적(m2)":"80.97",
            "전용면적(평)":"24평",
            "법정동주소":"경기도 광명시 광명동 713",
            "도로명주소":"경기도 광명시 덕단이로 115",
            "세대수":0,
            "입주년차":0,
            "용적률점수":"--",
            "건폐율점수":"--",
            "세대당주차수":0,
            "난방방식":30,
            "공급면적":"--",
            "전용률":"--",
            "욕실수":50,
            "현관타입":10,
            "주거총점":9.0,
            "지역구공급총점":0.0,
            "역세권":50,
            "30분내 이동가능 거점":40,
            "1시간내 이동가능 거점":100,
            "교통총점":57.0,
            "백화점":0,
            "아울렛몰":100,
            "대형마트":0,
            "은행":0,
            "병원":30,
            "종합병원":100,
            "공원":100,
            "혐오시설":0,
            "인프라총점":36.0,
            "초등학군":90.15,
            "중학군":38.82,
            "학군총점":49.086,
            "인구수":32.7,
            "인구증감":-11.59,
            "인구총점":19.413,
            "일자리":12.95,
            "소득수준":64.37,
            "일자리총점":28.376,
            "가치 총점":39.9129,
            "매매실거래년":20211126.0,
            "매매실거래가":50000.0,
            "전세실거래년":20211101.0,
            "전세실거래가":30000.0,
            "전세가율":60.0,
            "장기전세가율평균":64.35,
            "전세가율거품지수":4.35,
            "검색코드":14482,
            "세대수":282,
            "준공년월":"1993-11-26",
            "준공년차":30,
            "가까운역이름":"광명사거리",
            "가까운역거리":876.13,
            "역세권여부":"준역세권",
            "30분이내주요거점역":2,
            "30분거점역이름":"['가산디지털단지', '구로디지털단지']",
            "1시간이내주요거점역":11,
            "1시간거점역이름":"['강남', '역삼', '여의도', '을지로입구', '을지로3가', '평촌', '가산디지털단지', '홍대입구', '수원', '구로디지털단지', '마곡']",
            "3km이내백화점수":0,
            "5km이내아울렛몰수":2,
            "1km이내대형먀트수":0,
            "500m이내은행수":0,
            "500m이내병원수":5,
            "5km이내대형병원수":7,
            "500m이내공원수":3,
            "3km이내혐오시설수":0,
            "초등학교학업성취도":90.15,
            "중학교학업성취도":64.7,
            "용적률":399,
            "건폐율":28,
            "Y":37.471554,
            "X":126.856993,
            "rank":67.0,
            "area_info":"24평(80.97), 32평(106.94), 48평(159.69)",
            "last_sales":"2021-11-26,50000.0,24평(80.97)",
            "rank_history":[
                [
                    "202202",
                    67
                ],
                [
                    "202201",
                    58
                ]
            ],
            "rank_gap":-9
        },
        {
            "index":59,
            "아파트명":"상우1차",
            "투자타입":"일반",
            "전용면적(m2)":"77.11",
            "전용면적(평)":"23평",
            "법정동주소":"경기도 광명시 광명동 717-3",
            "도로명주소":"경기도 광명시 도덕로 79",
            "세대수":0,
            "입주년차":0,
            "용적률점수":"--",
            "건폐율점수":"--",
            "세대당주차수":0,
            "난방방식":30,
            "공급면적":"--",
            "전용률":"--",
            "욕실수":50,
            "현관타입":10,
            "주거총점":9.0,
            "지역구공급총점":0.0,
            "역세권":50,
            "30분내 이동가능 거점":20,
            "1시간내 이동가능 거점":100,
            "교통총점":51.0,
            "백화점":0,
            "아울렛몰":100,
            "대형마트":0,
            "은행":0,
            "병원":30,
            "종합병원":100,
            "공원":100,
            "혐오시설":0,
            "인프라총점":36.0,
            "초등학군":90.01,
            "중학군":38.82,
            "학군총점":49.058,
            "인구수":32.7,
            "인구증감":-11.59,
            "인구총점":19.413,
            "일자리":12.95,
            "소득수준":64.37,
            "일자리총점":28.376,
            "가치 총점":37.8087,
            "매매실거래년":20211110.0,
            "매매실거래가":50000.0,
            "전세실거래년":20210719.0,
            "전세실거래가":30000.0,
            "전세가율":66.67,
            "장기전세가율평균":64.35,
            "전세가율거품지수":-2.32,
            "검색코드":1592,
            "세대수":148,
            "준공년월":"1995-05-27",
            "준공년차":28,
            "가까운역이름":"광명사거리",
            "가까운역거리":995.13,
            "역세권여부":"준역세권",
            "30분이내주요거점역":1,
            "30분거점역이름":"['가산디지털단지']",
            "1시간이내주요거점역":10,
            "1시간거점역이름":"['강남', '역삼', '여의도', '을지로입구', '을지로3가', '평촌', '가산디지털단지', '홍대입구', '구로디지털단지', '마곡']",
            "3km이내백화점수":0,
            "5km이내아울렛몰수":2,
            "1km이내대형먀트수":0,
            "500m이내은행수":1,
            "500m이내병원수":8,
            "5km이내대형병원수":5,
            "500m이내공원수":3,
            "3km이내혐오시설수":0,
            "초등학교학업성취도":90.01,
            "중학교학업성취도":64.7,
            "용적률":349,
            "건폐율":21,
            "Y":37.470386,
            "X":126.856412,
            "rank":68.0,
            "area_info":"23평(77.11), 23평(77.25), 33평(109.85), 33평(110.0), 49평(162.63)",
            "last_sales":"2021-11-10,50000.0,49평(162.63)",
            "rank_history":[
                [
                    "202202",
                    68
                ],
                [
                    "202201",
                    63
                ]
            ],
            "rank_gap":-5
        },
        {
            "index":22,
            "아파트명":"광명중앙하이츠1차",
            "투자타입":"일반",
            "전용면적(m2)":"63.13",
            "전용면적(평)":"19평",
            "법정동주소":"경기도 광명시 광명동 732",
            "도로명주소":"경기도 광명시 도덕로 56",
            "세대수":90,
            "입주년차":0,
            "용적률점수":"--",
            "건폐율점수":"--",
            "세대당주차수":0,
            "난방방식":30,
            "공급면적":"--",
            "전용률":"--",
            "욕실수":50,
            "현관타입":10,
            "주거총점":40.5,
            "지역구공급총점":0.0,
            "역세권":0,
            "30분내 이동가능 거점":20,
            "1시간내 이동가능 거점":100,
            "교통총점":26.0,
            "백화점":0,
            "아울렛몰":100,
            "대형마트":0,
            "은행":0,
            "병원":60,
            "종합병원":100,
            "공원":100,
            "혐오시설":0,
            "인프라총점":39.0,
            "초등학군":90.01,
            "중학군":38.82,
            "학군총점":49.058,
            "인구수":32.7,
            "인구증감":-11.59,
            "인구총점":19.413,
            "일자리":12.95,
            "소득수준":64.37,
            "일자리총점":28.376,
            "가치 총점":36.2587,
            "매매실거래년":20210821.0,
            "매매실거래가":78000.0,
            "전세실거래년":20210426.0,
            "전세실거래가":22000.0,
            "전세가율":64.71,
            "장기전세가율평균":64.35,
            "전세가율거품지수":-0.36,
            "검색코드":1594,
            "세대수":909,
            "준공년월":"1993-07-15",
            "준공년차":30,
            "가까운역이름":"광명사거리",
            "가까운역거리":1095.62,
            "역세권여부":"비역세권",
            "30분이내주요거점역":1,
            "30분거점역이름":"['가산디지털단지']",
            "1시간이내주요거점역":10,
            "1시간거점역이름":"['강남', '역삼', '여의도', '을지로입구', '을지로3가', '평촌', '가산디지털단지', '홍대입구', '구로디지털단지', '마곡']",
            "3km이내백화점수":0,
            "5km이내아울렛몰수":2,
            "1km이내대형먀트수":0,
            "500m이내은행수":1,
            "500m이내병원수":10,
            "5km이내대형병원수":5,
            "500m이내공원수":4,
            "3km이내혐오시설수":0,
            "초등학교학업성취도":90.01,
            "중학교학업성취도":64.7,
            "용적률":308,
            "건폐율":25,
            "Y":37.469399,
            "X":126.854946,
            "rank":69.0,
            "area_info":"19평(63.13), 22평(73.21), 30평(101.12), 46평(152.65)",
            "last_sales":"2021-08-21,78000.0,46평(152.65)",
            "rank_history":[
                [
                    "202202",
                    69
                ],
                [
                    "202201",
                    64
                ]
            ],
            "rank_gap":-5
        },
        {
            "index":16,
            "아파트명":"광명영화I-nix",
            "투자타입":"일반",
            "전용면적(m2)":"81.41",
            "전용면적(평)":"24평",
            "법정동주소":"경기도 광명시 광명동 778",
            "도로명주소":"경기도 광명시 광명로848번길 66",
            "세대수":0,
            "입주년차":40,
            "용적률점수":"--",
            "건폐율점수":"--",
            "세대당주차수":30,
            "난방방식":30,
            "공급면적":"--",
            "전용률":"--",
            "욕실수":50,
            "현관타입":10,
            "주거총점":21.5,
            "지역구공급총점":0.0,
            "역세권":0,
            "30분내 이동가능 거점":20,
            "1시간내 이동가능 거점":100,
            "교통총점":26.0,
            "백화점":0,
            "아울렛몰":100,
            "대형마트":0,
            "은행":20,
            "병원":60,
            "종합병원":100,
            "공원":100,
            "혐오시설":0,
            "인프라총점":41.0,
            "초등학군":90.01,
            "중학군":45.72,
            "학군총점":54.578,
            "인구수":32.7,
            "인구증감":-11.59,
            "인구총점":19.413,
            "일자리":12.95,
            "소득수준":64.37,
            "일자리총점":28.376,
            "가치 총점":33.8867,
            "매매실거래년":20210908.0,
            "매매실거래가":70900.0,
            "전세실거래년":20220121.0,
            "전세실거래가":35000.0,
            "전세가율":59.32,
            "장기전세가율평균":64.35,
            "전세가율거품지수":5.03,
            "검색코드":17567,
            "세대수":298,
            "준공년월":"2005-09-29",
            "준공년차":18,
            "가까운역이름":"광명사거리",
            "가까운역거리":1084.37,
            "역세권여부":"비역세권",
            "30분이내주요거점역":1,
            "30분거점역이름":"['가산디지털단지']",
            "1시간이내주요거점역":10,
            "1시간거점역이름":"['강남', '역삼', '여의도', '을지로입구', '을지로3가', '평촌', '가산디지털단지', '홍대입구', '구로디지털단지', '마곡']",
            "3km이내백화점수":0,
            "5km이내아울렛몰수":2,
            "1km이내대형먀트수":0,
            "500m이내은행수":2,
            "500m이내병원수":23,
            "5km이내대형병원수":5,
            "500m이내공원수":4,
            "3km이내혐오시설수":0,
            "초등학교학업성취도":90.01,
            "중학교학업성취도":75.0,
            "용적률":309,
            "건폐율":26,
            "Y":37.469965,
            "X":126.851127,
            "rank":70.0,
            "area_info":"24평(81.41), 24평(81.41), 30평(100.66), 30평(100.66)",
            "last_sales":"2021-09-08,70900.0,30평(100.66)",
            "rank_history":[
                [
                    "202202",
                    70
                ],
                [
                    "202201",
                    67
                ]
            ],
            "rank_gap":-3
        },
        {
            "index":72,
            "아파트명":"상우3차",
            "투자타입":"일반",
            "전용면적(m2)":"84.62",
            "전용면적(평)":"25평",
            "법정동주소":"경기도 광명시 광명동 757",
            "도로명주소":"경기도 광명시 광명로775번길 13",
            "세대수":0,
            "입주년차":0,
            "용적률점수":"--",
            "건폐율점수":"--",
            "세대당주차수":0,
            "난방방식":30,
            "공급면적":"--",
            "전용률":"--",
            "욕실수":100,
            "현관타입":100,
            "주거총점":23.0,
            "지역구공급총점":0.0,
            "역세권":0,
            "30분내 이동가능 거점":20,
            "1시간내 이동가능 거점":100,
            "교통총점":26.0,
            "백화점":0,
            "아울렛몰":100,
            "대형마트":0,
            "은행":0,
            "병원":10,
            "종합병원":100,
            "공원":100,
            "혐오시설":0,
            "인프라총점":34.0,
            "초등학군":89.99,
            "중학군":45.72,
            "학군총점":54.574,
            "인구수":32.7,
            "인구증감":-11.59,
            "인구총점":19.413,
            "일자리":12.95,
            "소득수준":64.37,
            "일자리총점":28.376,
            "가치 총점":32.0861,
            "매매실거래년":20210908.0,
            "매매실거래가":44500.0,
            "전세실거래년":20210916.0,
            "전세실거래가":38000.0,
            "전세가율":86.36,
            "장기전세가율평균":64.35,
            "전세가율거품지수":-22.01,
            "검색코드":2612,
            "세대수":128,
            "준공년월":"1997-05-30",
            "준공년차":26,
            "가까운역이름":"광명사거리",
            "가까운역거리":1234.76,
            "역세권여부":"비역세권",
            "30분이내주요거점역":1,
            "30분거점역이름":"['가산디지털단지']",
            "1시간이내주요거점역":10,
            "1시간거점역이름":"['강남', '역삼', '여의도', '을지로입구', '을지로3가', '평촌', '가산디지털단지', '홍대입구', '구로디지털단지', '마곡']",
            "3km이내백화점수":0,
            "5km이내아울렛몰수":2,
            "1km이내대형먀트수":0,
            "500m이내은행수":0,
            "500m이내병원수":3,
            "5km이내대형병원수":4,
            "500m이내공원수":4,
            "3km이내혐오시설수":0,
            "초등학교학업성취도":89.99,
            "중학교학업성취도":75.0,
            "용적률":341,
            "건폐율":23,
            "Y":37.470379,
            "X":126.846463,
            "rank":71.0,
            "area_info":"25평(84.62), 25평(84.44), 32평(107.07), 35평(116.51), 43평(142.88)",
            "last_sales":"2021-09-08,44500.0,25평(84.44)",
            "rank_history":[
                [
                    "202202",
                    71
                ],
                [
                    "202201",
                    70
                ]
            ],
            "rank_gap":-1
        },
        {
            "index":64,
            "아파트명":"상우2차",
            "투자타입":"일반",
            "전용면적(m2)":"77.62",
            "전용면적(평)":"23평",
            "법정동주소":"경기도 광명시 광명동 734",
            "도로명주소":"경기도 광명시 도덕로28번안길 22",
            "세대수":0,
            "입주년차":0,
            "용적률점수":"--",
            "건폐율점수":"--",
            "세대당주차수":0,
            "난방방식":30,
            "공급면적":"--",
            "전용률":"--",
            "욕실수":100,
            "현관타입":10,
            "주거총점":14.0,
            "지역구공급총점":0.0,
            "역세권":0,
            "30분내 이동가능 거점":20,
            "1시간내 이동가능 거점":80,
            "교통총점":22.0,
            "백화점":0,
            "아울렛몰":100,
            "대형마트":0,
            "은행":0,
            "병원":30,
            "종합병원":100,
            "공원":100,
            "혐오시설":0,
            "인프라총점":36.0,
            "초등학군":90.01,
            "중학군":38.82,
            "학군총점":49.058,
            "인구수":32.7,
            "인구증감":-11.59,
            "인구총점":19.413,
            "일자리":12.95,
            "소득수준":64.37,
            "일자리총점":28.376,
            "가치 총점":28.6587,
            "매매실거래년":20210902.0,
            "매매실거래가":51000.0,
            "전세실거래년":20211019.0,
            "전세실거래가":41000.0,
            "전세가율":96.47,
            "장기전세가율평균":64.35,
            "전세가율거품지수":-32.12,
            "검색코드":2611,
            "세대수":169,
            "준공년월":"1995-09-11",
            "준공년차":28,
            "가까운역이름":"광명사거리",
            "가까운역거리":1363.25,
            "역세권여부":"비역세권",
            "30분이내주요거점역":1,
            "30분거점역이름":"['가산디지털단지']",
            "1시간이내주요거점역":8,
            "1시간거점역이름":"['역삼', '여의도', '을지로입구', '평촌', '가산디지털단지', '홍대입구', '구로디지털단지', '마곡']",
            "3km이내백화점수":0,
            "5km이내아울렛몰수":2,
            "1km이내대형먀트수":0,
            "500m이내은행수":1,
            "500m이내병원수":9,
            "5km이내대형병원수":4,
            "500m이내공원수":3,
            "3km이내혐오시설수":0,
            "초등학교학업성취도":90.01,
            "중학교학업성취도":64.7,
            "용적률":313,
            "건폐율":24,
            "Y":37.467026,
            "X":126.853727,
            "rank":72.0,
            "area_info":"23평(77.62), 27평(91.28), 28평(95.56), 30평(99.19), 30평(102.0), 31평(105.31), 32평(107.25), 34평(115.45)",
            "last_sales":"2021-09-02,51000.0,32평(107.25)",
            "rank_history":[
                [
                    "202202",
                    72
                ],
                [
                    "202201",
                    71
                ]
            ],
            "rank_gap":-1
        },
        {
            "index":77,
            "아파트명":"영화",
            "투자타입":"일반",
            "전용면적(m2)":"80.76",
            "전용면적(평)":"24평",
            "법정동주소":"경기도 광명시 광명동 733",
            "도로명주소":"경기도 광명시 도덕로54번길 27",
            "세대수":0,
            "입주년차":0,
            "용적률점수":"--",
            "건폐율점수":"--",
            "세대당주차수":0,
            "난방방식":30,
            "공급면적":"--",
            "전용률":"--",
            "욕실수":50,
            "현관타입":10,
            "주거총점":9.0,
            "지역구공급총점":0.0,
            "역세권":0,
            "30분내 이동가능 거점":20,
            "1시간내 이동가능 거점":80,
            "교통총점":22.0,
            "백화점":0,
            "아울렛몰":100,
            "대형마트":0,
            "은행":0,
            "병원":30,
            "종합병원":100,
            "공원":100,
            "혐오시설":0,
            "인프라총점":36.0,
            "초등학군":90.01,
            "중학군":38.82,
            "학군총점":49.058,
            "인구수":32.7,
            "인구증감":-11.59,
            "인구총점":19.413,
            "일자리":12.95,
            "소득수준":64.37,
            "일자리총점":28.376,
            "가치 총점":27.6587,
            "매매실거래년":20211212.0,
            "매매실거래가":46000.0,
            "전세실거래년":20211007.0,
            "전세실거래가":35000.0,
            "전세가율":86.0,
            "장기전세가율평균":64.35,
            "전세가율거품지수":-21.65,
            "검색코드":1593,
            "세대수":159,
            "준공년월":"1995-10-10",
            "준공년차":28,
            "가까운역이름":"광명사거리",
            "가까운역거리":1349.6,
            "역세권여부":"비역세권",
            "30분이내주요거점역":1,
            "30분거점역이름":"['가산디지털단지']",
            "1시간이내주요거점역":8,
            "1시간거점역이름":"['역삼', '여의도', '을지로입구', '평촌', '가산디지털단지', '홍대입구', '구로디지털단지', '마곡']",
            "3km이내백화점수":0,
            "5km이내아울렛몰수":2,
            "1km이내대형먀트수":0,
            "500m이내은행수":1,
            "500m이내병원수":9,
            "5km이내대형병원수":5,
            "500m이내공원수":3,
            "3km이내혐오시설수":0,
            "초등학교학업성취도":90.01,
            "중학교학업성취도":64.7,
            "용적률":396,
            "건폐율":25,
            "Y":37.467122,
            "X":126.854347,
            "rank":73.0,
            "area_info":"24평(80.76), 24평(81.08), 28평(93.34), 33평(111.61)",
            "last_sales":"2021-12-12,46000.0,33평(111.61)",
            "rank_history":[
                [
                    "202202",
                    73
                ],
                [
                    "202201",
                    72
                ]
            ],
            "rank_gap":-1
        }
    ]
}