{
    "schema":{
        "fields":[
            {
                "name":"index",
                "type":"integer"
            },
            {
                "name":"아파트명",
                "type":"string"
            },
            {
                "name":"투자타입",
                "type":"string"
            },
            {
                "name":"전용면적(m2)",
                "type":"string"
            },
            {
                "name":"전용면적(평)",
                "type":"string"
            },
            {
                "name":"법정동주소",
                "type":"string"
            },
            {
                "name":"도로명주소",
                "type":"string"
            },
            {
                "name":"세대수",
                "type":"integer"
            },
            {
                "name":"입주년차",
                "type":"string"
            },
            {
                "name":"용적률점수",
                "type":"string"
            },
            {
                "name":"건폐율점수",
                "type":"string"
            },
            {
                "name":"세대당주차수",
                "type":"string"
            },
            {
                "name":"난방방식",
                "type":"string"
            },
            {
                "name":"공급면적",
                "type":"string"
            },
            {
                "name":"전용률",
                "type":"string"
            },
            {
                "name":"욕실수",
                "type":"string"
            },
            {
                "name":"현관타입",
                "type":"string"
            },
            {
                "name":"주거총점",
                "type":"number"
            },
            {
                "name":"지역구공급총점",
                "type":"number"
            },
            {
                "name":"역세권",
                "type":"integer"
            },
            {
                "name":"30분내 이동가능 거점",
                "type":"integer"
            },
            {
                "name":"1시간내 이동가능 거점",
                "type":"integer"
            },
            {
                "name":"교통총점",
                "type":"number"
            },
            {
                "name":"백화점",
                "type":"integer"
            },
            {
                "name":"아울렛몰",
                "type":"integer"
            },
            {
                "name":"대형마트",
                "type":"integer"
            },
            {
                "name":"은행",
                "type":"integer"
            },
            {
                "name":"병원",
                "type":"integer"
            },
            {
                "name":"종합병원",
                "type":"integer"
            },
            {
                "name":"공원",
                "type":"integer"
            },
            {
                "name":"혐오시설",
                "type":"integer"
            },
            {
                "name":"인프라총점",
                "type":"number"
            },
            {
                "name":"초등학군",
                "type":"number"
            },
            {
                "name":"중학군",
                "type":"number"
            },
            {
                "name":"학군총점",
                "type":"number"
            },
            {
                "name":"인구수",
                "type":"number"
            },
            {
                "name":"인구증감",
                "type":"number"
            },
            {
                "name":"인구총점",
                "type":"number"
            },
            {
                "name":"일자리",
                "type":"number"
            },
            {
                "name":"소득수준",
                "type":"number"
            },
            {
                "name":"일자리총점",
                "type":"number"
            },
            {
                "name":"가치 총점",
                "type":"number"
            },
            {
                "name":"매매실거래년",
                "type":"string"
            },
            {
                "name":"매매실거래가",
                "type":"number"
            },
            {
                "name":"전세실거래년",
                "type":"number"
            },
            {
                "name":"전세실거래가",
                "type":"number"
            },
            {
                "name":"전세가율",
                "type":"number"
            },
            {
                "name":"장기전세가율평균",
                "type":"number"
            },
            {
                "name":"전세가율거품지수",
                "type":"number"
            },
            {
                "name":"검색코드",
                "type":"integer"
            },
            {
                "name":"세대수",
                "type":"number"
            },
            {
                "name":"준공년월",
                "type":"string"
            },
            {
                "name":"준공년차",
                "type":"number"
            },
            {
                "name":"가까운역이름",
                "type":"string"
            },
            {
                "name":"가까운역거리",
                "type":"number"
            },
            {
                "name":"역세권여부",
                "type":"string"
            },
            {
                "name":"30분이내주요거점역",
                "type":"integer"
            },
            {
                "name":"30분거점역이름",
                "type":"string"
            },
            {
                "name":"1시간이내주요거점역",
                "type":"integer"
            },
            {
                "name":"1시간거점역이름",
                "type":"string"
            },
            {
                "name":"3km이내백화점수",
                "type":"integer"
            },
            {
                "name":"5km이내아울렛몰수",
                "type":"integer"
            },
            {
                "name":"1km이내대형먀트수",
                "type":"integer"
            },
            {
                "name":"500m이내은행수",
                "type":"integer"
            },
            {
                "name":"500m이내병원수",
                "type":"integer"
            },
            {
                "name":"5km이내대형병원수",
                "type":"integer"
            },
            {
                "name":"500m이내공원수",
                "type":"integer"
            },
            {
                "name":"3km이내혐오시설수",
                "type":"integer"
            },
            {
                "name":"초등학교학업성취도",
                "type":"number"
            },
            {
                "name":"중학교학업성취도",
                "type":"number"
            },
            {
                "name":"용적률",
                "type":"integer"
            },
            {
                "name":"건폐율",
                "type":"integer"
            },
            {
                "name":"Y",
                "type":"number"
            },
            {
                "name":"X",
                "type":"number"
            },
            {
                "name":"rank",
                "type":"number"
            },
            {
                "name":"area_info",
                "type":"string"
            },
            {
                "name":"last_sales",
                "type":"string"
            },
            {
                "name":"rank_history",
                "type":"string"
            },
            {
                "name":"rank_gap",
                "type":"integer"
            }
        ],
        "primaryKey":[
            "index"
        ],
        "pandas_version":"1.4.0"
    },
    "data":[
        {
            "index":256,
            "아파트명":"안산센트럴푸르지오",
            "투자타입":"일반",
            "전용면적(m2)":"112.7",
            "전용면적(평)":"34평",
            "법정동주소":"경기도 안산시 단원구 고잔동 851",
            "도로명주소":"경기도 안산시 단원구 고잔로 115",
            "세대수":90,
            "입주년차":80,
            "용적률점수":"--",
            "건폐율점수":"--",
            "세대당주차수":60,
            "난방방식":100,
            "공급면적":"--",
            "전용률":"--",
            "욕실수":100,
            "현관타입":100,
            "주거총점":86.5,
            "지역구공급총점":0.0,
            "역세권":80,
            "30분내 이동가능 거점":20,
            "1시간내 이동가능 거점":60,
            "교통총점":58.0,
            "백화점":100,
            "아울렛몰":0,
            "대형마트":100,
            "은행":100,
            "병원":100,
            "종합병원":100,
            "공원":100,
            "혐오시설":0,
            "인프라총점":88.0,
            "초등학군":90.0,
            "중학군":48.0,
            "학군총점":56.4,
            "인구수":35.4,
            "인구증감":-2.14,
            "인구총점":24.138,
            "일자리":20.67,
            "소득수준":62.84,
            "일자리총점":33.321,
            "가치 총점":72.46,
            "매매실거래년":20210426.0,
            "매매실거래가":119000.0,
            "전세실거래년":20210506.0,
            "전세실거래가":51000.0,
            "전세가율":66.23,
            "장기전세가율평균":69.72,
            "전세가율거품지수":3.49,
            "검색코드":111170,
            "세대수":990.0,
            "준공년월":"2018-04-01",
            "준공년차":5.0,
            "가까운역이름":"중앙",
            "가까운역거리":455.58,
            "역세권여부":"역세권",
            "30분이내주요거점역":1,
            "30분거점역이름":"['안산']",
            "1시간이내주요거점역":6,
            "1시간거점역이름":"['송도', '수원시청', '평촌', '가산디지털단지', '수원', '안산']",
            "3km이내백화점수":1,
            "5km이내아울렛몰수":0,
            "1km이내대형먀트수":2,
            "500m이내은행수":5,
            "500m이내병원수":117,
            "5km이내대형병원수":4,
            "500m이내공원수":2,
            "3km이내혐오시설수":0,
            "초등학교학업성취도":90.0,
            "중학교학업성취도":78.6,
            "용적률":245,
            "건폐율":15,
            "Y":37.320011,
            "X":126.839165,
            "rank":1.0,
            "area_info":"34평(112.7), 34평(113.54), 34평(114.21), 39평(130.72), 39평(131.08), 45평(149.98)",
            "last_sales":"2021-04-26,119000.0,39평(130.72)",
            "rank_history":[
                [
                    "202202",
                    1
                ],
                [
                    "202201",
                    1
                ]
            ],
            "rank_gap":0
        },
        {
            "index":232,
            "아파트명":"안산고잔푸르지오3차",
            "투자타입":"일반",
            "전용면적(m2)":"91.63",
            "전용면적(평)":"27평",
            "법정동주소":"경기도 안산시 단원구 고잔동 728",
            "도로명주소":"경기도 안산시 단원구 광덕3로 201",
            "세대수":90,
            "입주년차":20,
            "용적률점수":"--",
            "건폐율점수":"--",
            "세대당주차수":60,
            "난방방식":100,
            "공급면적":"--",
            "전용률":"--",
            "욕실수":100,
            "현관타입":100,
            "주거총점":74.5,
            "지역구공급총점":0.0,
            "역세권":80,
            "30분내 이동가능 거점":20,
            "1시간내 이동가능 거점":60,
            "교통총점":58.0,
            "백화점":100,
            "아울렛몰":0,
            "대형마트":80,
            "은행":70,
            "병원":100,
            "종합병원":100,
            "공원":100,
            "혐오시설":0,
            "인프라총점":82.0,
            "초등학군":90.01,
            "중학군":50.38,
            "학군총점":58.306,
            "인구수":35.4,
            "인구증감":-2.14,
            "인구총점":24.138,
            "일자리":20.67,
            "소득수준":62.84,
            "일자리총점":33.321,
            "가치 총점":68.5459,
            "매매실거래년":20211230.0,
            "매매실거래가":63000.0,
            "전세실거래년":20220117.0,
            "전세실거래가":29400.0,
            "전세가율":46.67,
            "장기전세가율평균":69.72,
            "전세가율거품지수":23.05,
            "검색코드":3664,
            "세대수":1134.0,
            "준공년월":"2003-04-17",
            "준공년차":20.0,
            "가까운역이름":"중앙",
            "가까운역거리":370.33,
            "역세권여부":"역세권",
            "30분이내주요거점역":1,
            "30분거점역이름":"['안산']",
            "1시간이내주요거점역":6,
            "1시간거점역이름":"['송도', '수원시청', '평촌', '가산디지털단지', '수원', '안산']",
            "3km이내백화점수":1,
            "5km이내아울렛몰수":0,
            "1km이내대형먀트수":1,
            "500m이내은행수":3,
            "500m이내병원수":89,
            "5km이내대형병원수":4,
            "500m이내공원수":3,
            "3km이내혐오시설수":0,
            "초등학교학업성취도":90.01,
            "중학교학업성취도":83.1,
            "용적률":199,
            "건폐율":13,
            "Y":37.313776,
            "X":126.835391,
            "rank":2.0,
            "area_info":"27평(91.63), 32평(106.72), 37평(124.16), 43평(143.83), 47평(157.4)",
            "last_sales":"2021-12-30,63000.0,27평(91.63)",
            "rank_history":[
                [
                    "202202",
                    2
                ],
                [
                    "202201",
                    2
                ]
            ],
            "rank_gap":0
        },
        {
            "index":681,
            "아파트명":"초지역메이저타운푸르지오에코단지",
            "투자타입":"일반",
            "전용면적(m2)":"72.33",
            "전용면적(평)":"21평",
            "법정동주소":"경기도 안산시 단원구 원곡동 1001",
            "도로명주소":"경기도 안산시 단원구 원선1로 10",
            "세대수":90,
            "입주년차":100,
            "용적률점수":"--",
            "건폐율점수":"--",
            "세대당주차수":30,
            "난방방식":100,
            "공급면적":"--",
            "전용률":"--",
            "욕실수":50,
            "현관타입":100,
            "주거총점":81.0,
            "지역구공급총점":0.0,
            "역세권":80,
            "30분내 이동가능 거점":20,
            "1시간내 이동가능 거점":50,
            "교통총점":56.0,
            "백화점":100,
            "아울렛몰":0,
            "대형마트":0,
            "은행":20,
            "병원":80,
            "종합병원":100,
            "공원":100,
            "혐오시설":0,
            "인프라총점":63.0,
            "초등학군":90.04,
            "중학군":43.62,
            "학군총점":52.904,
            "인구수":35.4,
            "인구증감":-2.14,
            "인구총점":24.138,
            "일자리":20.67,
            "소득수준":62.84,
            "일자리총점":33.321,
            "가치 총점":62.6356,
            "매매실거래년":20211111.0,
            "매매실거래가":60000.0,
            "전세실거래년":20220112.0,
            "전세실거래가":35000.0,
            "전세가율":58.33,
            "장기전세가율평균":69.72,
            "전세가율거품지수":11.39,
            "검색코드":113909,
            "세대수":1244.0,
            "준공년월":"2019-06-01",
            "준공년차":4.0,
            "가까운역이름":"초지",
            "가까운역거리":451.0,
            "역세권여부":"역세권",
            "30분이내주요거점역":1,
            "30분거점역이름":"['안산']",
            "1시간이내주요거점역":5,
            "1시간거점역이름":"['송도', '수원시청', '평촌', '수원', '안산']",
            "3km이내백화점수":1,
            "5km이내아울렛몰수":0,
            "1km이내대형먀트수":0,
            "500m이내은행수":2,
            "500m이내병원수":34,
            "5km이내대형병원수":3,
            "500m이내공원수":9,
            "3km이내혐오시설수":0,
            "초등학교학업성취도":90.04,
            "중학교학업성취도":72.5,
            "용적률":249,
            "건폐율":17,
            "Y":37.324079,
            "X":126.803197,
            "rank":3.0,
            "area_info":"21평(72.33), 24평(81.33), 24평(81.27), 24평(82.03), 28평(95.37), 33평(110.03)",
            "last_sales":"2021-11-11,60000.0,21평(72.33)",
            "rank_history":[
                [
                    "202202",
                    3
                ],
                [
                    "202201",
                    4
                ]
            ],
            "rank_gap":1
        },
        {
            "index":237,
            "아파트명":"안산고잔푸르지오4차",
            "투자타입":"일반",
            "전용면적(m2)":"80.6",
            "전용면적(평)":"24평",
            "법정동주소":"경기도 안산시 단원구 고잔동 702",
            "도로명주소":"경기도 안산시 단원구 적금로 76",
            "세대수":50,
            "입주년차":20,
            "용적률점수":"--",
            "건폐율점수":"--",
            "세대당주차수":30,
            "난방방식":100,
            "공급면적":"--",
            "전용률":"--",
            "욕실수":100,
            "현관타입":100,
            "주거총점":56.0,
            "지역구공급총점":0.0,
            "역세권":80,
            "30분내 이동가능 거점":20,
            "1시간내 이동가능 거점":60,
            "교통총점":58.0,
            "백화점":100,
            "아울렛몰":0,
            "대형마트":80,
            "은행":20,
            "병원":80,
            "종합병원":100,
            "공원":80,
            "혐오시설":0,
            "인프라총점":74.4,
            "초등학군":90.01,
            "중학군":48.12,
            "학군총점":56.498,
            "인구수":35.4,
            "인구증감":-2.14,
            "인구총점":24.138,
            "일자리":20.67,
            "소득수준":62.84,
            "일자리총점":33.321,
            "가치 총점":62.2947,
            "매매실거래년":20211223.0,
            "매매실거래가":56000.0,
            "전세실거래년":20211228.0,
            "전세실거래가":25200.0,
            "전세가율":50.91,
            "장기전세가율평균":69.72,
            "전세가율거품지수":18.81,
            "검색코드":3663,
            "세대수":608.0,
            "준공년월":"2003-03-15",
            "준공년차":20.0,
            "가까운역이름":"고잔",
            "가까운역거리":407.93,
            "역세권여부":"역세권",
            "30분이내주요거점역":1,
            "30분거점역이름":"['안산']",
            "1시간이내주요거점역":6,
            "1시간거점역이름":"['송도', '수원시청', '평촌', '가산디지털단지', '수원', '안산']",
            "3km이내백화점수":1,
            "5km이내아울렛몰수":0,
            "1km이내대형먀트수":1,
            "500m이내은행수":2,
            "500m이내병원수":38,
            "5km이내대형병원수":4,
            "500m이내공원수":1,
            "3km이내혐오시설수":0,
            "초등학교학업성취도":90.01,
            "중학교학업성취도":79.6,
            "용적률":198,
            "건폐율":20,
            "Y":37.31391,
            "X":126.826127,
            "rank":4.0,
            "area_info":"24평(80.6), 25평(83.44), 30평(99.35), 32평(105.94)",
            "last_sales":"2021-12-23,56000.0,30평(99.35)",
            "rank_history":[
                [
                    "202202",
                    4
                ],
                [
                    "202201",
                    5
                ]
            ],
            "rank_gap":1
        },
        {
            "index":732,
            "아파트명":"초지역메이저타운푸르지오메트로단지",
            "투자타입":"일반",
            "전용면적(m2)":"67.04",
            "전용면적(평)":"20평",
            "법정동주소":"경기도 안산시 단원구 초지동 803",
            "도로명주소":"경기도 안산시 단원구 화랑로 170",
            "세대수":100,
            "입주년차":100,
            "용적률점수":"--",
            "건폐율점수":"--",
            "세대당주차수":30,
            "난방방식":100,
            "공급면적":"--",
            "전용률":"--",
            "욕실수":50,
            "현관타입":100,
            "주거총점":84.5,
            "지역구공급총점":0.0,
            "역세권":80,
            "30분내 이동가능 거점":20,
            "1시간내 이동가능 거점":60,
            "교통총점":58.0,
            "백화점":100,
            "아울렛몰":0,
            "대형마트":0,
            "은행":0,
            "병원":30,
            "종합병원":100,
            "공원":100,
            "혐오시설":0,
            "인프라총점":56.0,
            "초등학군":90.04,
            "중학군":43.62,
            "학군총점":52.904,
            "인구수":35.4,
            "인구증감":-2.14,
            "인구총점":24.138,
            "일자리":20.67,
            "소득수준":62.84,
            "일자리총점":33.321,
            "가치 총점":61.9356,
            "매매실거래년":20211226.0,
            "매매실거래가":92000.0,
            "전세실거래년":20220108.0,
            "전세실거래가":36000.0,
            "전세가율":60.0,
            "장기전세가율평균":69.72,
            "전세가율거품지수":9.72,
            "검색코드":114595,
            "세대수":1548.0,
            "준공년월":"2019-06-20",
            "준공년차":4.0,
            "가까운역이름":"초지",
            "가까운역거리":230.73,
            "역세권여부":"역세권",
            "30분이내주요거점역":1,
            "30분거점역이름":"['안산']",
            "1시간이내주요거점역":6,
            "1시간거점역이름":"['송도', '수원시청', '평촌', '가산디지털단지', '수원', '안산']",
            "3km이내백화점수":1,
            "5km이내아울렛몰수":0,
            "1km이내대형먀트수":0,
            "500m이내은행수":1,
            "500m이내병원수":7,
            "5km이내대형병원수":3,
            "500m이내공원수":10,
            "3km이내혐오시설수":0,
            "초등학교학업성취도":90.04,
            "중학교학업성취도":72.5,
            "용적률":249,
            "건폐율":16,
            "Y":37.322721,
            "X":126.80593,
            "rank":5.0,
            "area_info":"20평(67.04), 24평(81.45), 24평(81.4), 24평(81.03), 28평(94.74), 32평(106.51)",
            "last_sales":"2021-12-26,92000.0,28평(94.74)",
            "rank_history":[
                [
                    "202202",
                    5
                ],
                [
                    "202201",
                    6
                ]
            ],
            "rank_gap":1
        },
        {
            "index":466,
            "아파트명":"힐스테이트중앙",
            "투자타입":"일반",
            "전용면적(m2)":"85.08",
            "전용면적(평)":"25평",
            "법정동주소":"경기도 안산시 단원구 고잔동 853",
            "도로명주소":"경기도 안산시 단원구 고잔로 81",
            "세대수":90,
            "입주년차":80,
            "용적률점수":"--",
            "건폐율점수":"--",
            "세대당주차수":60,
            "난방방식":100,
            "공급면적":"--",
            "전용률":"--",
            "욕실수":100,
            "현관타입":100,
            "주거총점":86.5,
            "지역구공급총점":0.0,
            "역세권":50,
            "30분내 이동가능 거점":20,
            "1시간내 이동가능 거점":60,
            "교통총점":43.0,
            "백화점":100,
            "아울렛몰":0,
            "대형마트":0,
            "은행":100,
            "병원":100,
            "종합병원":100,
            "공원":0,
            "혐오시설":0,
            "인프라총점":70.0,
            "초등학군":90.0,
            "중학군":48.0,
            "학군총점":56.4,
            "인구수":35.4,
            "인구증감":-2.14,
            "인구총점":24.138,
            "일자리":20.67,
            "소득수준":62.84,
            "일자리총점":33.321,
            "가치 총점":61.81,
            "매매실거래년":20211214.0,
            "매매실거래가":72500.0,
            "전세실거래년":20211214.0,
            "전세실거래가":27560.0,
            "전세가율":38.01,
            "장기전세가율평균":69.72,
            "전세가율거품지수":31.71,
            "검색코드":112360,
            "세대수":1152.0,
            "준공년월":"2018-11-14",
            "준공년차":5.0,
            "가까운역이름":"중앙",
            "가까운역거리":556.9,
            "역세권여부":"준역세권",
            "30분이내주요거점역":1,
            "30분거점역이름":"['안산']",
            "1시간이내주요거점역":6,
            "1시간거점역이름":"['송도', '수원시청', '평촌', '가산디지털단지', '수원', '안산']",
            "3km이내백화점수":1,
            "5km이내아울렛몰수":0,
            "1km이내대형먀트수":0,
            "500m이내은행수":8,
            "500m이내병원수":116,
            "5km이내대형병원수":4,
            "500m이내공원수":0,
            "3km이내혐오시설수":0,
            "초등학교학업성취도":90.0,
            "중학교학업성취도":78.6,
            "용적률":266,
            "건폐율":16,
            "Y":37.320149,
            "X":126.835158,
            "rank":6.0,
            "area_info":"25평(85.08), 25평(85.1), 31평(103.76), 31평(104.2), 34평(115.02), 39평(130.71)",
            "last_sales":"2021-12-14,72500.0,25평(85.08)",
            "rank_history":[
                [
                    "202202",
                    6
                ],
                [
                    "202201",
                    3
                ]
            ],
            "rank_gap":-3
        },
        {
            "index":448,
            "아파트명":"힐스테이트에코안산중앙역",
            "투자타입":"일반",
            "전용면적(m2)":"50.74",
            "전용면적(평)":"15평",
            "법정동주소":"경기도 안산시 단원구 고잔동 537-7,8번지",
            "도로명주소":"경기도 안산시 단원구",
            "세대수":80,
            "입주년차":100,
            "용적률점수":"--",
            "건폐율점수":"--",
            "세대당주차수":0,
            "난방방식":80,
            "공급면적":"--",
            "전용률":"--",
            "욕실수":50,
            "현관타입":100,
            "주거총점":71.0,
            "지역구공급총점":0.0,
            "역세권":80,
            "30분내 이동가능 거점":0,
            "1시간내 이동가능 거점":0,
            "교통총점":40.0,
            "백화점":100,
            "아울렛몰":0,
            "대형마트":80,
            "은행":100,
            "병원":100,
            "종합병원":100,
            "공원":0,
            "혐오시설":0,
            "인프라총점":82.0,
            "초등학군":90.0,
            "중학군":48.0,
            "학군총점":56.4,
            "인구수":35.4,
            "인구증감":-2.14,
            "인구총점":24.138,
            "일자리":20.67,
            "소득수준":62.84,
            "일자리총점":33.321,
            "가치 총점":61.26,
            "매매실거래년":"18000101",
            "매매실거래가":null,
            "전세실거래년":null,
            "전세실거래가":null,
            "전세가율":null,
            "장기전세가율평균":69.72,
            "전세가율거품지수":null,
            "검색코드":127505,
            "세대수":702.0,
            "준공년월":"2023-09-01",
            "준공년차":0.0,
            "가까운역이름":"중앙",
            "가까운역거리":340.53,
            "역세권여부":"역세권",
            "30분이내주요거점역":0,
            "30분거점역이름":"[]",
            "1시간이내주요거점역":0,
            "1시간거점역이름":"[]",
            "3km이내백화점수":1,
            "5km이내아울렛몰수":0,
            "1km이내대형먀트수":1,
            "500m이내은행수":6,
            "500m이내병원수":121,
            "5km이내대형병원수":4,
            "500m이내공원수":0,
            "3km이내혐오시설수":0,
            "초등학교학업성취도":90.0,
            "중학교학업성취도":78.6,
            "용적률":0,
            "건폐율":0,
            "Y":37.317242,
            "X":126.835087,
            "rank":7.0,
            "area_info":"15평(50.74), 16평(56.13), 16평(56.13), 20평(67.71), 22평(73.82), 22평(73.31), 24평(81.22), 24평(81.01), 25평(82.92), 26평(87.21), 26평(87.21), 28평(92.67), 30평(102.18), 31평(104.23), 31평(104.62), 31평(105.51), 31평(105.2), 42평(140.02)",
            "last_sales":"1800-01-01,nan,15평(50.74)",
            "rank_history":[
                [
                    "202202",
                    0
                ],
                [
                    "202201",
                    9999
                ]
            ],
            "rank_gap":9999
        },
        {
            "index":738,
            "아파트명":"초지역메이저타운푸르지오파크단지",
            "투자타입":"일반",
            "전용면적(m2)":"69.86",
            "전용면적(평)":"21평",
            "법정동주소":"경기도 안산시 단원구 초지동 802",
            "도로명주소":"경기도 안산시 단원구 원초로 90",
            "세대수":90,
            "입주년차":100,
            "용적률점수":"--",
            "건폐율점수":"--",
            "세대당주차수":30,
            "난방방식":100,
            "공급면적":"--",
            "전용률":"--",
            "욕실수":50,
            "현관타입":100,
            "주거총점":81.0,
            "지역구공급총점":0.0,
            "역세권":80,
            "30분내 이동가능 거점":20,
            "1시간내 이동가능 거점":50,
            "교통총점":56.0,
            "백화점":100,
            "아울렛몰":0,
            "대형마트":0,
            "은행":0,
            "병원":30,
            "종합병원":100,
            "공원":100,
            "혐오시설":0,
            "인프라총점":56.0,
            "초등학군":90.04,
            "중학군":43.62,
            "학군총점":52.904,
            "인구수":35.4,
            "인구증감":-2.14,
            "인구총점":24.138,
            "일자리":20.67,
            "소득수준":62.84,
            "일자리총점":33.321,
            "가치 총점":60.5356,
            "매매실거래년":20210602.0,
            "매매실거래가":90000.0,
            "전세실거래년":20211112.0,
            "전세실거래가":33000.0,
            "전세가율":58.93,
            "장기전세가율평균":69.72,
            "전세가율거품지수":10.79,
            "검색코드":114598,
            "세대수":1238.0,
            "준공년월":"2019-06-01",
            "준공년차":4.0,
            "가까운역이름":"초지",
            "가까운역거리":427.49,
            "역세권여부":"역세권",
            "30분이내주요거점역":1,
            "30분거점역이름":"['안산']",
            "1시간이내주요거점역":5,
            "1시간거점역이름":"['송도', '수원시청', '평촌', '수원', '안산']",
            "3km이내백화점수":1,
            "5km이내아울렛몰수":0,
            "1km이내대형먀트수":0,
            "500m이내은행수":1,
            "500m이내병원수":7,
            "5km이내대형병원수":3,
            "500m이내공원수":9,
            "3km이내혐오시설수":0,
            "초등학교학업성취도":90.04,
            "중학교학업성취도":72.5,
            "용적률":249,
            "건폐율":16,
            "Y":37.324275,
            "X":126.807509,
            "rank":8.0,
            "area_info":"21평(69.86), 24평(82.5), 24평(82.31), 24평(82.39), 28평(94.98), 32평(108.33)",
            "last_sales":"2021-06-02,90000.0,32평(108.33)",
            "rank_history":[
                [
                    "202202",
                    8
                ],
                [
                    "202201",
                    7
                ]
            ],
            "rank_gap":-1
        },
        {
            "index":38,
            "아파트명":"네오빌6단지",
            "투자타입":"일반",
            "전용면적(m2)":"92.64",
            "전용면적(평)":"28평",
            "법정동주소":"경기도 안산시 단원구 고잔동 767",
            "도로명주소":"경기도 안산시 단원구 광덕동로 78",
            "세대수":90,
            "입주년차":20,
            "용적률점수":"--",
            "건폐율점수":"--",
            "세대당주차수":30,
            "난방방식":100,
            "공급면적":"--",
            "전용률":"--",
            "욕실수":100,
            "현관타입":100,
            "주거총점":70.0,
            "지역구공급총점":0.0,
            "역세권":50,
            "30분내 이동가능 거점":20,
            "1시간내 이동가능 거점":50,
            "교통총점":41.0,
            "백화점":100,
            "아울렛몰":0,
            "대형마트":80,
            "은행":20,
            "병원":100,
            "종합병원":100,
            "공원":100,
            "혐오시설":0,
            "인프라총점":77.0,
            "초등학군":90.01,
            "중학군":50.38,
            "학군총점":58.306,
            "인구수":35.4,
            "인구증감":-2.14,
            "인구총점":24.138,
            "일자리":20.67,
            "소득수준":62.84,
            "일자리총점":33.321,
            "가치 총점":60.1959,
            "매매실거래년":20211209.0,
            "매매실거래가":54000.0,
            "전세실거래년":20211215.0,
            "전세실거래가":24200.0,
            "전세가율":48.4,
            "장기전세가율평균":69.72,
            "전세가율거품지수":21.32,
            "검색코드":8323,
            "세대수":1043.0,
            "준공년월":"2000-05-06",
            "준공년차":23.0,
            "가까운역이름":"중앙",
            "가까운역거리":656.3,
            "역세권여부":"준역세권",
            "30분이내주요거점역":1,
            "30분거점역이름":"['안산']",
            "1시간이내주요거점역":5,
            "1시간거점역이름":"['송도', '수원시청', '평촌', '수원', '안산']",
            "3km이내백화점수":1,
            "5km이내아울렛몰수":0,
            "1km이내대형먀트수":1,
            "500m이내은행수":2,
            "500m이내병원수":60,
            "5km이내대형병원수":4,
            "500m이내공원수":3,
            "3km이내혐오시설수":0,
            "초등학교학업성취도":90.01,
            "중학교학업성취도":83.1,
            "용적률":165,
            "건폐율":17,
            "Y":37.311107,
            "X":126.834315,
            "rank":9.0,
            "area_info":"28평(92.64), 31평(103.67), 31평(103.74)",
            "last_sales":"2021-12-09,54000.0,31평(103.74)",
            "rank_history":[
                [
                    "202202",
                    9
                ],
                [
                    "202201",
                    8
                ]
            ],
            "rank_gap":-1
        },
        {
            "index":691,
            "아파트명":"안산롯데캐슬더퍼스트",
            "투자타입":"일반",
            "전용면적(m2)":"79.51",
            "전용면적(평)":"24평",
            "법정동주소":"경기도 안산시 단원구 초지동 801",
            "도로명주소":"경기도 안산시 단원구 원초로 61",
            "세대수":50,
            "입주년차":80,
            "용적률점수":"--",
            "건폐율점수":"--",
            "세대당주차수":30,
            "난방방식":100,
            "공급면적":"--",
            "전용률":"--",
            "욕실수":100,
            "현관타입":100,
            "주거총점":68.0,
            "지역구공급총점":0.0,
            "역세권":50,
            "30분내 이동가능 거점":20,
            "1시간내 이동가능 거점":50,
            "교통총점":41.0,
            "백화점":100,
            "아울렛몰":0,
            "대형마트":80,
            "은행":70,
            "병원":80,
            "종합병원":100,
            "공원":100,
            "혐오시설":0,
            "인프라총점":80.0,
            "초등학군":90.04,
            "중학군":43.62,
            "학군총점":52.904,
            "인구수":35.4,
            "인구증감":-2.14,
            "인구총점":24.138,
            "일자리":20.67,
            "소득수준":62.84,
            "일자리총점":33.321,
            "가치 총점":59.8856,
            "매매실거래년":20211008.0,
            "매매실거래가":79500.0,
            "전세실거래년":20220113.0,
            "전세실거래가":22000.0,
            "전세가율":37.93,
            "장기전세가율평균":69.72,
            "전세가율거품지수":31.79,
            "검색코드":111252,
            "세대수":469.0,
            "준공년월":"2018-05-30",
            "준공년차":5.0,
            "가까운역이름":"초지",
            "가까운역거리":770.47,
            "역세권여부":"준역세권",
            "30분이내주요거점역":1,
            "30분거점역이름":"['안산']",
            "1시간이내주요거점역":5,
            "1시간거점역이름":"['송도', '수원시청', '평촌', '수원', '안산']",
            "3km이내백화점수":1,
            "5km이내아울렛몰수":0,
            "1km이내대형먀트수":1,
            "500m이내은행수":3,
            "500m이내병원수":36,
            "5km이내대형병원수":3,
            "500m이내공원수":8,
            "3km이내혐오시설수":0,
            "초등학교학업성취도":90.04,
            "중학교학업성취도":72.5,
            "용적률":239,
            "건폐율":15,
            "Y":37.32757,
            "X":126.805581,
            "rank":10.0,
            "area_info":"24평(79.51), 29평(98.65), 33평(110.82), 33평(110.77), 33평(111.55), 43평(144.05)",
            "last_sales":"2021-10-08,79500.0,33평(111.55)",
            "rank_history":[
                [
                    "202202",
                    10
                ],
                [
                    "202201",
                    9
                ]
            ],
            "rank_gap":-1
        },
        {
            "index":241,
            "아파트명":"안산고잔푸르지오5차",
            "투자타입":"일반",
            "전용면적(m2)":"81.31",
            "전용면적(평)":"24평",
            "법정동주소":"경기도 안산시 단원구 고잔동 712",
            "도로명주소":"경기도 안산시 단원구 광덕2로 121",
            "세대수":90,
            "입주년차":20,
            "용적률점수":"--",
            "건폐율점수":"--",
            "세대당주차수":30,
            "난방방식":100,
            "공급면적":"--",
            "전용률":"--",
            "욕실수":100,
            "현관타입":100,
            "주거총점":70.0,
            "지역구공급총점":0.0,
            "역세권":50,
            "30분내 이동가능 거점":20,
            "1시간내 이동가능 거점":50,
            "교통총점":41.0,
            "백화점":100,
            "아울렛몰":0,
            "대형마트":80,
            "은행":20,
            "병원":60,
            "종합병원":100,
            "공원":100,
            "혐오시설":0,
            "인프라총점":73.0,
            "초등학군":90.01,
            "중학군":48.12,
            "학군총점":56.498,
            "인구수":35.4,
            "인구증감":-2.14,
            "인구총점":24.138,
            "일자리":20.67,
            "소득수준":62.84,
            "일자리총점":33.321,
            "가치 총점":58.7247,
            "매매실거래년":20210916.0,
            "매매실거래가":60000.0,
            "전세실거래년":20220122.0,
            "전세실거래가":23100.0,
            "전세가율":46.67,
            "장기전세가율평균":69.72,
            "전세가율거품지수":23.05,
            "검색코드":8508,
            "세대수":1113.0,
            "준공년월":"2003-05-23",
            "준공년차":20.0,
            "가까운역이름":"고잔",
            "가까운역거리":588.64,
            "역세권여부":"준역세권",
            "30분이내주요거점역":1,
            "30분거점역이름":"['안산']",
            "1시간이내주요거점역":5,
            "1시간거점역이름":"['송도', '수원시청', '평촌', '수원', '안산']",
            "3km이내백화점수":1,
            "5km이내아울렛몰수":0,
            "1km이내대형먀트수":1,
            "500m이내은행수":2,
            "500m이내병원수":28,
            "5km이내대형병원수":4,
            "500m이내공원수":2,
            "3km이내혐오시설수":0,
            "초등학교학업성취도":90.01,
            "중학교학업성취도":79.6,
            "용적률":168,
            "건폐율":15,
            "Y":37.311519,
            "X":126.824021,
            "rank":11.0,
            "area_info":"24평(81.31), 27평(89.85), 32평(105.81), 32평(105.8)",
            "last_sales":"2021-09-16,60000.0,32평(105.8)",
            "rank_history":[
                [
                    "202202",
                    11
                ],
                [
                    "202201",
                    12
                ]
            ],
            "rank_gap":1
        },
        {
            "index":321,
            "아파트명":"주공그린빌7단지",
            "투자타입":"일반",
            "전용면적(m2)":"95.05",
            "전용면적(평)":"28평",
            "법정동주소":"경기도 안산시 단원구 고잔동 776",
            "도로명주소":"경기도 안산시 단원구 광덕2로 216",
            "세대수":50,
            "입주년차":20,
            "용적률점수":"--",
            "건폐율점수":"--",
            "세대당주차수":30,
            "난방방식":100,
            "공급면적":"--",
            "전용률":"--",
            "욕실수":100,
            "현관타입":100,
            "주거총점":56.0,
            "지역구공급총점":0.0,
            "역세권":50,
            "30분내 이동가능 거점":20,
            "1시간내 이동가능 거점":50,
            "교통총점":41.0,
            "백화점":100,
            "아울렛몰":0,
            "대형마트":80,
            "은행":70,
            "병원":80,
            "종합병원":100,
            "공원":100,
            "혐오시설":0,
            "인프라총점":80.0,
            "초등학군":90.01,
            "중학군":51.78,
            "학군총점":59.426,
            "인구수":35.4,
            "인구증감":-2.14,
            "인구총점":24.138,
            "일자리":20.67,
            "소득수준":62.84,
            "일자리총점":33.321,
            "가치 총점":58.4639,
            "매매실거래년":20210717.0,
            "매매실거래가":61000.0,
            "전세실거래년":20220127.0,
            "전세실거래가":27500.0,
            "전세가율":54.13,
            "장기전세가율평균":69.72,
            "전세가율거품지수":15.59,
            "검색코드":3666,
            "세대수":570.0,
            "준공년월":"2001-11-12",
            "준공년차":22.0,
            "가까운역이름":"중앙",
            "가까운역거리":881.46,
            "역세권여부":"준역세권",
            "30분이내주요거점역":1,
            "30분거점역이름":"['안산']",
            "1시간이내주요거점역":5,
            "1시간거점역이름":"['송도', '수원시청', '평촌', '수원', '안산']",
            "3km이내백화점수":1,
            "5km이내아울렛몰수":0,
            "1km이내대형먀트수":1,
            "500m이내은행수":3,
            "500m이내병원수":55,
            "5km이내대형병원수":4,
            "500m이내공원수":2,
            "3km이내혐오시설수":0,
            "초등학교학업성취도":90.01,
            "중학교학업성취도":84.9,
            "용적률":164,
            "건폐율":17,
            "Y":37.309029,
            "X":126.833693,
            "rank":12.0,
            "area_info":"28평(95.05), 28평(95.1), 28평(95.1), 28평(95.1), 32평(106.34), 32평(106.39), 32평(106.57), 32평(106.39)",
            "last_sales":"2021-07-17,61000.0,32평(106.57)",
            "rank_history":[
                [
                    "202202",
                    12
                ],
                [
                    "202201",
                    10
                ]
            ],
            "rank_gap":-2
        },
        {
            "index":329,
            "아파트명":"주공그린빌8단지",
            "투자타입":"일반",
            "전용면적(m2)":"93.23",
            "전용면적(평)":"28평",
            "법정동주소":"경기도 안산시 단원구 고잔동 766",
            "도로명주소":"경기도 안산시 단원구 광덕2로 241",
            "세대수":80,
            "입주년차":20,
            "용적률점수":"--",
            "건폐율점수":"--",
            "세대당주차수":30,
            "난방방식":100,
            "공급면적":"--",
            "전용률":"--",
            "욕실수":100,
            "현관타입":100,
            "주거총점":66.5,
            "지역구공급총점":0.0,
            "역세권":50,
            "30분내 이동가능 거점":20,
            "1시간내 이동가능 거점":60,
            "교통총점":43.0,
            "백화점":100,
            "아울렛몰":0,
            "대형마트":80,
            "은행":0,
            "병원":60,
            "종합병원":100,
            "공원":100,
            "혐오시설":0,
            "인프라총점":71.0,
            "초등학군":90.01,
            "중학군":50.38,
            "학군총점":58.306,
            "인구수":35.4,
            "인구증감":-2.14,
            "인구총점":24.138,
            "일자리":20.67,
            "소득수준":62.84,
            "일자리총점":33.321,
            "가치 총점":58.3959,
            "매매실거래년":20210913.0,
            "매매실거래가":62500.0,
            "전세실거래년":20220121.0,
            "전세실거래가":26000.0,
            "전세가율":47.71,
            "장기전세가율평균":69.72,
            "전세가율거품지수":22.01,
            "검색코드":3667,
            "세대수":802.0,
            "준공년월":"2001-11-27",
            "준공년차":22.0,
            "가까운역이름":"중앙",
            "가까운역거리":599.0,
            "역세권여부":"준역세권",
            "30분이내주요거점역":1,
            "30분거점역이름":"['안산']",
            "1시간이내주요거점역":6,
            "1시간거점역이름":"['송도', '수원시청', '평촌', '가산디지털단지', '수원', '안산']",
            "3km이내백화점수":1,
            "5km이내아울렛몰수":0,
            "1km이내대형먀트수":1,
            "500m이내은행수":1,
            "500m이내병원수":21,
            "5km이내대형병원수":4,
            "500m이내공원수":4,
            "3km이내혐오시설수":0,
            "초등학교학업성취도":90.01,
            "중학교학업성취도":83.1,
            "용적률":169,
            "건폐율":19,
            "Y":37.310608,
            "X":126.837617,
            "rank":13.0,
            "area_info":"28평(93.23), 28평(93.28), 28평(93.52), 28평(93.49), 28평(93.46), 28평(93.68), 31평(104.48), 31평(104.23)",
            "last_sales":"2021-09-13,62500.0,31평(104.48)",
            "rank_history":[
                [
                    "202202",
                    13
                ],
                [
                    "202201",
                    11
                ]
            ],
            "rank_gap":-2
        },
        {
            "index":707,
            "아파트명":"주공그린빌12단지",
            "투자타입":"일반",
            "전용면적(m2)":"97.47",
            "전용면적(평)":"29평",
            "법정동주소":"경기도 안산시 단원구 초지동 730",
            "도로명주소":"경기도 안산시 단원구 광덕2로 74",
            "세대수":80,
            "입주년차":20,
            "용적률점수":"--",
            "건폐율점수":"--",
            "세대당주차수":30,
            "난방방식":100,
            "공급면적":"--",
            "전용률":"--",
            "욕실수":100,
            "현관타입":100,
            "주거총점":66.5,
            "지역구공급총점":0.0,
            "역세권":50,
            "30분내 이동가능 거점":20,
            "1시간내 이동가능 거점":50,
            "교통총점":41.0,
            "백화점":100,
            "아울렛몰":0,
            "대형마트":100,
            "은행":0,
            "병원":60,
            "종합병원":100,
            "공원":100,
            "혐오시설":0,
            "인프라총점":74.0,
            "초등학군":90.01,
            "중학군":48.12,
            "학군총점":56.498,
            "인구수":35.4,
            "인구증감":-2.14,
            "인구총점":24.138,
            "일자리":20.67,
            "소득수준":62.84,
            "일자리총점":33.321,
            "가치 총점":58.3247,
            "매매실거래년":20211127.0,
            "매매실거래가":45500.0,
            "전세실거래년":20211225.0,
            "전세실거래가":24000.0,
            "전세가율":52.75,
            "장기전세가율평균":69.72,
            "전세가율거품지수":16.97,
            "검색코드":8392,
            "세대수":715.0,
            "준공년월":"2003-08-29",
            "준공년차":20.0,
            "가까운역이름":"고잔",
            "가까운역거리":913.53,
            "역세권여부":"준역세권",
            "30분이내주요거점역":1,
            "30분거점역이름":"['안산']",
            "1시간이내주요거점역":5,
            "1시간거점역이름":"['송도', '수원시청', '평촌', '수원', '안산']",
            "3km이내백화점수":1,
            "5km이내아울렛몰수":0,
            "1km이내대형먀트수":2,
            "500m이내은행수":1,
            "500m이내병원수":19,
            "5km이내대형병원수":4,
            "500m이내공원수":3,
            "3km이내혐오시설수":0,
            "초등학교학업성취도":90.01,
            "중학교학업성취도":79.6,
            "용적률":162,
            "건폐율":15,
            "Y":37.309499,
            "X":126.818457,
            "rank":14.0,
            "area_info":"29평(97.47), 32평(108.96), 32평(109.01)",
            "last_sales":"2021-11-27,45500.0,29평(97.47)",
            "rank_history":[
                [
                    "202202",
                    14
                ],
                [
                    "202201",
                    13
                ]
            ],
            "rank_gap":-1
        },
        {
            "index":667,
            "아파트명":"경남아너스빌",
            "투자타입":"일반",
            "전용면적(m2)":"77.55",
            "전용면적(평)":"23평",
            "법정동주소":"경기도 안산시 단원구 원곡동 938",
            "도로명주소":"경기도 안산시 단원구 원선1로 61",
            "세대수":90,
            "입주년차":40,
            "용적률점수":"--",
            "건폐율점수":"--",
            "세대당주차수":30,
            "난방방식":30,
            "공급면적":"--",
            "전용률":"--",
            "욕실수":100,
            "현관타입":100,
            "주거총점":67.0,
            "지역구공급총점":0.0,
            "역세권":50,
            "30분내 이동가능 거점":20,
            "1시간내 이동가능 거점":40,
            "교통총점":39.0,
            "백화점":100,
            "아울렛몰":0,
            "대형마트":100,
            "은행":20,
            "병원":80,
            "종합병원":100,
            "공원":80,
            "혐오시설":0,
            "인프라총점":77.4,
            "초등학군":90.04,
            "중학군":43.62,
            "학군총점":52.904,
            "인구수":35.4,
            "인구증감":-2.14,
            "인구총점":24.138,
            "일자리":20.67,
            "소득수준":62.84,
            "일자리총점":33.321,
            "가치 총점":58.2056,
            "매매실거래년":20211206.0,
            "매매실거래가":48500.0,
            "전세실거래년":20220110.0,
            "전세실거래가":32000.0,
            "전세가율":65.98,
            "장기전세가율평균":69.72,
            "전세가율거품지수":3.74,
            "검색코드":13195,
            "세대수":1370.0,
            "준공년월":"2005-10-25",
            "준공년차":18.0,
            "가까운역이름":"초지",
            "가까운역거리":967.0,
            "역세권여부":"준역세권",
            "30분이내주요거점역":1,
            "30분거점역이름":"['안산']",
            "1시간이내주요거점역":4,
            "1시간거점역이름":"['수원시청', '평촌', '수원', '안산']",
            "3km이내백화점수":1,
            "5km이내아울렛몰수":0,
            "1km이내대형먀트수":4,
            "500m이내은행수":2,
            "500m이내병원수":35,
            "5km이내대형병원수":3,
            "500m이내공원수":1,
            "3km이내혐오시설수":0,
            "초등학교학업성취도":90.04,
            "중학교학업성취도":72.5,
            "용적률":297,
            "건폐율":18,
            "Y":37.329263,
            "X":126.804438,
            "rank":15.0,
            "area_info":"23평(77.55), 23평(77.43), 29평(96.77), 29평(96.33), 33평(109.86), 45평(149.04)",
            "last_sales":"2021-12-06,48500.0,23평(77.55)",
            "rank_history":[
                [
                    "202202",
                    15
                ],
                [
                    "202201",
                    15
                ]
            ],
            "rank_gap":0
        },
        {
            "index":697,
            "아파트명":"안산초지두산위브",
            "투자타입":"일반",
            "전용면적(m2)":"78.3",
            "전용면적(평)":"23평",
            "법정동주소":"경기도 안산시 단원구 초지동 796",
            "도로명주소":"경기도 안산시 단원구 원선1로 38",
            "세대수":50,
            "입주년차":80,
            "용적률점수":"--",
            "건폐율점수":"--",
            "세대당주차수":60,
            "난방방식":100,
            "공급면적":"--",
            "전용률":"--",
            "욕실수":100,
            "현관타입":100,
            "주거총점":72.5,
            "지역구공급총점":0.0,
            "역세권":50,
            "30분내 이동가능 거점":20,
            "1시간내 이동가능 거점":50,
            "교통총점":41.0,
            "백화점":100,
            "아울렛몰":0,
            "대형마트":0,
            "은행":70,
            "병원":80,
            "종합병원":100,
            "공원":100,
            "혐오시설":0,
            "인프라총점":68.0,
            "초등학군":90.04,
            "중학군":43.62,
            "학군총점":52.904,
            "인구수":35.4,
            "인구증감":-2.14,
            "인구총점":24.138,
            "일자리":20.67,
            "소득수준":62.84,
            "일자리총점":33.321,
            "가치 총점":57.1856,
            "매매실거래년":20210224.0,
            "매매실거래가":75500.0,
            "전세실거래년":null,
            "전세실거래가":null,
            "전세가율":null,
            "장기전세가율평균":69.72,
            "전세가율거품지수":null,
            "검색코드":107490,
            "세대수":695.0,
            "준공년월":"2015-07-10",
            "준공년차":8.0,
            "가까운역이름":"초지",
            "가까운역거리":606.88,
            "역세권여부":"준역세권",
            "30분이내주요거점역":1,
            "30분거점역이름":"['안산']",
            "1시간이내주요거점역":5,
            "1시간거점역이름":"['송도', '수원시청', '평촌', '수원', '안산']",
            "3km이내백화점수":1,
            "5km이내아울렛몰수":0,
            "1km이내대형먀트수":0,
            "500m이내은행수":3,
            "500m이내병원수":36,
            "5km이내대형병원수":3,
            "500m이내공원수":9,
            "3km이내혐오시설수":0,
            "초등학교학업성취도":90.04,
            "중학교학업성취도":72.5,
            "용적률":244,
            "건폐율":15,
            "Y":37.325881,
            "X":126.803972,
            "rank":16.0,
            "area_info":"23평(78.3), 24평(79.35), 33평(109.96), 33평(109.79), 33평(110.84), 33평(110.58), 39평(131.27), 45평(150.21)",
            "last_sales":"2021-02-24,75500.0,45평(150.21)",
            "rank_history":[
                [
                    "202202",
                    16
                ],
                [
                    "202201",
                    16
                ]
            ],
            "rank_gap":0
        },
        {
            "index":479,
            "아파트명":"e편한세상선부파크플레이스",
            "투자타입":"일반",
            "전용면적(m2)":"82.38",
            "전용면적(평)":"24평",
            "법정동주소":"경기도 안산시 단원구 선부동 1186",
            "도로명주소":"경기도 안산시 단원구 선부광장남로 63",
            "세대수":50,
            "입주년차":80,
            "용적률점수":"--",
            "건폐율점수":"--",
            "세대당주차수":30,
            "난방방식":100,
            "공급면적":"--",
            "전용률":"--",
            "욕실수":100,
            "현관타입":100,
            "주거총점":68.0,
            "지역구공급총점":0.0,
            "역세권":50,
            "30분내 이동가능 거점":20,
            "1시간내 이동가능 거점":50,
            "교통총점":41.0,
            "백화점":100,
            "아울렛몰":0,
            "대형마트":100,
            "은행":0,
            "병원":10,
            "종합병원":100,
            "공원":100,
            "혐오시설":0,
            "인프라총점":69.0,
            "초등학군":90.04,
            "중학군":43.62,
            "학군총점":52.904,
            "인구수":35.4,
            "인구증감":-2.14,
            "인구총점":24.138,
            "일자리":20.67,
            "소득수준":62.84,
            "일자리총점":33.321,
            "가치 총점":56.5856,
            "매매실거래년":20210907.0,
            "매매실거래가":73800.0,
            "전세실거래년":20220113.0,
            "전세실거래가":18900.0,
            "전세가율":31.51,
            "장기전세가율평균":69.72,
            "전세가율거품지수":38.21,
            "검색코드":113281,
            "세대수":414.0,
            "준공년월":"2018-10-28",
            "준공년차":5.0,
            "가까운역이름":"초지",
            "가까운역거리":881.82,
            "역세권여부":"준역세권",
            "30분이내주요거점역":1,
            "30분거점역이름":"['안산']",
            "1시간이내주요거점역":5,
            "1시간거점역이름":"['송도', '수원시청', '평촌', '수원', '안산']",
            "3km이내백화점수":1,
            "5km이내아울렛몰수":0,
            "1km이내대형먀트수":4,
            "500m이내은행수":1,
            "500m이내병원수":3,
            "5km이내대형병원수":3,
            "500m이내공원수":4,
            "3km이내혐오시설수":0,
            "초등학교학업성취도":90.04,
            "중학교학업성취도":72.5,
            "용적률":254,
            "건폐율":18,
            "Y":37.328397,
            "X":126.808022,
            "rank":17.0,
            "area_info":"24평(82.38), 24평(82.14), 34평(115.19)",
            "last_sales":"2021-09-07,73800.0,34평(115.19)",
            "rank_history":[
                [
                    "202202",
                    17
                ],
                [
                    "202201",
                    19
                ]
            ],
            "rank_gap":2
        },
        {
            "index":705,
            "아파트명":"주공그린빌11단지",
            "투자타입":"일반",
            "전용면적(m2)":"98.03",
            "전용면적(평)":"29평",
            "법정동주소":"경기도 안산시 단원구 초지동 723",
            "도로명주소":"경기도 안산시 단원구 화정천서로 161",
            "세대수":80,
            "입주년차":20,
            "용적률점수":"--",
            "건폐율점수":"--",
            "세대당주차수":30,
            "난방방식":100,
            "공급면적":"--",
            "전용률":"--",
            "욕실수":100,
            "현관타입":100,
            "주거총점":66.5,
            "지역구공급총점":0.0,
            "역세권":50,
            "30분내 이동가능 거점":20,
            "1시간내 이동가능 거점":50,
            "교통총점":41.0,
            "백화점":100,
            "아울렛몰":0,
            "대형마트":80,
            "은행":0,
            "병원":30,
            "종합병원":100,
            "공원":100,
            "혐오시설":0,
            "인프라총점":68.0,
            "초등학군":90.01,
            "중학군":48.12,
            "학군총점":56.498,
            "인구수":35.4,
            "인구증감":-2.14,
            "인구총점":24.138,
            "일자리":20.67,
            "소득수준":62.84,
            "일자리총점":33.321,
            "가치 총점":56.5247,
            "매매실거래년":20211223.0,
            "매매실거래가":47000.0,
            "전세실거래년":20220125.0,
            "전세실거래가":38000.0,
            "전세가율":80.85,
            "장기전세가율평균":69.72,
            "전세가율거품지수":-11.13,
            "검색코드":8391,
            "세대수":876.0,
            "준공년월":"2003-10-08",
            "준공년차":20.0,
            "가까운역이름":"고잔",
            "가까운역거리":676.34,
            "역세권여부":"준역세권",
            "30분이내주요거점역":1,
            "30분거점역이름":"['안산']",
            "1시간이내주요거점역":5,
            "1시간거점역이름":"['송도', '수원시청', '평촌', '수원', '안산']",
            "3km이내백화점수":1,
            "5km이내아울렛몰수":0,
            "1km이내대형먀트수":1,
            "500m이내은행수":1,
            "500m이내병원수":6,
            "5km이내대형병원수":4,
            "500m이내공원수":4,
            "3km이내혐오시설수":0,
            "초등학교학업성취도":90.01,
            "중학교학업성취도":79.6,
            "용적률":165,
            "건폐율":16,
            "Y":37.311934,
            "X":126.818622,
            "rank":18.0,
            "area_info":"29평(98.03), 33평(109.64)",
            "last_sales":"2021-12-23,47000.0,29평(98.03)",
            "rank_history":[
                [
                    "202202",
                    18
                ],
                [
                    "202201",
                    20
                ]
            ],
            "rank_gap":2
        },
        {
            "index":12,
            "아파트명":"고잔롯데캐슬골드파크",
            "투자타입":"일반",
            "전용면적(m2)":"73.38",
            "전용면적(평)":"22평",
            "법정동주소":"경기도 안산시 단원구 고잔동 852",
            "도로명주소":"경기도 안산시 단원구 적금로 164",
            "세대수":90,
            "입주년차":80,
            "용적률점수":"--",
            "건폐율점수":"--",
            "세대당주차수":30,
            "난방방식":30,
            "공급면적":"--",
            "전용률":"--",
            "욕실수":100,
            "현관타입":100,
            "주거총점":75.0,
            "지역구공급총점":0.0,
            "역세권":50,
            "30분내 이동가능 거점":20,
            "1시간내 이동가능 거점":50,
            "교통총점":41.0,
            "백화점":100,
            "아울렛몰":0,
            "대형마트":0,
            "은행":100,
            "병원":30,
            "종합병원":100,
            "공원":100,
            "혐오시설":0,
            "인프라총점":66.0,
            "초등학군":90.0,
            "중학군":38.16,
            "학군총점":48.528,
            "인구수":35.4,
            "인구증감":-2.14,
            "인구총점":24.138,
            "일자리":20.67,
            "소득수준":62.84,
            "일자리총점":33.321,
            "가치 총점":56.4292,
            "매매실거래년":20211015.0,
            "매매실거래가":63300.0,
            "전세실거래년":20210902.0,
            "전세실거래가":30000.0,
            "전세가율":58.25,
            "장기전세가율평균":69.72,
            "전세가율거품지수":11.47,
            "검색코드":112380,
            "세대수":1005.0,
            "준공년월":"2018-10-30",
            "준공년차":5.0,
            "가까운역이름":"고잔",
            "가까운역거리":719.17,
            "역세권여부":"준역세권",
            "30분이내주요거점역":1,
            "30분거점역이름":"['안산']",
            "1시간이내주요거점역":5,
            "1시간거점역이름":"['송도', '수원시청', '평촌', '수원', '안산']",
            "3km이내백화점수":1,
            "5km이내아울렛몰수":0,
            "1km이내대형먀트수":0,
            "500m이내은행수":5,
            "500m이내병원수":8,
            "5km이내대형병원수":4,
            "500m이내공원수":2,
            "3km이내혐오시설수":0,
            "초등학교학업성취도":90.0,
            "중학교학업성취도":63.0,
            "용적률":249,
            "건폐율":18,
            "Y":37.322225,
            "X":126.827632,
            "rank":19.0,
            "area_info":"22평(73.38), 22평(75.52), 25평(83.58), 25평(84.55), 25평(84.0), 25평(84.31), 29평(98.8), 33평(110.87), 33평(111.21)",
            "last_sales":"2021-10-15,63300.0,25평(84.31)",
            "rank_history":[
                [
                    "202202",
                    19
                ],
                [
                    "202201",
                    17
                ]
            ],
            "rank_gap":-2
        },
        {
            "index":55,
            "아파트명":"단원금강",
            "투자타입":"일반",
            "전용면적(m2)":"86.17",
            "전용면적(평)":"26평",
            "법정동주소":"경기도 안산시 단원구 고잔동 714",
            "도로명주소":"경기도 안산시 단원구 광덕서로 43",
            "세대수":50,
            "입주년차":20,
            "용적률점수":"--",
            "건폐율점수":"--",
            "세대당주차수":30,
            "난방방식":100,
            "공급면적":"--",
            "전용률":"--",
            "욕실수":100,
            "현관타입":100,
            "주거총점":56.0,
            "지역구공급총점":0.0,
            "역세권":50,
            "30분내 이동가능 거점":0,
            "1시간내 이동가능 거점":50,
            "교통총점":35.0,
            "백화점":100,
            "아울렛몰":0,
            "대형마트":80,
            "은행":70,
            "병원":80,
            "종합병원":100,
            "공원":80,
            "혐오시설":0,
            "인프라총점":79.4,
            "초등학군":90.01,
            "중학군":51.78,
            "학군총점":59.426,
            "인구수":35.4,
            "인구증감":-2.14,
            "인구총점":24.138,
            "일자리":20.67,
            "소득수준":62.84,
            "일자리총점":33.321,
            "가치 총점":56.1839,
            "매매실거래년":20211231.0,
            "매매실거래가":50500.0,
            "전세실거래년":20211018.0,
            "전세실거래가":25500.0,
            "전세가율":50.5,
            "장기전세가율평균":69.72,
            "전세가율거품지수":19.22,
            "검색코드":3659,
            "세대수":400.0,
            "준공년월":"2002-09-04",
            "준공년차":21.0,
            "가까운역이름":"고잔",
            "가까운역거리":887.4,
            "역세권여부":"준역세권",
            "30분이내주요거점역":0,
            "30분거점역이름":"[]",
            "1시간이내주요거점역":5,
            "1시간거점역이름":"['송도', '수원시청', '평촌', '수원', '안산']",
            "3km이내백화점수":1,
            "5km이내아울렛몰수":0,
            "1km이내대형먀트수":1,
            "500m이내은행수":3,
            "500m이내병원수":33,
            "5km이내대형병원수":4,
            "500m이내공원수":1,
            "3km이내혐오시설수":0,
            "초등학교학업성취도":90.01,
            "중학교학업성취도":84.9,
            "용적률":168,
            "건폐율":19,
            "Y":37.309144,
            "X":126.826178,
            "rank":20.0,
            "area_info":"26평(86.17), 28평(92.59), 33평(111.35)",
            "last_sales":"2021-12-31,50500.0,26평(86.17)",
            "rank_history":[
                [
                    "202202",
                    20
                ],
                [
                    "202201",
                    18
                ]
            ],
            "rank_gap":-2
        },
        {
            "index":313,
            "아파트명":"주공9단지",
            "투자타입":"재건축",
            "전용면적(m2)":"75.45",
            "전용면적(평)":"22평",
            "법정동주소":"경기도 안산시 단원구 고잔동 672",
            "도로명주소":"경기도 안산시 단원구 당곡2로 30",
            "세대수":90,
            "입주년차":"--",
            "용적률점수":80,
            "건폐율점수":0,
            "세대당주차수":"--",
            "난방방식":"--",
            "공급면적":50,
            "전용률":60,
            "욕실수":"--",
            "현관타입":"--",
            "주거총점":64.5,
            "지역구공급총점":0.0,
            "역세권":50,
            "30분내 이동가능 거점":0,
            "1시간내 이동가능 거점":50,
            "교통총점":35.0,
            "백화점":100,
            "아울렛몰":0,
            "대형마트":100,
            "은행":0,
            "병원":60,
            "종합병원":100,
            "공원":80,
            "혐오시설":0,
            "인프라총점":73.4,
            "초등학군":90.0,
            "중학군":48.0,
            "학군총점":56.4,
            "인구수":35.4,
            "인구증감":-2.14,
            "인구총점":24.138,
            "일자리":20.67,
            "소득수준":62.84,
            "일자리총점":33.321,
            "가치 총점":55.63,
            "매매실거래년":20211110.0,
            "매매실거래가":51000.0,
            "전세실거래년":20220110.0,
            "전세실거래가":14700.0,
            "전세가율":37.89,
            "장기전세가율평균":69.72,
            "전세가율거품지수":31.83,
            "검색코드":1921,
            "세대수":1320.0,
            "준공년월":"1986-12-01",
            "준공년차":37.0,
            "가까운역이름":"중앙",
            "가까운역거리":792.3,
            "역세권여부":"준역세권",
            "30분이내주요거점역":0,
            "30분거점역이름":"[]",
            "1시간이내주요거점역":5,
            "1시간거점역이름":"['송도', '수원시청', '평촌', '수원', '안산']",
            "3km이내백화점수":1,
            "5km이내아울렛몰수":0,
            "1km이내대형먀트수":2,
            "500m이내은행수":1,
            "500m이내병원수":12,
            "5km이내대형병원수":4,
            "500m이내공원수":1,
            "3km이내혐오시설수":0,
            "초등학교학업성취도":90.0,
            "중학교학업성취도":78.6,
            "용적률":171,
            "건폐율":0,
            "Y":37.323064,
            "X":126.838802,
            "rank":21.0,
            "area_info":"22평(75.45), 25평(83.73), 26평(88.81), 27평(90.58), 27평(90.34), 27평(91.56), 28평(94.23), 28평(94.57)",
            "last_sales":"2021-11-10,51000.0,28평(94.23)",
            "rank_history":[
                [
                    "202202",
                    21
                ],
                [
                    "202201",
                    21
                ]
            ],
            "rank_gap":0
        },
        {
            "index":266,
            "아파트명":"안산중앙리베로",
            "투자타입":"일반",
            "전용면적(m2)":"58.93",
            "전용면적(평)":"17평",
            "법정동주소":"경기도 안산시 단원구 고잔동 541-3",
            "도로명주소":"경기도 안산시 단원구",
            "세대수":30,
            "입주년차":100,
            "용적률점수":"--",
            "건폐율점수":"--",
            "세대당주차수":0,
            "난방방식":30,
            "공급면적":"--",
            "전용률":"--",
            "욕실수":50,
            "현관타입":10,
            "주거총점":39.5,
            "지역구공급총점":0.0,
            "역세권":80,
            "30분내 이동가능 거점":0,
            "1시간내 이동가능 거점":0,
            "교통총점":40.0,
            "백화점":100,
            "아울렛몰":0,
            "대형마트":80,
            "은행":70,
            "병원":100,
            "종합병원":100,
            "공원":100,
            "혐오시설":0,
            "인프라총점":82.0,
            "초등학군":90.0,
            "중학군":48.0,
            "학군총점":56.4,
            "인구수":35.4,
            "인구증감":-2.14,
            "인구총점":24.138,
            "일자리":20.67,
            "소득수준":62.84,
            "일자리총점":33.321,
            "가치 총점":54.96,
            "매매실거래년":20211206.0,
            "매매실거래가":23031.0,
            "전세실거래년":20211204.0,
            "전세실거래가":12000.0,
            "전세가율":86.02,
            "장기전세가율평균":69.72,
            "전세가율거품지수":-16.3,
            "검색코드":127472,
            "세대수":389.0,
            "준공년월":"2020-12-01",
            "준공년차":3.0,
            "가까운역이름":"중앙",
            "가까운역거리":179.2,
            "역세권여부":"역세권",
            "30분이내주요거점역":0,
            "30분거점역이름":"[]",
            "1시간이내주요거점역":0,
            "1시간거점역이름":"[]",
            "3km이내백화점수":1,
            "5km이내아울렛몰수":0,
            "1km이내대형먀트수":1,
            "500m이내은행수":4,
            "500m이내병원수":104,
            "5km이내대형병원수":4,
            "500m이내공원수":4,
            "3km이내혐오시설수":0,
            "초등학교학업성취도":90.0,
            "중학교학업성취도":78.6,
            "용적률":806,
            "건폐율":70,
            "Y":37.317152,
            "X":126.83991,
            "rank":22.0,
            "area_info":"17평(58.93), 28평(94.1), 29평(97.0), 29평(97.0)",
            "last_sales":"2021-12-06,23031.0,28평(94.1)",
            "rank_history":[
                [
                    "202202",
                    0
                ],
                [
                    "202201",
                    9999
                ]
            ],
            "rank_gap":9999
        },
        {
            "index":508,
            "아파트명":"군자주공15단지",
            "투자타입":"재건축",
            "전용면적(m2)":"49.9",
            "전용면적(평)":"15평",
            "법정동주소":"경기도 안산시 단원구 선부동 1080",
            "도로명주소":"경기도 안산시 단원구 선부광장1로 81",
            "세대수":90,
            "입주년차":"--",
            "용적률점수":100,
            "건폐율점수":100,
            "세대당주차수":"--",
            "난방방식":"--",
            "공급면적":50,
            "전용률":60,
            "욕실수":"--",
            "현관타입":"--",
            "주거총점":92.5,
            "지역구공급총점":0.0,
            "역세권":0,
            "30분내 이동가능 거점":20,
            "1시간내 이동가능 거점":40,
            "교통총점":14.0,
            "백화점":100,
            "아울렛몰":0,
            "대형마트":100,
            "은행":20,
            "병원":80,
            "종합병원":100,
            "공원":100,
            "혐오시설":0,
            "인프라총점":78.0,
            "초등학군":90.01,
            "중학군":41.26,
            "학군총점":51.01,
            "인구수":35.4,
            "인구증감":-2.14,
            "인구총점":24.138,
            "일자리":20.67,
            "소득수준":62.84,
            "일자리총점":33.321,
            "가치 총점":54.4515,
            "매매실거래년":20211120.0,
            "매매실거래가":31900.0,
            "전세실거래년":20211204.0,
            "전세실거래가":8700.0,
            "전세가율":27.27,
            "장기전세가율평균":69.72,
            "전세가율거품지수":42.45,
            "검색코드":1948,
            "세대수":1210.0,
            "준공년월":"1992-05-18",
            "준공년차":31.0,
            "가까운역이름":"초지",
            "가까운역거리":1831.75,
            "역세권여부":"비역세권",
            "30분이내주요거점역":1,
            "30분거점역이름":"['안산']",
            "1시간이내주요거점역":4,
            "1시간거점역이름":"['수원시청', '평촌', '수원', '안산']",
            "3km이내백화점수":1,
            "5km이내아울렛몰수":0,
            "1km이내대형먀트수":5,
            "500m이내은행수":2,
            "500m이내병원수":56,
            "5km이내대형병원수":3,
            "500m이내공원수":2,
            "3km이내혐오시설수":0,
            "초등학교학업성취도":90.01,
            "중학교학업성취도":67.7,
            "용적률":117,
            "건폐율":14,
            "Y":37.335548,
            "X":126.814743,
            "rank":23.0,
            "area_info":"15평(49.9), 15평(50.33), 17평(56.84), 17평(58.01), 17평(58.37), 20평(68.73)",
            "last_sales":"2021-11-20,31900.0,15평(49.9)",
            "rank_history":[
                [
                    "202202",
                    23
                ],
                [
                    "202201",
                    22
                ]
            ],
            "rank_gap":-1
        },
        {
            "index":131,
            "아파트명":"리베르",
            "투자타입":"일반",
            "전용면적(m2)":"43.09",
            "전용면적(평)":"13평",
            "법정동주소":"경기도 안산시 단원구 고잔동 526",
            "도로명주소":"경기도 안산시 단원구 원고잔로 6",
            "세대수":50,
            "입주년차":80,
            "용적률점수":"--",
            "건폐율점수":"--",
            "세대당주차수":0,
            "난방방식":30,
            "공급면적":"--",
            "전용률":"--",
            "욕실수":50,
            "현관타입":10,
            "주거총점":42.5,
            "지역구공급총점":0.0,
            "역세권":80,
            "30분내 이동가능 거점":0,
            "1시간내 이동가능 거점":0,
            "교통총점":40.0,
            "백화점":100,
            "아울렛몰":0,
            "대형마트":80,
            "은행":100,
            "병원":60,
            "종합병원":100,
            "공원":0,
            "혐오시설":0,
            "인프라총점":78.0,
            "초등학군":90.01,
            "중학군":48.12,
            "학군총점":56.498,
            "인구수":35.4,
            "인구증감":-2.14,
            "인구총점":24.138,
            "일자리":20.67,
            "소득수준":62.84,
            "일자리총점":33.321,
            "가치 총점":54.3747,
            "매매실거래년":20220113.0,
            "매매실거래가":8100.0,
            "전세실거래년":20210901.0,
            "전세실거래가":8800.0,
            "전세가율":100.0,
            "장기전세가율평균":69.72,
            "전세가율거품지수":-30.28,
            "검색코드":118171,
            "세대수":480.0,
            "준공년월":"2017-12-01",
            "준공년차":6.0,
            "가까운역이름":"고잔",
            "가까운역거리":450.26,
            "역세권여부":"역세권",
            "30분이내주요거점역":0,
            "30분거점역이름":"[]",
            "1시간이내주요거점역":0,
            "1시간거점역이름":"[]",
            "3km이내백화점수":1,
            "5km이내아울렛몰수":0,
            "1km이내대형먀트수":1,
            "500m이내은행수":5,
            "500m이내병원수":21,
            "5km이내대형병원수":4,
            "500m이내공원수":0,
            "3km이내혐오시설수":0,
            "초등학교학업성취도":90.01,
            "중학교학업성취도":79.6,
            "용적률":804,
            "건폐율":61,
            "Y":37.317834,
            "X":126.828164,
            "rank":24.0,
            "area_info":"13평(43.09), 12평(42.79), 13평(43.56), 13평(44.46), 14평(46.55), 14평(46.81), 14평(46.73), 13평(45.78), 14평(46.84), 14평(48.25), 14평(48.25), 14평(48.17), 14평(47.19), 14평(48.24), 14평(47.44), 14평(48.81), 15평(49.78), 15평(50.99), 15평(50.99), 16평(54.65), 22평(73.88), 22평(73.59), 22평(74.55)",
            "last_sales":"2022-01-13,8100.0,14평(46.81)",
            "rank_history":[
                [
                    "202202",
                    0
                ],
                [
                    "202201",
                    9999
                ]
            ],
            "rank_gap":9999
        },
        {
            "index":440,
            "아파트명":"휴지오",
            "투자타입":"일반",
            "전용면적(m2)":"49.67",
            "전용면적(평)":"15평",
            "법정동주소":"경기도 안산시 단원구 고잔동 539-4",
            "도로명주소":"경기도 안산시 단원구 고잔로 116",
            "세대수":30,
            "입주년차":80,
            "용적률점수":"--",
            "건폐율점수":"--",
            "세대당주차수":0,
            "난방방식":30,
            "공급면적":"--",
            "전용률":"--",
            "욕실수":50,
            "현관타입":10,
            "주거총점":35.5,
            "지역구공급총점":0.0,
            "역세권":80,
            "30분내 이동가능 거점":0,
            "1시간내 이동가능 거점":0,
            "교통총점":40.0,
            "백화점":100,
            "아울렛몰":0,
            "대형마트":80,
            "은행":70,
            "병원":100,
            "종합병원":100,
            "공원":80,
            "혐오시설":0,
            "인프라총점":81.4,
            "초등학군":90.0,
            "중학군":48.0,
            "학군총점":56.4,
            "인구수":35.4,
            "인구증감":-2.14,
            "인구총점":24.138,
            "일자리":20.67,
            "소득수준":62.84,
            "일자리총점":33.321,
            "가치 총점":53.98,
            "매매실거래년":20211129.0,
            "매매실거래가":9500.0,
            "전세실거래년":20211123.0,
            "전세실거래가":11000.0,
            "전세가율":146.67,
            "장기전세가율평균":69.72,
            "전세가율거품지수":-76.95,
            "검색코드":112236,
            "세대수":335.0,
            "준공년월":"2016-05-20",
            "준공년차":7.0,
            "가까운역이름":"중앙",
            "가까운역거리":306.57,
            "역세권여부":"역세권",
            "30분이내주요거점역":0,
            "30분거점역이름":"[]",
            "1시간이내주요거점역":0,
            "1시간거점역이름":"[]",
            "3km이내백화점수":1,
            "5km이내아울렛몰수":0,
            "1km이내대형먀트수":1,
            "500m이내은행수":4,
            "500m이내병원수":115,
            "5km이내대형병원수":4,
            "500m이내공원수":1,
            "3km이내혐오시설수":0,
            "초등학교학업성취도":90.0,
            "중학교학업성취도":78.6,
            "용적률":799,
            "건폐율":65,
            "Y":37.318665,
            "X":126.839108,
            "rank":25.0,
            "area_info":"15평(49.67), 15평(51.69), 15평(51.36), 15평(52.58), 15평(52.1), 16평(53.25), 25평(85.65), 27평(91.15)",
            "last_sales":"2021-11-29,9500.0,15평(52.58)",
            "rank_history":[
                [
                    "202202",
                    0
                ],
                [
                    "202201",
                    9999
                ]
            ],
            "rank_gap":9999
        },
        {
            "index":262,
            "아파트명":"안산에비뉴큐브시티",
            "투자타입":"일반",
            "전용면적(m2)":"53.29",
            "전용면적(평)":"16평",
            "법정동주소":"경기도 안산시 단원구 고잔동 520",
            "도로명주소":"경기도 안산시 단원구 원고잔로 17",
            "세대수":50,
            "입주년차":100,
            "용적률점수":"--",
            "건폐율점수":"--",
            "세대당주차수":0,
            "난방방식":30,
            "공급면적":"--",
            "전용률":"--",
            "욕실수":50,
            "현관타입":10,
            "주거총점":46.5,
            "지역구공급총점":0.0,
            "역세권":80,
            "30분내 이동가능 거점":0,
            "1시간내 이동가능 거점":0,
            "교통총점":40.0,
            "백화점":100,
            "아울렛몰":0,
            "대형마트":80,
            "은행":100,
            "병원":60,
            "종합병원":100,
            "공원":0,
            "혐오시설":0,
            "인프라총점":78.0,
            "초등학군":90.0,
            "중학군":38.16,
            "학군총점":48.528,
            "인구수":35.4,
            "인구증감":-2.14,
            "인구총점":24.138,
            "일자리":20.67,
            "소득수준":62.84,
            "일자리총점":33.321,
            "가치 총점":53.9792,
            "매매실거래년":20211204.0,
            "매매실거래가":10500.0,
            "전세실거래년":20211124.0,
            "전세실거래가":10500.0,
            "전세가율":100.0,
            "장기전세가율평균":69.72,
            "전세가율거품지수":-30.28,
            "검색코드":122488,
            "세대수":533.0,
            "준공년월":"2019-04-29",
            "준공년차":4.0,
            "가까운역이름":"고잔",
            "가까운역거리":459.23,
            "역세권여부":"역세권",
            "30분이내주요거점역":0,
            "30분거점역이름":"[]",
            "1시간이내주요거점역":0,
            "1시간거점역이름":"[]",
            "3km이내백화점수":1,
            "5km이내아울렛몰수":0,
            "1km이내대형먀트수":1,
            "500m이내은행수":5,
            "500m이내병원수":17,
            "5km이내대형병원수":4,
            "500m이내공원수":0,
            "3km이내혐오시설수":0,
            "초등학교학업성취도":90.0,
            "중학교학업성취도":63.0,
            "용적률":799,
            "건폐율":70,
            "Y":37.319157,
            "X":126.827493,
            "rank":26.0,
            "area_info":"16평(53.29), 17평(56.77), 20평(68.53), 31평(102.86)",
            "last_sales":"2021-12-04,10500.0,16평(53.29)",
            "rank_history":[
                [
                    "202202",
                    0
                ],
                [
                    "202201",
                    9999
                ]
            ],
            "rank_gap":9999
        },
        {
            "index":363,
            "아파트명":"중앙하이츠빌",
            "투자타입":"일반",
            "전용면적(m2)":"55.14",
            "전용면적(평)":"16평",
            "법정동주소":"경기도 안산시 단원구 고잔동 539-10",
            "도로명주소":"경기도 안산시 단원구 안산천서로 23",
            "세대수":50,
            "입주년차":40,
            "용적률점수":"--",
            "건폐율점수":"--",
            "세대당주차수":0,
            "난방방식":30,
            "공급면적":"--",
            "전용률":"--",
            "욕실수":50,
            "현관타입":10,
            "주거총점":34.5,
            "지역구공급총점":0.0,
            "역세권":80,
            "30분내 이동가능 거점":0,
            "1시간내 이동가능 거점":0,
            "교통총점":40.0,
            "백화점":100,
            "아울렛몰":0,
            "대형마트":80,
            "은행":70,
            "병원":100,
            "종합병원":100,
            "공원":100,
            "혐오시설":0,
            "인프라총점":82.0,
            "초등학군":90.0,
            "중학군":48.0,
            "학군총점":56.4,
            "인구수":35.4,
            "인구증감":-2.14,
            "인구총점":24.138,
            "일자리":20.67,
            "소득수준":62.84,
            "일자리총점":33.321,
            "가치 총점":53.96,
            "매매실거래년":20211218.0,
            "매매실거래가":12300.0,
            "전세실거래년":20211119.0,
            "전세실거래가":8000.0,
            "전세가율":94.12,
            "장기전세가율평균":69.72,
            "전세가율거품지수":-24.4,
            "검색코드":18621,
            "세대수":471.0,
            "준공년월":"2004-12-07",
            "준공년차":19.0,
            "가까운역이름":"중앙",
            "가까운역거리":393.67,
            "역세권여부":"역세권",
            "30분이내주요거점역":0,
            "30분거점역이름":"[]",
            "1시간이내주요거점역":0,
            "1시간거점역이름":"[]",
            "3km이내백화점수":1,
            "5km이내아울렛몰수":0,
            "1km이내대형먀트수":1,
            "500m이내은행수":4,
            "500m이내병원수":72,
            "5km이내대형병원수":4,
            "500m이내공원수":2,
            "3km이내혐오시설수":0,
            "초등학교학업성취도":90.0,
            "중학교학업성취도":78.6,
            "용적률":0,
            "건폐율":69,
            "Y":37.318345,
            "X":126.841841,
            "rank":27.0,
            "area_info":"16평(55.14), 19평(63.92), 23평(76.66), 25평(84.07), 25평(84.37), 25평(85.78), 26평(86.84), 26평(86.5), 26평(88.14), 28평(93.08), 30평(102.18), 33평(112.05), 35평(116.03), 41평(136.18), 43평(145.06)",
            "last_sales":"2021-12-18,12300.0,26평(88.14)",
            "rank_history":[
                [
                    "202202",
                    0
                ],
                [
                    "202201",
                    9999
                ]
            ],
            "rank_gap":9999
        },
        {
            "index":0,
            "아파트명":"SR노빌리안",
            "투자타입":"일반",
            "전용면적(m2)":"48.53",
            "전용면적(평)":"14평",
            "법정동주소":"경기도 안산시 단원구 고잔동 520-2",
            "도로명주소":"경기도 안산시 단원구",
            "세대수":0,
            "입주년차":100,
            "용적률점수":"--",
            "건폐율점수":"--",
            "세대당주차수":30,
            "난방방식":30,
            "공급면적":"--",
            "전용률":"--",
            "욕실수":50,
            "현관타입":100,
            "주거총점":42.5,
            "지역구공급총점":0.0,
            "역세권":80,
            "30분내 이동가능 거점":0,
            "1시간내 이동가능 거점":0,
            "교통총점":40.0,
            "백화점":100,
            "아울렛몰":0,
            "대형마트":80,
            "은행":70,
            "병원":60,
            "종합병원":100,
            "공원":0,
            "혐오시설":0,
            "인프라총점":75.0,
            "초등학군":90.0,
            "중학군":48.12,
            "학군총점":56.496,
            "인구수":35.4,
            "인구증감":-2.14,
            "인구총점":24.138,
            "일자리":20.67,
            "소득수준":62.84,
            "일자리총점":33.321,
            "가치 총점":53.4744,
            "매매실거래년":"18000101",
            "매매실거래가":null,
            "전세실거래년":null,
            "전세실거래가":null,
            "전세가율":null,
            "장기전세가율평균":69.72,
            "전세가율거품지수":null,
            "검색코드":134024,
            "세대수":182.0,
            "준공년월":"2022-03-01",
            "준공년차":1.0,
            "가까운역이름":"고잔",
            "가까운역거리":398.28,
            "역세권여부":"역세권",
            "30분이내주요거점역":0,
            "30분거점역이름":"[]",
            "1시간이내주요거점역":0,
            "1시간거점역이름":"[]",
            "3km이내백화점수":1,
            "5km이내아울렛몰수":0,
            "1km이내대형먀트수":1,
            "500m이내은행수":4,
            "500m이내병원수":17,
            "5km이내대형병원수":4,
            "500m이내공원수":0,
            "3km이내혐오시설수":0,
            "초등학교학업성취도":90.0,
            "중학교학업성취도":79.6,
            "용적률":799,
            "건폐율":65,
            "Y":37.318287,
            "X":126.827333,
            "rank":28.0,
            "area_info":"14평(48.53), 18평(61.18), 19평(63.9)",
            "last_sales":"1800-01-01,nan,14평(48.53)",
            "rank_history":[
                [
                    "202202",
                    0
                ],
                [
                    "202201",
                    9999
                ]
            ],
            "rank_gap":9999
        },
        {
            "index":337,
            "아파트명":"주공그린빌9단지",
            "투자타입":"일반",
            "전용면적(m2)":"92.59",
            "전용면적(평)":"28평",
            "법정동주소":"경기도 안산시 단원구 고잔동 765",
            "도로명주소":"경기도 안산시 단원구 안산천남로 245",
            "세대수":80,
            "입주년차":20,
            "용적률점수":"--",
            "건폐율점수":"--",
            "세대당주차수":30,
            "난방방식":100,
            "공급면적":"--",
            "전용률":"--",
            "욕실수":100,
            "현관타입":100,
            "주거총점":66.5,
            "지역구공급총점":0.0,
            "역세권":50,
            "30분내 이동가능 거점":20,
            "1시간내 이동가능 거점":50,
            "교통총점":41.0,
            "백화점":100,
            "아울렛몰":0,
            "대형마트":0,
            "은행":0,
            "병원":30,
            "종합병원":100,
            "공원":100,
            "혐오시설":0,
            "인프라총점":56.0,
            "초등학군":90.01,
            "중학군":50.38,
            "학군총점":58.306,
            "인구수":35.4,
            "인구증감":-2.14,
            "인구총점":24.138,
            "일자리":20.67,
            "소득수준":62.84,
            "일자리총점":33.321,
            "가치 총점":53.1959,
            "매매실거래년":20211208.0,
            "매매실거래가":57000.0,
            "전세실거래년":20210825.0,
            "전세실거래가":19950.0,
            "전세가율":37.01,
            "장기전세가율평균":69.72,
            "전세가율거품지수":32.71,
            "검색코드":3668,
            "세대수":814.0,
            "준공년월":"2001-11-27",
            "준공년차":22.0,
            "가까운역이름":"중앙",
            "가까운역거리":624.73,
            "역세권여부":"준역세권",
            "30분이내주요거점역":1,
            "30분거점역이름":"['안산']",
            "1시간이내주요거점역":5,
            "1시간거점역이름":"['송도', '수원시청', '평촌', '수원', '안산']",
            "3km이내백화점수":1,
            "5km이내아울렛몰수":0,
            "1km이내대형먀트수":0,
            "500m이내은행수":0,
            "500m이내병원수":6,
            "5km이내대형병원수":4,
            "500m이내공원수":5,
            "3km이내혐오시설수":0,
            "초등학교학업성취도":90.01,
            "중학교학업성취도":83.1,
            "용적률":168,
            "건폐율":19,
            "Y":37.31047,
            "X":126.84018,
            "rank":29.0,
            "area_info":"28평(92.59), 28평(92.64), 28평(92.88), 28평(92.85), 28평(92.82), 28평(93.04), 31평(103.76), 31평(103.52)",
            "last_sales":"2021-12-08,57000.0,31평(103.52)",
            "rank_history":[
                [
                    "202202",
                    29
                ],
                [
                    "202201",
                    14
                ]
            ],
            "rank_gap":-15
        },
        {
            "index":687,
            "아파트명":"한화꿈에그린",
            "투자타입":"일반",
            "전용면적(m2)":"77.54",
            "전용면적(평)":"23평",
            "법정동주소":"경기도 안산시 단원구 원곡동 847",
            "도로명주소":"경기도 안산시 단원구 원선1로 37",
            "세대수":50,
            "입주년차":40,
            "용적률점수":"--",
            "건폐율점수":"--",
            "세대당주차수":30,
            "난방방식":100,
            "공급면적":"--",
            "전용률":"--",
            "욕실수":100,
            "현관타입":100,
            "주거총점":60.0,
            "지역구공급총점":0.0,
            "역세권":50,
            "30분내 이동가능 거점":20,
            "1시간내 이동가능 거점":50,
            "교통총점":41.0,
            "백화점":100,
            "아울렛몰":0,
            "대형마트":0,
            "은행":20,
            "병원":80,
            "종합병원":100,
            "공원":100,
            "혐오시설":0,
            "인프라총점":63.0,
            "초등학군":90.04,
            "중학군":43.62,
            "학군총점":52.904,
            "인구수":35.4,
            "인구증감":-2.14,
            "인구총점":24.138,
            "일자리":20.67,
            "소득수준":62.84,
            "일자리총점":33.321,
            "가치 총점":53.1856,
            "매매실거래년":20210205.0,
            "매매실거래가":50500.0,
            "전세실거래년":20200807.0,
            "전세실거래가":16000.0,
            "전세가율":57.55,
            "장기전세가율평균":69.72,
            "전세가율거품지수":12.17,
            "검색코드":17498,
            "세대수":670.0,
            "준공년월":"2006-04-27",
            "준공년차":17.0,
            "가까운역이름":"초지",
            "가까운역거리":728.53,
            "역세권여부":"준역세권",
            "30분이내주요거점역":1,
            "30분거점역이름":"['안산']",
            "1시간이내주요거점역":5,
            "1시간거점역이름":"['송도', '수원시청', '평촌', '수원', '안산']",
            "3km이내백화점수":1,
            "5km이내아울렛몰수":0,
            "1km이내대형먀트수":0,
            "500m이내은행수":2,
            "500m이내병원수":39,
            "5km이내대형병원수":3,
            "500m이내공원수":7,
            "3km이내혐오시설수":0,
            "초등학교학업성취도":90.04,
            "중학교학업성취도":72.5,
            "용적률":295,
            "건폐율":23,
            "Y":37.326817,
            "X":126.803145,
            "rank":30.0,
            "area_info":"23평(77.54), 28평(95.52), 32평(108.63), 46평(152.16)",
            "last_sales":"2021-02-05,50500.0,46평(152.16)",
            "rank_history":[
                [
                    "202202",
                    30
                ],
                [
                    "202201",
                    23
                ]
            ],
            "rank_gap":-7
        },
        {
            "index":401,
            "아파트명":"타원벨라움",
            "투자타입":"일반",
            "전용면적(m2)":"47.82",
            "전용면적(평)":"14평",
            "법정동주소":"경기도 안산시 단원구 고잔동 539-9",
            "도로명주소":"경기도 안산시 단원구 고잔로 136",
            "세대수":0,
            "입주년차":100,
            "용적률점수":"--",
            "건폐율점수":"--",
            "세대당주차수":0,
            "난방방식":30,
            "공급면적":"--",
            "전용률":"--",
            "욕실수":50,
            "현관타입":10,
            "주거총점":29.0,
            "지역구공급총점":0.0,
            "역세권":80,
            "30분내 이동가능 거점":0,
            "1시간내 이동가능 거점":0,
            "교통총점":40.0,
            "백화점":100,
            "아울렛몰":0,
            "대형마트":80,
            "은행":70,
            "병원":100,
            "종합병원":100,
            "공원":100,
            "혐오시설":0,
            "인프라총점":82.0,
            "초등학군":90.0,
            "중학군":48.0,
            "학군총점":56.4,
            "인구수":35.4,
            "인구증감":-2.14,
            "인구총점":24.138,
            "일자리":20.67,
            "소득수준":62.84,
            "일자리총점":33.321,
            "가치 총점":52.86,
            "매매실거래년":20191007.0,
            "매매실거래가":23500.0,
            "전세실거래년":20190723.0,
            "전세실거래가":9000.0,
            "전세가율":null,
            "장기전세가율평균":69.72,
            "전세가율거품지수":null,
            "검색코드":120180,
            "세대수":230.0,
            "준공년월":"2019-06-28",
            "준공년차":4.0,
            "가까운역이름":"중앙",
            "가까운역거리":393.93,
            "역세권여부":"역세권",
            "30분이내주요거점역":0,
            "30분거점역이름":"[]",
            "1시간이내주요거점역":0,
            "1시간거점역이름":"[]",
            "3km이내백화점수":1,
            "5km이내아울렛몰수":0,
            "1km이내대형먀트수":1,
            "500m이내은행수":4,
            "500m이내병원수":87,
            "5km이내대형병원수":4,
            "500m이내공원수":2,
            "3km이내혐오시설수":0,
            "초등학교학업성취도":90.0,
            "중학교학업성취도":78.6,
            "용적률":797,
            "건폐율":70,
            "Y":37.318645,
            "X":126.841451,
            "rank":31.0,
            "area_info":"14평(47.82), 16평(55.24), 16평(54.94), 18평(60.01), 27평(91.16), 29평(97.83), 29평(98.02), 30평(100.09), 32평(107.83)",
            "last_sales":"2019-10-07,23500.0,32평(107.83)",
            "rank_history":[
                [
                    "202202",
                    0
                ],
                [
                    "202201",
                    9999
                ]
            ],
            "rank_gap":9999
        },
        {
            "index":75,
            "아파트명":"더블하이",
            "투자타입":"일반",
            "전용면적(m2)":"56.97",
            "전용면적(평)":"17평",
            "법정동주소":"경기도 안산시 단원구 고잔동 540-10",
            "도로명주소":"경기도 안산시 단원구 고잔2길 91",
            "세대수":0,
            "입주년차":100,
            "용적률점수":"--",
            "건폐율점수":"--",
            "세대당주차수":0,
            "난방방식":30,
            "공급면적":"--",
            "전용률":"--",
            "욕실수":50,
            "현관타입":10,
            "주거총점":29.0,
            "지역구공급총점":0.0,
            "역세권":80,
            "30분내 이동가능 거점":0,
            "1시간내 이동가능 거점":0,
            "교통총점":40.0,
            "백화점":100,
            "아울렛몰":0,
            "대형마트":80,
            "은행":70,
            "병원":100,
            "종합병원":100,
            "공원":100,
            "혐오시설":0,
            "인프라총점":82.0,
            "초등학군":90.0,
            "중학군":48.0,
            "학군총점":56.4,
            "인구수":35.4,
            "인구증감":-2.14,
            "인구총점":24.138,
            "일자리":20.67,
            "소득수준":62.84,
            "일자리총점":33.321,
            "가치 총점":52.86,
            "매매실거래년":"18000101",
            "매매실거래가":null,
            "전세실거래년":20211021.0,
            "전세실거래가":13500.0,
            "전세가율":null,
            "장기전세가율평균":69.72,
            "전세가율거품지수":null,
            "검색코드":140423,
            "세대수":152.0,
            "준공년월":"2021-08-05",
            "준공년차":2.0,
            "가까운역이름":"중앙",
            "가까운역거리":295.08,
            "역세권여부":"역세권",
            "30분이내주요거점역":0,
            "30분거점역이름":"[]",
            "1시간이내주요거점역":0,
            "1시간거점역이름":"[]",
            "3km이내백화점수":1,
            "5km이내아울렛몰수":0,
            "1km이내대형먀트수":1,
            "500m이내은행수":3,
            "500m이내병원수":92,
            "5km이내대형병원수":4,
            "500m이내공원수":3,
            "3km이내혐오시설수":0,
            "초등학교학업성취도":90.0,
            "중학교학업성취도":78.6,
            "용적률":595,
            "건폐율":72,
            "Y":37.317564,
            "X":126.841213,
            "rank":31.0,
            "area_info":"17평(56.97), 22평(73.52)",
            "last_sales":"1800-01-01,nan,17평(56.97)",
            "rank_history":[
                [
                    "202202",
                    0
                ],
                [
                    "202201",
                    9999
                ]
            ],
            "rank_gap":9999
        },
        {
            "index":245,
            "아파트명":"안산레이크타운푸르지오",
            "투자타입":"일반",
            "전용면적(m2)":"85.53",
            "전용면적(평)":"25평",
            "법정동주소":"경기도 안산시 단원구 고잔동 782",
            "도로명주소":"경기도 안산시 단원구 광덕동로 25",
            "세대수":100,
            "입주년차":80,
            "용적률점수":"--",
            "건폐율점수":"--",
            "세대당주차수":60,
            "난방방식":100,
            "공급면적":"--",
            "전용률":"--",
            "욕실수":100,
            "현관타입":100,
            "주거총점":90.0,
            "지역구공급총점":0.0,
            "역세권":0,
            "30분내 이동가능 거점":0,
            "1시간내 이동가능 거점":40,
            "교통총점":8.0,
            "백화점":100,
            "아울렛몰":0,
            "대형마트":80,
            "은행":20,
            "병원":60,
            "종합병원":100,
            "공원":100,
            "혐오시설":0,
            "인프라총점":73.0,
            "초등학군":90.0,
            "중학군":51.78,
            "학군총점":59.424,
            "인구수":35.4,
            "인구증감":-2.14,
            "인구총점":24.138,
            "일자리":20.67,
            "소득수준":62.84,
            "일자리총점":33.321,
            "가치 총점":51.6136,
            "매매실거래년":20211004.0,
            "매매실거래가":132000.0,
            "전세실거래년":20211124.0,
            "전세실거래가":44500.0,
            "전세가율":59.73,
            "장기전세가율평균":69.72,
            "전세가율거품지수":9.99,
            "검색코드":106156,
            "세대수":1569.0,
            "준공년월":"2016-02-01",
            "준공년차":7.0,
            "가까운역이름":"중앙",
            "가까운역거리":1269.83,
            "역세권여부":"비역세권",
            "30분이내주요거점역":0,
            "30분거점역이름":"[]",
            "1시간이내주요거점역":4,
            "1시간거점역이름":"['수원시청', '평촌', '수원', '안산']",
            "3km이내백화점수":1,
            "5km이내아울렛몰수":0,
            "1km이내대형먀트수":1,
            "500m이내은행수":2,
            "500m이내병원수":21,
            "5km이내대형병원수":4,
            "500m이내공원수":2,
            "3km이내혐오시설수":0,
            "초등학교학업성취도":90.0,
            "중학교학업성취도":84.9,
            "용적률":319,
            "건폐율":16,
            "Y":37.306076,
            "X":126.83134,
            "rank":32.0,
            "area_info":"25평(85.53), 33평(110.12), 33평(110.86), 34평(113.67), 34평(113.96), 34평(114.73), 34평(114.39), 39평(130.85), 46평(152.46), 49평(164.8), 50평(168.22)",
            "last_sales":"2021-10-04,132000.0,39평(130.85)",
            "rank_history":[
                [
                    "202202",
                    32
                ],
                [
                    "202201",
                    24
                ]
            ],
            "rank_gap":-8
        },
        {
            "index":26,
            "아파트명":"골든게이트빌",
            "투자타입":"일반",
            "전용면적(m2)":"36.09",
            "전용면적(평)":"10평",
            "법정동주소":"경기도 안산시 단원구 고잔동 539-12",
            "도로명주소":"경기도 안산시 단원구 고잔1길 69",
            "세대수":0,
            "입주년차":20,
            "용적률점수":"--",
            "건폐율점수":"--",
            "세대당주차수":0,
            "난방방식":30,
            "공급면적":"--",
            "전용률":"--",
            "욕실수":50,
            "현관타입":100,
            "주거총점":22.0,
            "지역구공급총점":0.0,
            "역세권":80,
            "30분내 이동가능 거점":0,
            "1시간내 이동가능 거점":0,
            "교통총점":40.0,
            "백화점":100,
            "아울렛몰":0,
            "대형마트":80,
            "은행":70,
            "병원":100,
            "종합병원":100,
            "공원":100,
            "혐오시설":0,
            "인프라총점":82.0,
            "초등학군":90.0,
            "중학군":48.0,
            "학군총점":56.4,
            "인구수":35.4,
            "인구증감":-2.14,
            "인구총점":24.138,
            "일자리":20.67,
            "소득수준":62.84,
            "일자리총점":33.321,
            "가치 총점":51.46,
            "매매실거래년":20200610.0,
            "매매실거래가":6700.0,
            "전세실거래년":null,
            "전세실거래가":null,
            "전세가율":null,
            "장기전세가율평균":69.72,
            "전세가율거품지수":null,
            "검색코드":17739,
            "세대수":184.0,
            "준공년월":"2003-07-18",
            "준공년차":20.0,
            "가까운역이름":"중앙",
            "가까운역거리":352.9,
            "역세권여부":"역세권",
            "30분이내주요거점역":0,
            "30분거점역이름":"[]",
            "1시간이내주요거점역":0,
            "1시간거점역이름":"[]",
            "3km이내백화점수":1,
            "5km이내아울렛몰수":0,
            "1km이내대형먀트수":1,
            "500m이내은행수":4,
            "500m이내병원수":87,
            "5km이내대형병원수":4,
            "500m이내공원수":2,
            "3km이내혐오시설수":0,
            "초등학교학업성취도":90.0,
            "중학교학업성취도":78.6,
            "용적률":660,
            "건폐율":69,
            "Y":37.318214,
            "X":126.841358,
            "rank":33.0,
            "area_info":"10평(36.09), 11평(39.62), 13평(44.97), 15평(50.95), 15평(51.78)",
            "last_sales":"2020-06-10,6700.0,15평(50.95)",
            "rank_history":[
                [
                    "202202",
                    0
                ],
                [
                    "202201",
                    9999
                ]
            ],
            "rank_gap":9999
        },
        {
            "index":542,
            "아파트명":"안산라프리모",
            "투자타입":"일반",
            "전용면적(m2)":"77.8",
            "전용면적(평)":"23평",
            "법정동주소":"경기도 안산시 단원구 선부동 1188",
            "도로명주소":"경기도 안산시 단원구 선부광장남로 17",
            "세대수":100,
            "입주년차":100,
            "용적률점수":"--",
            "건폐율점수":"--",
            "세대당주차수":30,
            "난방방식":100,
            "공급면적":"--",
            "전용률":"--",
            "욕실수":100,
            "현관타입":100,
            "주거총점":89.5,
            "지역구공급총점":0.0,
            "역세권":0,
            "30분내 이동가능 거점":0,
            "1시간내 이동가능 거점":40,
            "교통총점":8.0,
            "백화점":100,
            "아울렛몰":0,
            "대형마트":100,
            "은행":20,
            "병원":60,
            "종합병원":100,
            "공원":100,
            "혐오시설":0,
            "인프라총점":76.0,
            "초등학군":90.0,
            "중학군":43.62,
            "학군총점":52.896,
            "인구수":35.4,
            "인구증감":-2.14,
            "인구총점":24.138,
            "일자리":20.67,
            "소득수준":62.84,
            "일자리총점":33.321,
            "가치 총점":51.4344,
            "매매실거래년":20211226.0,
            "매매실거래가":57600.0,
            "전세실거래년":20220122.0,
            "전세실거래가":22000.0,
            "전세가율":38.19,
            "장기전세가율평균":69.72,
            "전세가율거품지수":31.53,
            "검색코드":116238,
            "세대수":2017.0,
            "준공년월":"2020-01-01",
            "준공년차":3.0,
            "가까운역이름":"초지",
            "가까운역거리":1227.78,
            "역세권여부":"비역세권",
            "30분이내주요거점역":0,
            "30분거점역이름":"[]",
            "1시간이내주요거점역":4,
            "1시간거점역이름":"['수원시청', '평촌', '수원', '안산']",
            "3km이내백화점수":1,
            "5km이내아울렛몰수":0,
            "1km이내대형먀트수":4,
            "500m이내은행수":2,
            "500m이내병원수":11,
            "5km이내대형병원수":3,
            "500m이내공원수":2,
            "3km이내혐오시설수":0,
            "초등학교학업성취도":90.0,
            "중학교학업성취도":72.5,
            "용적률":258,
            "건폐율":14,
            "Y":37.331677,
            "X":126.805302,
            "rank":34.0,
            "area_info":"23평(77.8), 24평(81.52), 29평(95.98), 29평(97.1), 30평(99.22), 33평(109.62), 38평(127.06)",
            "last_sales":"2021-12-26,57600.0,23평(77.8)",
            "rank_history":[
                [
                    "202202",
                    34
                ],
                [
                    "202201",
                    27
                ]
            ],
            "rank_gap":-7
        },
        {
            "index":297,
            "아파트명":"주공7단지",
            "투자타입":"재건축",
            "전용면적(m2)":"75.45",
            "전용면적(평)":"22평",
            "법정동주소":"경기도 안산시 단원구 고잔동 670",
            "도로명주소":"경기도 안산시 단원구 당곡3로 3",
            "세대수":90,
            "입주년차":"--",
            "용적률점수":80,
            "건폐율점수":100,
            "세대당주차수":"--",
            "난방방식":"--",
            "공급면적":50,
            "전용률":60,
            "욕실수":"--",
            "현관타입":"--",
            "주거총점":84.5,
            "지역구공급총점":0.0,
            "역세권":0,
            "30분내 이동가능 거점":20,
            "1시간내 이동가능 거점":40,
            "교통총점":14.0,
            "백화점":100,
            "아울렛몰":0,
            "대형마트":80,
            "은행":0,
            "병원":60,
            "종합병원":100,
            "공원":80,
            "혐오시설":0,
            "인프라총점":70.4,
            "초등학군":89.97,
            "중학군":48.0,
            "학군총점":56.394,
            "인구수":35.4,
            "인구증감":-2.14,
            "인구총점":24.138,
            "일자리":20.67,
            "소득수준":62.84,
            "일자리총점":33.321,
            "가치 총점":51.3791,
            "매매실거래년":20211205.0,
            "매매실거래가":50000.0,
            "전세실거래년":20220103.0,
            "전세실거래가":25000.0,
            "전세가율":68.68,
            "장기전세가율평균":69.72,
            "전세가율거품지수":1.04,
            "검색코드":1920,
            "세대수":1020.0,
            "준공년월":"1987-06-01",
            "준공년차":36.0,
            "가까운역이름":"중앙",
            "가까운역거리":1237.07,
            "역세권여부":"비역세권",
            "30분이내주요거점역":1,
            "30분거점역이름":"['안산']",
            "1시간이내주요거점역":4,
            "1시간거점역이름":"['수원시청', '평촌', '수원', '안산']",
            "3km이내백화점수":1,
            "5km이내아울렛몰수":0,
            "1km이내대형먀트수":1,
            "500m이내은행수":1,
            "500m이내병원수":20,
            "5km이내대형병원수":4,
            "500m이내공원수":1,
            "3km이내혐오시설수":0,
            "초등학교학업성취도":89.97,
            "중학교학업성취도":78.6,
            "용적률":168,
            "건폐율":10,
            "Y":37.327051,
            "X":126.839304,
            "rank":35.0,
            "area_info":"22평(75.45), 25평(83.73), 26평(88.81), 27평(90.58), 27평(90.34), 27평(91.56), 28평(94.23), 28평(94.57)",
            "last_sales":"2021-12-05,50000.0,27평(91.56)",
            "rank_history":[
                [
                    "202202",
                    35
                ],
                [
                    "202201",
                    25
                ]
            ],
            "rank_gap":-10
        },
        {
            "index":345,
            "아파트명":"줌시티",
            "투자타입":"일반",
            "전용면적(m2)":"57.55",
            "전용면적(평)":"17평",
            "법정동주소":"경기도 안산시 단원구 고잔동 527-7",
            "도로명주소":"경기도 안산시 단원구 광덕대로 268",
            "세대수":50,
            "입주년차":100,
            "용적률점수":"--",
            "건폐율점수":"--",
            "세대당주차수":0,
            "난방방식":30,
            "공급면적":"--",
            "전용률":"--",
            "욕실수":50,
            "현관타입":10,
            "주거총점":46.5,
            "지역구공급총점":0.0,
            "역세권":50,
            "30분내 이동가능 거점":0,
            "1시간내 이동가능 거점":0,
            "교통총점":25.0,
            "백화점":100,
            "아울렛몰":0,
            "대형마트":80,
            "은행":100,
            "병원":100,
            "종합병원":100,
            "공원":0,
            "혐오시설":0,
            "인프라총점":82.0,
            "초등학군":90.0,
            "중학군":48.0,
            "학군총점":56.4,
            "인구수":35.4,
            "인구증감":-2.14,
            "인구총점":24.138,
            "일자리":20.67,
            "소득수준":62.84,
            "일자리총점":33.321,
            "가치 총점":51.11,
            "매매실거래년":20220105.0,
            "매매실거래가":12000.0,
            "전세실거래년":20220121.0,
            "전세실거래가":10500.0,
            "전세가율":87.5,
            "장기전세가율평균":69.72,
            "전세가율거품지수":-17.78,
            "검색코드":119292,
            "세대수":465.0,
            "준공년월":"2019-12-06",
            "준공년차":4.0,
            "가까운역이름":"중앙",
            "가까운역거리":791.1,
            "역세권여부":"준역세권",
            "30분이내주요거점역":0,
            "30분거점역이름":"[]",
            "1시간이내주요거점역":0,
            "1시간거점역이름":"[]",
            "3km이내백화점수":1,
            "5km이내아울렛몰수":0,
            "1km이내대형먀트수":1,
            "500m이내은행수":8,
            "500m이내병원수":80,
            "5km이내대형병원수":4,
            "500m이내공원수":0,
            "3km이내혐오시설수":0,
            "초등학교학업성취도":90.0,
            "중학교학업성취도":78.6,
            "용적률":799,
            "건폐율":69,
            "Y":37.320379,
            "X":126.831581,
            "rank":36.0,
            "area_info":"17평(57.55), 17평(58.19), 17평(58.2), 17평(57.66), 17평(58.84), 17평(58.69), 17평(58.83)",
            "last_sales":"2022-01-05,12000.0,17평(57.55)",
            "rank_history":[
                [
                    "202202",
                    0
                ],
                [
                    "202201",
                    9999
                ]
            ],
            "rank_gap":9999
        },
        {
            "index":751,
            "아파트명":"호수마을풍림아이원",
            "투자타입":"일반",
            "전용면적(m2)":"94.56",
            "전용면적(평)":"28평",
            "법정동주소":"경기도 안산시 단원구 초지동 731",
            "도로명주소":"경기도 안산시 단원구 광덕1로 80",
            "세대수":100,
            "입주년차":20,
            "용적률점수":"--",
            "건폐율점수":"--",
            "세대당주차수":60,
            "난방방식":100,
            "공급면적":"--",
            "전용률":"--",
            "욕실수":100,
            "현관타입":100,
            "주거총점":78.0,
            "지역구공급총점":0.0,
            "역세권":0,
            "30분내 이동가능 거점":20,
            "1시간내 이동가능 거점":40,
            "교통총점":14.0,
            "백화점":100,
            "아울렛몰":0,
            "대형마트":80,
            "은행":0,
            "병원":60,
            "종합병원":100,
            "공원":100,
            "혐오시설":0,
            "인프라총점":71.0,
            "초등학군":90.0,
            "중학군":48.12,
            "학군총점":56.496,
            "인구수":35.4,
            "인구증감":-2.14,
            "인구총점":24.138,
            "일자리":20.67,
            "소득수준":62.84,
            "일자리총점":33.321,
            "가치 총점":50.2744,
            "매매실거래년":20220115.0,
            "매매실거래가":50000.0,
            "전세실거래년":20220103.0,
            "전세실거래가":38500.0,
            "전세가율":77.0,
            "장기전세가율평균":69.72,
            "전세가율거품지수":-7.28,
            "검색코드":11216,
            "세대수":2001.0,
            "준공년월":"2000-12-07",
            "준공년차":23.0,
            "가까운역이름":"고잔",
            "가까운역거리":1170.98,
            "역세권여부":"비역세권",
            "30분이내주요거점역":1,
            "30분거점역이름":"['안산']",
            "1시간이내주요거점역":4,
            "1시간거점역이름":"['수원시청', '평촌', '수원', '안산']",
            "3km이내백화점수":1,
            "5km이내아울렛몰수":0,
            "1km이내대형먀트수":1,
            "500m이내은행수":1,
            "500m이내병원수":22,
            "5km이내대형병원수":3,
            "500m이내공원수":3,
            "3km이내혐오시설수":0,
            "초등학교학업성취도":90.0,
            "중학교학업성취도":79.6,
            "용적률":185,
            "건폐율":17,
            "Y":37.306941,
            "X":126.818519,
            "rank":37.0,
            "area_info":"28평(94.56), 31평(105.6), 37평(123.7), 39평(130.42), 43평(145.31), 51평(169.86)",
            "last_sales":"2022-01-15,50000.0,28평(94.56)",
            "rank_history":[
                [
                    "202202",
                    37
                ],
                [
                    "202201",
                    26
                ]
            ],
            "rank_gap":-11
        },
        {
            "index":292,
            "아파트명":"주공6단지",
            "투자타입":"재건축",
            "전용면적(m2)":"44.54",
            "전용면적(평)":"13평",
            "법정동주소":"경기도 안산시 단원구 고잔동 676-2",
            "도로명주소":"경기도 안산시 단원구 예술대학로 105",
            "세대수":50,
            "입주년차":"--",
            "용적률점수":100,
            "건폐율점수":100,
            "세대당주차수":"--",
            "난방방식":"--",
            "공급면적":50,
            "전용률":100,
            "욕실수":"--",
            "현관타입":"--",
            "주거총점":82.5,
            "지역구공급총점":0.0,
            "역세권":0,
            "30분내 이동가능 거점":20,
            "1시간내 이동가능 거점":40,
            "교통총점":14.0,
            "백화점":100,
            "아울렛몰":0,
            "대형마트":80,
            "은행":0,
            "병원":30,
            "종합병원":100,
            "공원":80,
            "혐오시설":0,
            "인프라총점":67.4,
            "초등학군":89.97,
            "중학군":48.0,
            "학군총점":56.394,
            "인구수":35.4,
            "인구증감":-2.14,
            "인구총점":24.138,
            "일자리":20.67,
            "소득수준":62.84,
            "일자리총점":33.321,
            "가치 총점":50.0791,
            "매매실거래년":20210526.0,
            "매매실거래가":50000.0,
            "전세실거래년":20210930.0,
            "전세실거래가":12000.0,
            "전세가율":54.55,
            "장기전세가율평균":69.72,
            "전세가율거품지수":15.17,
            "검색코드":1919,
            "세대수":590.0,
            "준공년월":"1986-06-01",
            "준공년차":37.0,
            "가까운역이름":"중앙",
            "가까운역거리":1088.23,
            "역세권여부":"비역세권",
            "30분이내주요거점역":1,
            "30분거점역이름":"['안산']",
            "1시간이내주요거점역":4,
            "1시간거점역이름":"['수원시청', '평촌', '수원', '안산']",
            "3km이내백화점수":1,
            "5km이내아울렛몰수":0,
            "1km이내대형먀트수":1,
            "500m이내은행수":0,
            "500m이내병원수":7,
            "5km이내대형병원수":4,
            "500m이내공원수":1,
            "3km이내혐오시설수":0,
            "초등학교학업성취도":89.97,
            "중학교학업성취도":78.6,
            "용적률":87,
            "건폐율":14,
            "Y":37.32561,
            "X":126.83667,
            "rank":38.0,
            "area_info":"13평(44.54), 13평(45.12), 15평(52.14), 15평(52.5), 15평(52.49)",
            "last_sales":"2021-05-26,50000.0,15평(52.49)",
            "rank_history":[
                [
                    "202202",
                    38
                ],
                [
                    "202201",
                    28
                ]
            ],
            "rank_gap":-10
        },
        {
            "index":275,
            "아파트명":"영풍맘모스프라자",
            "투자타입":"일반",
            "전용면적(m2)":"87.8",
            "전용면적(평)":"26평",
            "법정동주소":"경기도 안산시 단원구 고잔동 533-3",
            "도로명주소":"경기도 안산시 단원구 고잔로 76",
            "세대수":0,
            "입주년차":0,
            "용적률점수":"--",
            "건폐율점수":"--",
            "세대당주차수":30,
            "난방방식":30,
            "공급면적":"--",
            "전용률":"--",
            "욕실수":50,
            "현관타입":10,
            "주거총점":13.5,
            "지역구공급총점":0.0,
            "역세권":80,
            "30분내 이동가능 거점":0,
            "1시간내 이동가능 거점":0,
            "교통총점":40.0,
            "백화점":100,
            "아울렛몰":0,
            "대형마트":80,
            "은행":100,
            "병원":100,
            "종합병원":100,
            "공원":0,
            "혐오시설":0,
            "인프라총점":82.0,
            "초등학군":90.0,
            "중학군":48.0,
            "학군총점":56.4,
            "인구수":35.4,
            "인구증감":-2.14,
            "인구총점":24.138,
            "일자리":20.67,
            "소득수준":62.84,
            "일자리총점":33.321,
            "가치 총점":49.76,
            "매매실거래년":20200630.0,
            "매매실거래가":11800.0,
            "전세실거래년":null,
            "전세실거래가":null,
            "전세가율":null,
            "장기전세가율평균":69.72,
            "전세가율거품지수":null,
            "검색코드":103941,
            "세대수":108.0,
            "준공년월":"1993-07-20",
            "준공년차":30.0,
            "가까운역이름":"중앙",
            "가까운역거리":481.09,
            "역세권여부":"역세권",
            "30분이내주요거점역":0,
            "30분거점역이름":"[]",
            "1시간이내주요거점역":0,
            "1시간거점역이름":"[]",
            "3km이내백화점수":1,
            "5km이내아울렛몰수":0,
            "1km이내대형먀트수":1,
            "500m이내은행수":8,
            "500m이내병원수":117,
            "5km이내대형병원수":4,
            "500m이내공원수":0,
            "3km이내혐오시설수":0,
            "초등학교학업성취도":90.0,
            "중학교학업성취도":78.6,
            "용적률":534,
            "건폐율":51,
            "Y":37.319051,
            "X":126.834791,
            "rank":39.0,
            "area_info":"26평(87.8), 28평(93.81), 28평(94.11), 29평(96.88), 47평(157.62)",
            "last_sales":"2020-06-30,11800.0,47평(157.62)",
            "rank_history":[
                [
                    "202202",
                    0
                ],
                [
                    "202201",
                    9999
                ]
            ],
            "rank_gap":9999
        },
        {
            "index":532,
            "아파트명":"수정한양",
            "투자타입":"재건축",
            "전용면적(m2)":"61.31",
            "전용면적(평)":"18평",
            "법정동주소":"경기도 안산시 단원구 선부동 1086",
            "도로명주소":"경기도 안산시 단원구 선부광장북로 67",
            "세대수":100,
            "입주년차":"--",
            "용적률점수":80,
            "건폐율점수":80,
            "세대당주차수":"--",
            "난방방식":"--",
            "공급면적":50,
            "전용률":80,
            "욕실수":"--",
            "현관타입":"--",
            "주거총점":84.5,
            "지역구공급총점":0.0,
            "역세권":0,
            "30분내 이동가능 거점":20,
            "1시간내 이동가능 거점":30,
            "교통총점":12.0,
            "백화점":100,
            "아울렛몰":0,
            "대형마트":100,
            "은행":0,
            "병원":60,
            "종합병원":100,
            "공원":100,
            "혐오시설":0,
            "인프라총점":74.0,
            "초등학군":90.01,
            "중학군":28.68,
            "학군총점":40.946,
            "인구수":35.4,
            "인구증감":-2.14,
            "인구총점":24.138,
            "일자리":20.67,
            "소득수준":62.84,
            "일자리총점":33.321,
            "가치 총점":49.4419,
            "매매실거래년":20220111.0,
            "매매실거래가":48800.0,
            "전세실거래년":20220105.0,
            "전세실거래가":20000.0,
            "전세가율":70.42,
            "장기전세가율평균":69.72,
            "전세가율거품지수":-0.7,
            "검색코드":1943,
            "세대수":1870.0,
            "준공년월":"1992-09-21",
            "준공년차":31.0,
            "가까운역이름":"초지",
            "가까운역거리":2261.66,
            "역세권여부":"비역세권",
            "30분이내주요거점역":1,
            "30분거점역이름":"['안산']",
            "1시간이내주요거점역":3,
            "1시간거점역이름":"['평촌', '수원', '안산']",
            "3km이내백화점수":1,
            "5km이내아울렛몰수":0,
            "1km이내대형먀트수":5,
            "500m이내은행수":0,
            "500m이내병원수":19,
            "5km이내대형병원수":3,
            "500m이내공원수":3,
            "3km이내혐오시설수":0,
            "초등학교학업성취도":90.01,
            "중학교학업성취도":47.0,
            "용적률":168,
            "건폐율":20,
            "Y":37.339424,
            "X":126.815742,
            "rank":40.0,
            "area_info":"18평(61.31), 25평(84.06), 28평(95.25), 32평(109.09), 40평(133.52), 46평(152.18), 47평(156.87), 55평(183.97), 62평(207.65), 72평(240.85)",
            "last_sales":"2022-01-11,48800.0,32평(109.09)",
            "rank_history":[
                [
                    "202202",
                    40
                ],
                [
                    "202201",
                    29
                ]
            ],
            "rank_gap":-11
        },
        {
            "index":166,
            "아파트명":"보네르빌리지",
            "투자타입":"일반",
            "전용면적(m2)":"121.34",
            "전용면적(평)":"36평",
            "법정동주소":"경기도 안산시 단원구 고잔동 778",
            "도로명주소":"경기도 안산시 단원구 안산천남로 211",
            "세대수":50,
            "입주년차":20,
            "용적률점수":"--",
            "건폐율점수":"--",
            "세대당주차수":60,
            "난방방식":100,
            "공급면적":"--",
            "전용률":"--",
            "욕실수":100,
            "현관타입":100,
            "주거총점":60.5,
            "지역구공급총점":0.0,
            "역세권":50,
            "30분내 이동가능 거점":0,
            "1시간내 이동가능 거점":50,
            "교통총점":35.0,
            "백화점":100,
            "아울렛몰":0,
            "대형마트":0,
            "은행":0,
            "병원":10,
            "종합병원":100,
            "공원":100,
            "혐오시설":0,
            "인프라총점":54.0,
            "초등학군":90.01,
            "중학군":50.38,
            "학군총점":58.306,
            "인구수":35.4,
            "인구증감":-2.14,
            "인구총점":24.138,
            "일자리":20.67,
            "소득수준":62.84,
            "일자리총점":33.321,
            "가치 총점":49.2959,
            "매매실거래년":20211221.0,
            "매매실거래가":57000.0,
            "전세실거래년":20211116.0,
            "전세실거래가":28000.0,
            "전세가율":49.12,
            "장기전세가율평균":69.72,
            "전세가율거품지수":20.6,
            "검색코드":3665,
            "세대수":634.0,
            "준공년월":"2001-09-05",
            "준공년차":22.0,
            "가까운역이름":"중앙",
            "가까운역거리":883.02,
            "역세권여부":"준역세권",
            "30분이내주요거점역":0,
            "30분거점역이름":"[]",
            "1시간이내주요거점역":5,
            "1시간거점역이름":"['송도', '수원시청', '평촌', '수원', '안산']",
            "3km이내백화점수":1,
            "5km이내아울렛몰수":0,
            "1km이내대형먀트수":0,
            "500m이내은행수":0,
            "500m이내병원수":2,
            "5km이내대형병원수":4,
            "500m이내공원수":2,
            "3km이내혐오시설수":0,
            "초등학교학업성취도":90.01,
            "중학교학업성취도":83.1,
            "용적률":198,
            "건폐율":15,
            "Y":37.30814,
            "X":126.840441,
            "rank":41.0,
            "area_info":"36평(121.34), 41평(138.17), 46평(153.94), 46평(154.76), 59평(195.92)",
            "last_sales":"2021-12-21,57000.0,36평(121.34)",
            "rank_history":[
                [
                    "202202",
                    41
                ],
                [
                    "202201",
                    31
                ]
            ],
            "rank_gap":-10
        },
        {
            "index":200,
            "아파트명":"센터하임",
            "투자타입":"일반",
            "전용면적(m2)":"42.97",
            "전용면적(평)":"12평",
            "법정동주소":"경기도 안산시 단원구 고잔동 527-2",
            "도로명주소":"경기도 안산시 단원구 고잔로 57-11",
            "세대수":30,
            "입주년차":80,
            "용적률점수":"--",
            "건폐율점수":"--",
            "세대당주차수":0,
            "난방방식":30,
            "공급면적":"--",
            "전용률":"--",
            "욕실수":50,
            "현관타입":10,
            "주거총점":35.5,
            "지역구공급총점":0.0,
            "역세권":50,
            "30분내 이동가능 거점":0,
            "1시간내 이동가능 거점":0,
            "교통총점":25.0,
            "백화점":100,
            "아울렛몰":0,
            "대형마트":80,
            "은행":100,
            "병원":100,
            "종합병원":100,
            "공원":0,
            "혐오시설":0,
            "인프라총점":82.0,
            "초등학군":90.0,
            "중학군":48.0,
            "학군총점":56.4,
            "인구수":35.4,
            "인구증감":-2.14,
            "인구총점":24.138,
            "일자리":20.67,
            "소득수준":62.84,
            "일자리총점":33.321,
            "가치 총점":48.91,
            "매매실거래년":20201214.0,
            "매매실거래가":9760.0,
            "전세실거래년":20210612.0,
            "전세실거래가":7500.0,
            "전세가율":null,
            "장기전세가율평균":69.72,
            "전세가율거품지수":null,
            "검색코드":112731,
            "세대수":398.0,
            "준공년월":"2018-01-30",
            "준공년차":5.0,
            "가까운역이름":"중앙",
            "가까운역거리":752.75,
            "역세권여부":"준역세권",
            "30분이내주요거점역":0,
            "30분거점역이름":"[]",
            "1시간이내주요거점역":0,
            "1시간거점역이름":"[]",
            "3km이내백화점수":1,
            "5km이내아울렛몰수":0,
            "1km이내대형먀트수":1,
            "500m이내은행수":6,
            "500m이내병원수":96,
            "5km이내대형병원수":4,
            "500m이내공원수":0,
            "3km이내혐오시설수":0,
            "초등학교학업성취도":90.0,
            "중학교학업성취도":78.6,
            "용적률":652,
            "건폐율":70,
            "Y":37.320398,
            "X":126.832166,
            "rank":42.0,
            "area_info":"12평(42.97), 13평(46.06), 13평(45.25), 13평(46.05), 14평(48.39), 14평(47.53), 14평(48.97), 15평(50.42), 15평(50.87), 15평(52.33), 18평(61.51), 18평(62.64), 18평(62.58), 21평(69.6), 21평(70.76), 25평(82.79)",
            "last_sales":"2020-12-14,9760.0,18평(62.58)",
            "rank_history":[
                [
                    "202202",
                    0
                ],
                [
                    "202201",
                    9999
                ]
            ],
            "rank_gap":9999
        },
        {
            "index":378,
            "아파트명":"진우(665)",
            "투자타입":"재건축",
            "전용면적(m2)":"86.33",
            "전용면적(평)":"26평",
            "법정동주소":"경기도 안산시 단원구 고잔동 665",
            "도로명주소":"경기도 안산시 단원구 인현중앙길 28",
            "세대수":0,
            "입주년차":"--",
            "용적률점수":100,
            "건폐율점수":40,
            "세대당주차수":"--",
            "난방방식":"--",
            "공급면적":70,
            "전용률":60,
            "욕실수":"--",
            "현관타입":"--",
            "주거총점":54.5,
            "지역구공급총점":0.0,
            "역세권":50,
            "30분내 이동가능 거점":20,
            "1시간내 이동가능 거점":50,
            "교통총점":41.0,
            "백화점":100,
            "아울렛몰":0,
            "대형마트":0,
            "은행":0,
            "병원":10,
            "종합병원":100,
            "공원":100,
            "혐오시설":0,
            "인프라총점":54.0,
            "초등학군":90.0,
            "중학군":38.16,
            "학군총점":48.528,
            "인구수":35.4,
            "인구증감":-2.14,
            "인구총점":24.138,
            "일자리":20.67,
            "소득수준":62.84,
            "일자리총점":33.321,
            "가치 총점":48.7292,
            "매매실거래년":"18000101",
            "매매실거래가":null,
            "전세실거래년":null,
            "전세실거래가":null,
            "전세가율":null,
            "장기전세가율평균":69.72,
            "전세가율거품지수":null,
            "검색코드":14826,
            "세대수":112.0,
            "준공년월":"1992-11-14",
            "준공년차":31.0,
            "가까운역이름":"고잔",
            "가까운역거리":820.4,
            "역세권여부":"준역세권",
            "30분이내주요거점역":1,
            "30분거점역이름":"['안산']",
            "1시간이내주요거점역":5,
            "1시간거점역이름":"['송도', '수원시청', '평촌', '수원', '안산']",
            "3km이내백화점수":1,
            "5km이내아울렛몰수":0,
            "1km이내대형먀트수":0,
            "500m이내은행수":0,
            "500m이내병원수":2,
            "5km이내대형병원수":4,
            "500m이내공원수":2,
            "3km이내혐오시설수":0,
            "초등학교학업성취도":90.0,
            "중학교학업성취도":63.0,
            "용적률":142,
            "건폐율":36,
            "Y":37.324038,
            "X":126.821603,
            "rank":43.0,
            "area_info":"26평(86.33), 30평(100.4)",
            "last_sales":"1800-01-01,nan,26평(86.33)",
            "rank_history":[
                [
                    "202202",
                    43
                ],
                [
                    "202201",
                    32
                ]
            ],
            "rank_gap":-11
        },
        {
            "index":280,
            "아파트명":"주공5단지",
            "투자타입":"재건축",
            "전용면적(m2)":"44.54",
            "전용면적(평)":"13평",
            "법정동주소":"경기도 안산시 단원구 고잔동 675",
            "도로명주소":"경기도 안산시 단원구 당곡1로 9",
            "세대수":90,
            "입주년차":"--",
            "용적률점수":0,
            "건폐율점수":0,
            "세대당주차수":"--",
            "난방방식":"--",
            "공급면적":50,
            "전용률":100,
            "욕실수":"--",
            "현관타입":"--",
            "주거총점":34.5,
            "지역구공급총점":0.0,
            "역세권":50,
            "30분내 이동가능 거점":0,
            "1시간내 이동가능 거점":0,
            "교통총점":25.0,
            "백화점":100,
            "아울렛몰":0,
            "대형마트":80,
            "은행":100,
            "병원":100,
            "종합병원":100,
            "공원":0,
            "혐오시설":0,
            "인프라총점":82.0,
            "초등학군":90.0,
            "중학군":48.0,
            "학군총점":56.4,
            "인구수":35.4,
            "인구증감":-2.14,
            "인구총점":24.138,
            "일자리":20.67,
            "소득수준":62.84,
            "일자리총점":33.321,
            "가치 총점":48.71,
            "매매실거래년":20170810.0,
            "매매실거래가":37000.0,
            "전세실거래년":20201101.0,
            "전세실거래가":7000.0,
            "전세가율":34.48,
            "장기전세가율평균":69.72,
            "전세가율거품지수":35.24,
            "검색코드":1918,
            "세대수":1108.0,
            "준공년월":"1986-06-01",
            "준공년차":37.0,
            "가까운역이름":"중앙",
            "가까운역거리":771.95,
            "역세권여부":"준역세권",
            "30분이내주요거점역":0,
            "30분거점역이름":"[]",
            "1시간이내주요거점역":0,
            "1시간거점역이름":"[]",
            "3km이내백화점수":1,
            "5km이내아울렛몰수":0,
            "1km이내대형먀트수":1,
            "500m이내은행수":5,
            "500m이내병원수":71,
            "5km이내대형병원수":4,
            "500m이내공원수":0,
            "3km이내혐오시설수":0,
            "초등학교학업성취도":90.0,
            "중학교학업성취도":78.6,
            "용적률":0,
            "건폐율":0,
            "Y":37.322558,
            "X":126.835932,
            "rank":44.0,
            "area_info":"13평(44.54), 13평(45.12), 15평(52.14), 15평(52.5), 15평(52.25), 15평(52.26), 15평(52.49), 17평(59.22), 17평(59.35), 17평(59.41), 20평(67.93), 20평(67.88)",
            "last_sales":"2017-08-10,37000.0,20평(67.88)",
            "rank_history":[
                [
                    "202202",
                    0
                ],
                [
                    "202201",
                    9999
                ]
            ],
            "rank_gap":9999
        },
        {
            "index":432,
            "아파트명":"호수공원대림",
            "투자타입":"일반",
            "전용면적(m2)":"116.0",
            "전용면적(평)":"35평",
            "법정동주소":"경기도 안산시 단원구 고잔동 720",
            "도로명주소":"경기도 안산시 단원구 광덕서로 19",
            "세대수":100,
            "입주년차":20,
            "용적률점수":"--",
            "건폐율점수":"--",
            "세대당주차수":60,
            "난방방식":100,
            "공급면적":"--",
            "전용률":"--",
            "욕실수":100,
            "현관타입":100,
            "주거총점":78.0,
            "지역구공급총점":0.0,
            "역세권":0,
            "30분내 이동가능 거점":0,
            "1시간내 이동가능 거점":50,
            "교통총점":10.0,
            "백화점":100,
            "아울렛몰":0,
            "대형마트":100,
            "은행":0,
            "병원":30,
            "종합병원":100,
            "공원":80,
            "혐오시설":0,
            "인프라총점":70.4,
            "초등학군":90.01,
            "중학군":48.12,
            "학군총점":56.498,
            "인구수":35.4,
            "인구증감":-2.14,
            "인구총점":24.138,
            "일자리":20.67,
            "소득수준":62.84,
            "일자리총점":33.321,
            "가치 총점":48.6947,
            "매매실거래년":20211103.0,
            "매매실거래가":78000.0,
            "전세실거래년":20220122.0,
            "전세실거래가":26250.0,
            "전세가율":39.77,
            "장기전세가율평균":69.72,
            "전세가율거품지수":29.95,
            "검색코드":3660,
            "세대수":2073.0,
            "준공년월":"2001-12-27",
            "준공년차":22.0,
            "가까운역이름":"고잔",
            "가까운역거리":1088.49,
            "역세권여부":"비역세권",
            "30분이내주요거점역":0,
            "30분거점역이름":"[]",
            "1시간이내주요거점역":5,
            "1시간거점역이름":"['송도', '수원시청', '평촌', '수원', '안산']",
            "3km이내백화점수":1,
            "5km이내아울렛몰수":0,
            "1km이내대형먀트수":2,
            "500m이내은행수":1,
            "500m이내병원수":5,
            "5km이내대형병원수":4,
            "500m이내공원수":1,
            "3km이내혐오시설수":0,
            "초등학교학업성취도":90.01,
            "중학교학업성취도":79.6,
            "용적률":190,
            "건폐율":16,
            "Y":37.306988,
            "X":126.823223,
            "rank":45.0,
            "area_info":"35평(116.0), 39평(130.7), 45평(151.71), 46평(152.46), 51평(170.94), 52평(171.98), 61평(204.21), 62평(205.0)",
            "last_sales":"2021-11-03,78000.0,46평(152.46)",
            "rank_history":[
                [
                    "202202",
                    45
                ],
                [
                    "202201",
                    34
                ]
            ],
            "rank_gap":-11
        },
        {
            "index":216,
            "아파트명":"센트럴파크그랑베르",
            "투자타입":"일반",
            "전용면적(m2)":"56.39",
            "전용면적(평)":"17평",
            "법정동주소":"경기도 안산시 단원구 고잔동 526-3",
            "도로명주소":"경기도 안산시 단원구 중앙대로 831",
            "세대수":30,
            "입주년차":80,
            "용적률점수":"--",
            "건폐율점수":"--",
            "세대당주차수":0,
            "난방방식":30,
            "공급면적":"--",
            "전용률":"--",
            "욕실수":50,
            "현관타입":10,
            "주거총점":35.5,
            "지역구공급총점":0.0,
            "역세권":50,
            "30분내 이동가능 거점":0,
            "1시간내 이동가능 거점":0,
            "교통총점":25.0,
            "백화점":100,
            "아울렛몰":0,
            "대형마트":80,
            "은행":100,
            "병원":80,
            "종합병원":100,
            "공원":0,
            "혐오시설":0,
            "인프라총점":80.0,
            "초등학군":90.01,
            "중학군":48.0,
            "학군총점":56.402,
            "인구수":35.4,
            "인구증감":-2.14,
            "인구총점":24.138,
            "일자리":20.67,
            "소득수준":62.84,
            "일자리총점":33.321,
            "가치 총점":48.3103,
            "매매실거래년":20211112.0,
            "매매실거래가":12300.0,
            "전세실거래년":20220125.0,
            "전세실거래가":10500.0,
            "전세가율":85.37,
            "장기전세가율평균":69.72,
            "전세가율거품지수":-15.65,
            "검색코드":116738,
            "세대수":397.0,
            "준공년월":"2018-03-20",
            "준공년차":5.0,
            "가까운역이름":"고잔",
            "가까운역거리":505.87,
            "역세권여부":"준역세권",
            "30분이내주요거점역":0,
            "30분거점역이름":"[]",
            "1시간이내주요거점역":0,
            "1시간거점역이름":"[]",
            "3km이내백화점수":1,
            "5km이내아울렛몰수":0,
            "1km이내대형먀트수":1,
            "500m이내은행수":5,
            "500m이내병원수":31,
            "5km이내대형병원수":4,
            "500m이내공원수":0,
            "3km이내혐오시설수":0,
            "초등학교학업성취도":90.01,
            "중학교학업성취도":78.6,
            "용적률":797,
            "건폐율":67,
            "Y":37.31756,
            "X":126.828884,
            "rank":46.0,
            "area_info":"17평(56.39), 17평(56.42), 17평(56.88), 17평(57.08), 29평(98.91)",
            "last_sales":"2021-11-12,12300.0,17평(56.39)",
            "rank_history":[
                [
                    "202202",
                    0
                ],
                [
                    "202201",
                    9999
                ]
            ],
            "rank_gap":9999
        },
        {
            "index":228,
            "아파트명":"아이즈빌Ⅱ",
            "투자타입":"일반",
            "전용면적(m2)":"50.67",
            "전용면적(평)":"15평",
            "법정동주소":"경기도 안산시 단원구 고잔동 527-3",
            "도로명주소":"경기도 안산시 단원구 고잔로 57-9",
            "세대수":0,
            "입주년차":40,
            "용적률점수":"--",
            "건폐율점수":"--",
            "세대당주차수":0,
            "난방방식":80,
            "공급면적":"--",
            "전용률":"--",
            "욕실수":50,
            "현관타입":100,
            "주거총점":31.0,
            "지역구공급총점":0.0,
            "역세권":50,
            "30분내 이동가능 거점":0,
            "1시간내 이동가능 거점":0,
            "교통총점":25.0,
            "백화점":100,
            "아울렛몰":0,
            "대형마트":80,
            "은행":100,
            "병원":100,
            "종합병원":100,
            "공원":0,
            "혐오시설":0,
            "인프라총점":82.0,
            "초등학군":90.0,
            "중학군":48.0,
            "학군총점":56.4,
            "인구수":35.4,
            "인구증감":-2.14,
            "인구총점":24.138,
            "일자리":20.67,
            "소득수준":62.84,
            "일자리총점":33.321,
            "가치 총점":48.01,
            "매매실거래년":20220111.0,
            "매매실거래가":6700.0,
            "전세실거래년":20211203.0,
            "전세실거래가":7500.0,
            "전세가율":111.94,
            "장기전세가율평균":69.72,
            "전세가율거품지수":-42.22,
            "검색코드":17747,
            "세대수":280.0,
            "준공년월":"2004-01-05",
            "준공년차":19.0,
            "가까운역이름":"중앙",
            "가까운역거리":725.83,
            "역세권여부":"준역세권",
            "30분이내주요거점역":0,
            "30분거점역이름":"[]",
            "1시간이내주요거점역":0,
            "1시간거점역이름":"[]",
            "3km이내백화점수":1,
            "5km이내아울렛몰수":0,
            "1km이내대형먀트수":1,
            "500m이내은행수":6,
            "500m이내병원수":96,
            "5km이내대형병원수":4,
            "500m이내공원수":0,
            "3km이내혐오시설수":0,
            "초등학교학업성취도":90.0,
            "중학교학업성취도":78.6,
            "용적률":681,
            "건폐율":68,
            "Y":37.319934,
            "X":126.83208,
            "rank":47.0,
            "area_info":"15평(50.67), 16평(54.56), 17평(56.51), 25평(83.28)",
            "last_sales":"2022-01-11,6700.0,15평(50.67)",
            "rank_history":[
                [
                    "202202",
                    0
                ],
                [
                    "202201",
                    9999
                ]
            ],
            "rank_gap":9999
        },
        {
            "index":82,
            "아파트명":"동서코아",
            "투자타입":"재건축",
            "전용면적(m2)":"49.65",
            "전용면적(평)":"15평",
            "법정동주소":"경기도 안산시 단원구 고잔동 541-1",
            "도로명주소":"경기도 안산시 단원구 중앙대로 921",
            "세대수":0,
            "입주년차":"--",
            "용적률점수":0,
            "건폐율점수":0,
            "세대당주차수":"--",
            "난방방식":"--",
            "공급면적":50,
            "전용률":40,
            "욕실수":"--",
            "현관타입":"--",
            "주거총점":4.5,
            "지역구공급총점":0.0,
            "역세권":80,
            "30분내 이동가능 거점":0,
            "1시간내 이동가능 거점":0,
            "교통총점":40.0,
            "백화점":100,
            "아울렛몰":0,
            "대형마트":80,
            "은행":70,
            "병원":100,
            "종합병원":100,
            "공원":100,
            "혐오시설":0,
            "인프라총점":82.0,
            "초등학군":90.0,
            "중학군":48.0,
            "학군총점":56.4,
            "인구수":35.4,
            "인구증감":-2.14,
            "인구총점":24.138,
            "일자리":20.67,
            "소득수준":62.84,
            "일자리총점":33.321,
            "가치 총점":47.96,
            "매매실거래년":"18000101",
            "매매실거래가":null,
            "전세실거래년":null,
            "전세실거래가":null,
            "전세가율":null,
            "장기전세가율평균":69.72,
            "전세가율거품지수":null,
            "검색코드":26573,
            "세대수":103.0,
            "준공년월":"1991-05-17",
            "준공년차":32.0,
            "가까운역이름":"중앙",
            "가까운역거리":140.94,
            "역세권여부":"역세권",
            "30분이내주요거점역":0,
            "30분거점역이름":"[]",
            "1시간이내주요거점역":0,
            "1시간거점역이름":"[]",
            "3km이내백화점수":1,
            "5km이내아울렛몰수":0,
            "1km이내대형먀트수":1,
            "500m이내은행수":4,
            "500m이내병원수":112,
            "5km이내대형병원수":4,
            "500m이내공원수":4,
            "3km이내혐오시설수":0,
            "초등학교학업성취도":90.0,
            "중학교학업성취도":78.6,
            "용적률":306,
            "건폐율":57,
            "Y":37.317181,
            "X":126.838903,
            "rank":48.0,
            "area_info":"15평(49.65), 15평(51.7), 15평(52.45), 16평(53.19), 16평(54.32), 16평(54.19), 16평(55.96), 18평(60.74), 20평(66.44), 20평(67.83), 21평(69.77), 21평(71.93), 21평(72.68), 21평(72.11), 22평(73.25), 22평(75.01), 22평(75.62), 23평(78.37), 24평(79.86), 26평(86.1), 26평(87.79), 30평(101.18)",
            "last_sales":"1800-01-01,nan,15평(49.65)",
            "rank_history":[
                [
                    "202202",
                    0
                ],
                [
                    "202201",
                    9999
                ]
            ],
            "rank_gap":9999
        },
        {
            "index":423,
            "아파트명":"푸르지오1차",
            "투자타입":"일반",
            "전용면적(m2)":"95.57",
            "전용면적(평)":"28평",
            "법정동주소":"경기도 안산시 단원구 고잔동 781",
            "도로명주소":"경기도 안산시 단원구 광덕동로 26",
            "세대수":90,
            "입주년차":20,
            "용적률점수":"--",
            "건폐율점수":"--",
            "세대당주차수":60,
            "난방방식":100,
            "공급면적":"--",
            "전용률":"--",
            "욕실수":100,
            "현관타입":100,
            "주거총점":74.5,
            "지역구공급총점":0.0,
            "역세권":0,
            "30분내 이동가능 거점":0,
            "1시간내 이동가능 거점":40,
            "교통총점":8.0,
            "백화점":100,
            "아울렛몰":0,
            "대형마트":80,
            "은행":0,
            "병원":60,
            "종합병원":100,
            "공원":100,
            "혐오시설":0,
            "인프라총점":71.0,
            "초등학군":90.0,
            "중학군":51.78,
            "학군총점":59.424,
            "인구수":35.4,
            "인구증감":-2.14,
            "인구총점":24.138,
            "일자리":20.67,
            "소득수준":62.84,
            "일자리총점":33.321,
            "가치 총점":47.9136,
            "매매실거래년":20211027.0,
            "매매실거래가":74000.0,
            "전세실거래년":20220115.0,
            "전세실거래가":42000.0,
            "전세가율":87.5,
            "장기전세가율평균":69.72,
            "전세가율거품지수":-17.78,
            "검색코드":8318,
            "세대수":1008.0,
            "준공년월":"2001-04-20",
            "준공년차":22.0,
            "가까운역이름":"중앙",
            "가까운역거리":1078.51,
            "역세권여부":"비역세권",
            "30분이내주요거점역":0,
            "30분거점역이름":"[]",
            "1시간이내주요거점역":4,
            "1시간거점역이름":"['수원시청', '평촌', '수원', '안산']",
            "3km이내백화점수":1,
            "5km이내아울렛몰수":0,
            "1km이내대형먀트수":1,
            "500m이내은행수":0,
            "500m이내병원수":12,
            "5km이내대형병원수":4,
            "500m이내공원수":3,
            "3km이내혐오시설수":0,
            "초등학교학업성취도":90.0,
            "중학교학업성취도":84.9,
            "용적률":184,
            "건폐율":19,
            "Y":37.306846,
            "X":126.834336,
            "rank":49.0,
            "area_info":"28평(95.57), 33평(110.64), 34평(112.4), 34평(114.04), 37평(124.57), 44평(147.74), 54평(179.93)",
            "last_sales":"2021-10-27,74000.0,37평(124.57)",
            "rank_history":[
                [
                    "202202",
                    49
                ],
                [
                    "202201",
                    33
                ]
            ],
            "rank_gap":-16
        },
        {
            "index":122,
            "아파트명":"로데오타운",
            "투자타입":"일반",
            "전용면적(m2)":"51.9",
            "전용면적(평)":"15평",
            "법정동주소":"경기도 안산시 단원구 고잔동 771-3",
            "도로명주소":"경기도 안산시 단원구 광덕대로 154",
            "세대수":0,
            "입주년차":20,
            "용적률점수":"--",
            "건폐율점수":"--",
            "세대당주차수":0,
            "난방방식":100,
            "공급면적":"--",
            "전용률":"--",
            "욕실수":50,
            "현관타입":50,
            "주거총점":24.0,
            "지역구공급총점":0.0,
            "역세권":50,
            "30분내 이동가능 거점":0,
            "1시간내 이동가능 거점":0,
            "교통총점":25.0,
            "백화점":100,
            "아울렛몰":0,
            "대형마트":80,
            "은행":100,
            "병원":100,
            "종합병원":100,
            "공원":80,
            "혐오시설":0,
            "인프라총점":84.4,
            "초등학군":90.01,
            "중학군":51.78,
            "학군총점":59.426,
            "인구수":35.4,
            "인구증감":-2.14,
            "인구총점":24.138,
            "일자리":20.67,
            "소득수준":62.84,
            "일자리총점":33.321,
            "가치 총점":47.7839,
            "매매실거래년":20210507.0,
            "매매실거래가":8000.0,
            "전세실거래년":null,
            "전세실거래가":null,
            "전세가율":null,
            "장기전세가율평균":69.72,
            "전세가율거품지수":null,
            "검색코드":18253,
            "세대수":108.0,
            "준공년월":"2002-12-04",
            "준공년차":21.0,
            "가까운역이름":"중앙",
            "가까운역거리":949.37,
            "역세권여부":"준역세권",
            "30분이내주요거점역":0,
            "30분거점역이름":"[]",
            "1시간이내주요거점역":0,
            "1시간거점역이름":"[]",
            "3km이내백화점수":1,
            "5km이내아울렛몰수":0,
            "1km이내대형먀트수":1,
            "500m이내은행수":5,
            "500m이내병원수":73,
            "5km이내대형병원수":4,
            "500m이내공원수":1,
            "3km이내혐오시설수":0,
            "초등학교학업성취도":90.01,
            "중학교학업성취도":84.9,
            "용적률":423,
            "건폐율":72,
            "Y":37.310188,
            "X":126.830641,
            "rank":50.0,
            "area_info":"15평(51.9), 16평(53.77), 16평(55.65), 16평(55.61), 17평(56.85), 18평(60.02), 18평(59.64), 19평(64.36), 31평(102.94)",
            "last_sales":"2021-05-07,8000.0,18평(59.64)",
            "rank_history":[
                [
                    "202202",
                    0
                ],
                [
                    "202201",
                    9999
                ]
            ],
            "rank_gap":9999
        },
        {
            "index":21,
            "아파트명":"고잔리슈빌S",
            "투자타입":"일반",
            "전용면적(m2)":"49.88",
            "전용면적(평)":"15평",
            "법정동주소":"경기도 안산시 단원구 고잔동 528-4",
            "도로명주소":"경기도 안산시 단원구 당곡로 27",
            "세대수":0,
            "입주년차":100,
            "용적률점수":"--",
            "건폐율점수":"--",
            "세대당주차수":0,
            "난방방식":30,
            "공급면적":"--",
            "전용률":"--",
            "욕실수":50,
            "현관타입":10,
            "주거총점":29.0,
            "지역구공급총점":0.0,
            "역세권":50,
            "30분내 이동가능 거점":0,
            "1시간내 이동가능 거점":0,
            "교통총점":25.0,
            "백화점":100,
            "아울렛몰":0,
            "대형마트":80,
            "은행":100,
            "병원":100,
            "종합병원":100,
            "공원":0,
            "혐오시설":0,
            "인프라총점":82.0,
            "초등학군":90.0,
            "중학군":48.0,
            "학군총점":56.4,
            "인구수":35.4,
            "인구증감":-2.14,
            "인구총점":24.138,
            "일자리":20.67,
            "소득수준":62.84,
            "일자리총점":33.321,
            "가치 총점":47.61,
            "매매실거래년":20220106.0,
            "매매실거래가":13500.0,
            "전세실거래년":20220107.0,
            "전세실거래가":13500.0,
            "전세가율":118.42,
            "장기전세가율평균":69.72,
            "전세가율거품지수":-48.7,
            "검색코드":128590,
            "세대수":288.0,
            "준공년월":"2020-08-31",
            "준공년차":3.0,
            "가까운역이름":"중앙",
            "가까운역거리":632.34,
            "역세권여부":"준역세권",
            "30분이내주요거점역":0,
            "30분거점역이름":"[]",
            "1시간이내주요거점역":0,
            "1시간거점역이름":"[]",
            "3km이내백화점수":1,
            "5km이내아울렛몰수":0,
            "1km이내대형먀트수":1,
            "500m이내은행수":8,
            "500m이내병원수":111,
            "5km이내대형병원수":4,
            "500m이내공원수":0,
            "3km이내혐오시설수":0,
            "초등학교학업성취도":90.0,
            "중학교학업성취도":78.6,
            "용적률":798,
            "건폐율":74,
            "Y":37.319666,
            "X":126.83317,
            "rank":51.0,
            "area_info":"15평(49.88), 15평(50.87), 15평(51.56), 17평(56.24), 19평(63.79)",
            "last_sales":"2022-01-06,13500.0,19평(63.79)",
            "rank_history":[
                [
                    "202202",
                    0
                ],
                [
                    "202201",
                    9999
                ]
            ],
            "rank_gap":9999
        },
        {
            "index":31,
            "아파트명":"골든빌",
            "투자타입":"일반",
            "전용면적(m2)":"55.32",
            "전용면적(평)":"16평",
            "법정동주소":"경기도 안산시 단원구 고잔동 724",
            "도로명주소":"경기도 안산시 단원구 광덕대로 206",
            "세대수":0,
            "입주년차":40,
            "용적률점수":"--",
            "건폐율점수":"--",
            "세대당주차수":0,
            "난방방식":80,
            "공급면적":"--",
            "전용률":"--",
            "욕실수":50,
            "현관타입":100,
            "주거총점":31.0,
            "지역구공급총점":0.0,
            "역세권":50,
            "30분내 이동가능 거점":0,
            "1시간내 이동가능 거점":0,
            "교통총점":25.0,
            "백화점":100,
            "아울렛몰":0,
            "대형마트":80,
            "은행":70,
            "병원":100,
            "종합병원":100,
            "공원":0,
            "혐오시설":0,
            "인프라총점":79.0,
            "초등학군":90.01,
            "중학군":50.38,
            "학군총점":58.306,
            "인구수":35.4,
            "인구증감":-2.14,
            "인구총점":24.138,
            "일자리":20.67,
            "소득수준":62.84,
            "일자리총점":33.321,
            "가치 총점":47.3959,
            "매매실거래년":20220108.0,
            "매매실거래가":7930.0,
            "전세실거래년":20211216.0,
            "전세실거래가":7500.0,
            "전세가율":94.58,
            "장기전세가율평균":69.72,
            "전세가율거품지수":-24.86,
            "검색코드":18300,
            "세대수":268.0,
            "준공년월":"2004-03-10",
            "준공년차":19.0,
            "가까운역이름":"중앙",
            "가까운역거리":687.61,
            "역세권여부":"준역세권",
            "30분이내주요거점역":0,
            "30분거점역이름":"[]",
            "1시간이내주요거점역":0,
            "1시간거점역이름":"[]",
            "3km이내백화점수":1,
            "5km이내아울렛몰수":0,
            "1km이내대형먀트수":1,
            "500m이내은행수":3,
            "500m이내병원수":61,
            "5km이내대형병원수":4,
            "500m이내공원수":0,
            "3km이내혐오시설수":0,
            "초등학교학업성취도":90.01,
            "중학교학업성취도":83.1,
            "용적률":602,
            "건폐율":79,
            "Y":37.314661,
            "X":126.830966,
            "rank":52.0,
            "area_info":"16평(55.32), 18평(61.65), 18평(61.0), 20평(67.97), 25평(85.12), 38평(125.65), 39평(131.32)",
            "last_sales":"2022-01-08,7930.0,16평(55.32)",
            "rank_history":[
                [
                    "202202",
                    0
                ],
                [
                    "202201",
                    9999
                ]
            ],
            "rank_gap":9999
        },
        {
            "index":720,
            "아파트명":"주공그린빌15단지",
            "투자타입":"일반",
            "전용면적(m2)":"54.69",
            "전용면적(평)":"16평",
            "법정동주소":"경기도 안산시 단원구 초지동 736",
            "도로명주소":"경기도 안산시 단원구 초지2로 41",
            "세대수":90,
            "입주년차":20,
            "용적률점수":"--",
            "건폐율점수":"--",
            "세대당주차수":0,
            "난방방식":100,
            "공급면적":"--",
            "전용률":"--",
            "욕실수":50,
            "현관타입":100,
            "주거총점":60.5,
            "지역구공급총점":0.0,
            "역세권":0,
            "30분내 이동가능 거점":20,
            "1시간내 이동가능 거점":40,
            "교통총점":14.0,
            "백화점":100,
            "아울렛몰":0,
            "대형마트":80,
            "은행":0,
            "병원":60,
            "종합병원":100,
            "공원":100,
            "혐오시설":0,
            "인프라총점":71.0,
            "초등학군":89.96,
            "중학군":50.74,
            "학군총점":58.584,
            "인구수":35.4,
            "인구증감":-2.14,
            "인구총점":24.138,
            "일자리":20.67,
            "소득수준":62.84,
            "일자리총점":33.321,
            "가치 총점":47.0876,
            "매매실거래년":20220114.0,
            "매매실거래가":40000.0,
            "전세실거래년":20220111.0,
            "전세실거래가":12000.0,
            "전세가율":55.81,
            "장기전세가율평균":69.72,
            "전세가율거품지수":13.91,
            "검색코드":3670,
            "세대수":975.0,
            "준공년월":"2002-04-20",
            "준공년차":21.0,
            "가까운역이름":"고잔",
            "가까운역거리":1366.09,
            "역세권여부":"비역세권",
            "30분이내주요거점역":1,
            "30분거점역이름":"['안산']",
            "1시간이내주요거점역":4,
            "1시간거점역이름":"['수원시청', '평촌', '수원', '안산']",
            "3km이내백화점수":1,
            "5km이내아울렛몰수":0,
            "1km이내대형먀트수":1,
            "500m이내은행수":1,
            "500m이내병원수":24,
            "5km이내대형병원수":3,
            "500m이내공원수":2,
            "3km이내혐오시설수":0,
            "초등학교학업성취도":89.96,
            "중학교학업성취도":83.3,
            "용적률":148,
            "건폐율":20,
            "Y":37.307598,
            "X":126.812982,
            "rank":53.0,
            "area_info":"16평(54.69), 20평(66.95), 20평(66.63), 20평(66.59), 24평(80.34)",
            "last_sales":"2022-01-14,40000.0,24평(80.34)",
            "rank_history":[
                [
                    "202202",
                    53
                ],
                [
                    "202201",
                    35
                ]
            ],
            "rank_gap":-18
        },
        {
            "index":744,
            "아파트명":"행복한서해그랑블",
            "투자타입":"일반",
            "전용면적(m2)":"93.94",
            "전용면적(평)":"28평",
            "법정동주소":"경기도 안산시 단원구 초지동 741",
            "도로명주소":"경기도 안산시 단원구 초지1로 78",
            "세대수":100,
            "입주년차":40,
            "용적률점수":"--",
            "건폐율점수":"--",
            "세대당주차수":60,
            "난방방식":100,
            "공급면적":"--",
            "전용률":"--",
            "욕실수":100,
            "현관타입":100,
            "주거총점":82.0,
            "지역구공급총점":0.0,
            "역세권":0,
            "30분내 이동가능 거점":0,
            "1시간내 이동가능 거점":10,
            "교통총점":2.0,
            "백화점":100,
            "아울렛몰":0,
            "대형마트":80,
            "은행":0,
            "병원":60,
            "종합병원":100,
            "공원":80,
            "혐오시설":0,
            "인프라총점":70.4,
            "초등학군":90.0,
            "중학군":50.74,
            "학군총점":58.592,
            "인구수":35.4,
            "인구증감":-2.14,
            "인구총점":24.138,
            "일자리":20.67,
            "소득수준":62.84,
            "일자리총점":33.321,
            "가치 총점":47.0088,
            "매매실거래년":20220112.0,
            "매매실거래가":50000.0,
            "전세실거래년":20220122.0,
            "전세실거래가":21000.0,
            "전세가율":41.18,
            "장기전세가율평균":69.72,
            "전세가율거품지수":28.54,
            "검색코드":8248,
            "세대수":1954.0,
            "준공년월":"2004-07-06",
            "준공년차":19.0,
            "가까운역이름":"고잔",
            "가까운역거리":1821.9,
            "역세권여부":"비역세권",
            "30분이내주요거점역":0,
            "30분거점역이름":"[]",
            "1시간이내주요거점역":1,
            "1시간거점역이름":"['안산']",
            "3km이내백화점수":1,
            "5km이내아울렛몰수":0,
            "1km이내대형먀트수":1,
            "500m이내은행수":0,
            "500m이내병원수":16,
            "5km이내대형병원수":3,
            "500m이내공원수":1,
            "3km이내혐오시설수":0,
            "초등학교학업성취도":90.0,
            "중학교학업성취도":83.3,
            "용적률":182,
            "건폐율":16,
            "Y":37.301263,
            "X":126.816623,
            "rank":54.0,
            "area_info":"28평(93.94), 29평(96.97), 32평(106.01), 36평(119.6), 36평(120.01), 41평(135.72), 48평(159.23)",
            "last_sales":"2022-01-12,50000.0,32평(106.01)",
            "rank_history":[
                [
                    "202202",
                    54
                ],
                [
                    "202201",
                    36
                ]
            ],
            "rank_gap":-18
        },
        {
            "index":714,
            "아파트명":"주공그린빌14단지",
            "투자타입":"일반",
            "전용면적(m2)":"56.7",
            "전용면적(평)":"17평",
            "법정동주소":"경기도 안산시 단원구 초지동 725",
            "도로명주소":"경기도 안산시 단원구 광덕2로 32",
            "세대수":90,
            "입주년차":20,
            "용적률점수":"--",
            "건폐율점수":"--",
            "세대당주차수":0,
            "난방방식":100,
            "공급면적":"--",
            "전용률":"--",
            "욕실수":50,
            "현관타입":100,
            "주거총점":60.5,
            "지역구공급총점":0.0,
            "역세권":0,
            "30분내 이동가능 거점":20,
            "1시간내 이동가능 거점":40,
            "교통총점":14.0,
            "백화점":100,
            "아울렛몰":0,
            "대형마트":80,
            "은행":0,
            "병원":60,
            "종합병원":100,
            "공원":100,
            "혐오시설":0,
            "인프라총점":71.0,
            "초등학군":89.99,
            "중학군":48.12,
            "학군총점":56.494,
            "인구수":35.4,
            "인구증감":-2.14,
            "인구총점":24.138,
            "일자리":20.67,
            "소득수준":62.84,
            "일자리총점":33.321,
            "가치 총점":46.7741,
            "매매실거래년":20220110.0,
            "매매실거래가":40000.0,
            "전세실거래년":20211001.0,
            "전세실거래가":17000.0,
            "전세가율":74.89,
            "장기전세가율평균":69.72,
            "전세가율거품지수":-5.17,
            "검색코드":3669,
            "세대수":1012.0,
            "준공년월":"2002-04-10",
            "준공년차":21.0,
            "가까운역이름":"고잔",
            "가까운역거리":1148.48,
            "역세권여부":"비역세권",
            "30분이내주요거점역":1,
            "30분거점역이름":"['안산']",
            "1시간이내주요거점역":4,
            "1시간거점역이름":"['수원시청', '평촌', '수원', '안산']",
            "3km이내백화점수":1,
            "5km이내아울렛몰수":0,
            "1km이내대형먀트수":1,
            "500m이내은행수":1,
            "500m이내병원수":19,
            "5km이내대형병원수":3,
            "500m이내공원수":2,
            "3km이내혐오시설수":0,
            "초등학교학업성취도":89.99,
            "중학교학업성취도":79.6,
            "용적률":148,
            "건폐율":19,
            "Y":37.309874,
            "X":126.813589,
            "rank":55.0,
            "area_info":"17평(56.7), 20평(67.46), 20평(69.15), 21평(69.47), 25평(83.41), 25평(83.58)",
            "last_sales":"2022-01-10,40000.0,25평(83.58)",
            "rank_history":[
                [
                    "202202",
                    55
                ],
                [
                    "202201",
                    37
                ]
            ],
            "rank_gap":-18
        },
        {
            "index":430,
            "아파트명":"프라움시티",
            "투자타입":"일반",
            "전용면적(m2)":"164.28",
            "전용면적(평)":"49평",
            "법정동주소":"경기도 안산시 단원구 고잔동 528-1",
            "도로명주소":"경기도 안산시 단원구 당곡로 33",
            "세대수":0,
            "입주년차":60,
            "용적률점수":"--",
            "건폐율점수":"--",
            "세대당주차수":60,
            "난방방식":100,
            "공급면적":"--",
            "전용률":"--",
            "욕실수":100,
            "현관타입":10,
            "주거총점":42.0,
            "지역구공급총점":0.0,
            "역세권":50,
            "30분내 이동가능 거점":0,
            "1시간내 이동가능 거점":0,
            "교통총점":25.0,
            "백화점":100,
            "아울렛몰":0,
            "대형마트":0,
            "은행":100,
            "병원":100,
            "종합병원":100,
            "공원":0,
            "혐오시설":0,
            "인프라총점":70.0,
            "초등학군":90.0,
            "중학군":48.0,
            "학군총점":56.4,
            "인구수":35.4,
            "인구증감":-2.14,
            "인구총점":24.138,
            "일자리":20.67,
            "소득수준":62.84,
            "일자리총점":33.321,
            "가치 총점":46.61,
            "매매실거래년":20220106.0,
            "매매실거래가":39000.0,
            "전세실거래년":20211001.0,
            "전세실거래가":27000.0,
            "전세가율":79.41,
            "장기전세가율평균":69.72,
            "전세가율거품지수":-9.69,
            "검색코드":100637,
            "세대수":288.0,
            "준공년월":"2010-11-18",
            "준공년차":13.0,
            "가까운역이름":"중앙",
            "가까운역거리":691.59,
            "역세권여부":"준역세권",
            "30분이내주요거점역":0,
            "30분거점역이름":"[]",
            "1시간이내주요거점역":0,
            "1시간거점역이름":"[]",
            "3km이내백화점수":1,
            "5km이내아울렛몰수":0,
            "1km이내대형먀트수":0,
            "500m이내은행수":7,
            "500m이내병원수":103,
            "5km이내대형병원수":4,
            "500m이내공원수":0,
            "3km이내혐오시설수":0,
            "초등학교학업성취도":90.0,
            "중학교학업성취도":78.6,
            "용적률":852,
            "건폐율":77,
            "Y":37.320358,
            "X":126.833067,
            "rank":56.0,
            "area_info":"49평(164.28), 56평(187.12)",
            "last_sales":"2022-01-06,39000.0,56평(187.12)",
            "rank_history":[
                [
                    "202202",
                    0
                ],
                [
                    "202201",
                    9999
                ]
            ],
            "rank_gap":9999
        },
        {
            "index":380,
            "아파트명":"타워아이즈빌Ⅰ",
            "투자타입":"일반",
            "전용면적(m2)":"35.2",
            "전용면적(평)":"10평",
            "법정동주소":"경기도 안산시 단원구 고잔동 527-4",
            "도로명주소":"경기도 안산시 단원구 고잔로 51",
            "세대수":0,
            "입주년차":40,
            "용적률점수":"--",
            "건폐율점수":"--",
            "세대당주차수":0,
            "난방방식":100,
            "공급면적":"--",
            "전용률":"--",
            "욕실수":50,
            "현관타입":10,
            "주거총점":24.0,
            "지역구공급총점":0.0,
            "역세권":50,
            "30분내 이동가능 거점":0,
            "1시간내 이동가능 거점":0,
            "교통총점":25.0,
            "백화점":100,
            "아울렛몰":0,
            "대형마트":80,
            "은행":100,
            "병원":100,
            "종합병원":100,
            "공원":0,
            "혐오시설":0,
            "인프라총점":82.0,
            "초등학군":90.0,
            "중학군":48.0,
            "학군총점":56.4,
            "인구수":35.4,
            "인구증감":-2.14,
            "인구총점":24.138,
            "일자리":20.67,
            "소득수준":62.84,
            "일자리총점":33.321,
            "가치 총점":46.61,
            "매매실거래년":20220106.0,
            "매매실거래가":7300.0,
            "전세실거래년":20220115.0,
            "전세실거래가":6000.0,
            "전세가율":115.61,
            "장기전세가율평균":69.72,
            "전세가율거품지수":-45.89,
            "검색코드":18620,
            "세대수":226.0,
            "준공년월":"2007-04-02",
            "준공년차":16.0,
            "가까운역이름":"중앙",
            "가까운역거리":709.0,
            "역세권여부":"준역세권",
            "30분이내주요거점역":0,
            "30분거점역이름":"[]",
            "1시간이내주요거점역":0,
            "1시간거점역이름":"[]",
            "3km이내백화점수":1,
            "5km이내아울렛몰수":0,
            "1km이내대형먀트수":1,
            "500m이내은행수":7,
            "500m이내병원수":97,
            "5km이내대형병원수":4,
            "500m이내공원수":0,
            "3km이내혐오시설수":0,
            "초등학교학업성취도":90.0,
            "중학교학업성취도":78.6,
            "용적률":901,
            "건폐율":69,
            "Y":37.3196,
            "X":126.832007,
            "rank":56.0,
            "area_info":"10평(35.2), 11평(38.75), 12평(39.7), 13평(43.19), 13평(43.53), 14평(47.23), 15평(49.9), 15평(51.46), 17평(58.7), 18평(60.55), 19평(64.09), 19평(64.78), 20평(67.04), 19평(66.1), 20평(67.48), 20평(68.82), 20평(69.01), 21평(72.19), 22평(73.26), 22평(73.54), 22평(75.57)",
            "last_sales":"2022-01-06,7300.0,15평(51.46)",
            "rank_history":[
                [
                    "202202",
                    0
                ],
                [
                    "202201",
                    9999
                ]
            ],
            "rank_gap":9999
        },
        {
            "index":416,
            "아파트명":"퍼스트빌",
            "투자타입":"일반",
            "전용면적(m2)":"51.97",
            "전용면적(평)":"15평",
            "법정동주소":"경기도 안산시 단원구 고잔동 708-1",
            "도로명주소":"경기도 안산시 단원구 광덕대로 155",
            "세대수":0,
            "입주년차":20,
            "용적률점수":"--",
            "건폐율점수":"--",
            "세대당주차수":0,
            "난방방식":30,
            "공급면적":"--",
            "전용률":"--",
            "욕실수":50,
            "현관타입":50,
            "주거총점":17.0,
            "지역구공급총점":0.0,
            "역세권":50,
            "30분내 이동가능 거점":0,
            "1시간내 이동가능 거점":0,
            "교통총점":25.0,
            "백화점":100,
            "아울렛몰":0,
            "대형마트":80,
            "은행":100,
            "병원":100,
            "종합병원":100,
            "공원":80,
            "혐오시설":0,
            "인프라총점":84.4,
            "초등학군":90.01,
            "중학군":51.78,
            "학군총점":59.426,
            "인구수":35.4,
            "인구증감":-2.14,
            "인구총점":24.138,
            "일자리":20.67,
            "소득수준":62.84,
            "일자리총점":33.321,
            "가치 총점":46.3839,
            "매매실거래년":20210604.0,
            "매매실거래가":10500.0,
            "전세실거래년":null,
            "전세실거래가":null,
            "전세가율":null,
            "장기전세가율평균":69.72,
            "전세가율거품지수":null,
            "검색코드":18291,
            "세대수":130.0,
            "준공년월":"2002-12-02",
            "준공년차":21.0,
            "가까운역이름":"고잔",
            "가까운역거리":906.68,
            "역세권여부":"준역세권",
            "30분이내주요거점역":0,
            "30분거점역이름":"[]",
            "1시간이내주요거점역":0,
            "1시간거점역이름":"[]",
            "3km이내백화점수":1,
            "5km이내아울렛몰수":0,
            "1km이내대형먀트수":1,
            "500m이내은행수":5,
            "500m이내병원수":74,
            "5km이내대형병원수":4,
            "500m이내공원수":1,
            "3km이내혐오시설수":0,
            "초등학교학업성취도":90.01,
            "중학교학업성취도":84.9,
            "용적률":417,
            "건폐율":75,
            "Y":37.310055,
            "X":126.829052,
            "rank":57.0,
            "area_info":"15평(51.97), 19평(63.65)",
            "last_sales":"2021-06-04,10500.0,19평(63.65)",
            "rank_history":[
                [
                    "202202",
                    0
                ],
                [
                    "202201",
                    9999
                ]
            ],
            "rank_gap":9999
        },
        {
            "index":3,
            "아파트명":"강희그랜드",
            "투자타입":"일반",
            "전용면적(m2)":"48.5",
            "전용면적(평)":"14평",
            "법정동주소":"경기도 안산시 단원구 고잔동 717",
            "도로명주소":"경기도 안산시 단원구 광덕대로 145",
            "세대수":0,
            "입주년차":20,
            "용적률점수":"--",
            "건폐율점수":"--",
            "세대당주차수":0,
            "난방방식":30,
            "공급면적":"--",
            "전용률":"--",
            "욕실수":50,
            "현관타입":50,
            "주거총점":17.0,
            "지역구공급총점":0.0,
            "역세권":50,
            "30분내 이동가능 거점":0,
            "1시간내 이동가능 거점":0,
            "교통총점":25.0,
            "백화점":100,
            "아울렛몰":0,
            "대형마트":80,
            "은행":100,
            "병원":100,
            "종합병원":100,
            "공원":80,
            "혐오시설":0,
            "인프라총점":84.4,
            "초등학군":90.01,
            "중학군":51.78,
            "학군총점":59.426,
            "인구수":35.4,
            "인구증감":-2.14,
            "인구총점":24.138,
            "일자리":20.67,
            "소득수준":62.84,
            "일자리총점":33.321,
            "가치 총점":46.3839,
            "매매실거래년":20211108.0,
            "매매실거래가":11800.0,
            "전세실거래년":20140129.0,
            "전세실거래가":5000.0,
            "전세가율":55.56,
            "장기전세가율평균":69.72,
            "전세가율거품지수":14.16,
            "검색코드":18251,
            "세대수":209.0,
            "준공년월":"2003-03-21",
            "준공년차":20.0,
            "가까운역이름":"고잔",
            "가까운역거리":951.12,
            "역세권여부":"준역세권",
            "30분이내주요거점역":0,
            "30분거점역이름":"[]",
            "1시간이내주요거점역":0,
            "1시간거점역이름":"[]",
            "3km이내백화점수":1,
            "5km이내아울렛몰수":0,
            "1km이내대형먀트수":1,
            "500m이내은행수":5,
            "500m이내병원수":72,
            "5km이내대형병원수":4,
            "500m이내공원수":1,
            "3km이내혐오시설수":0,
            "초등학교학업성취도":90.01,
            "중학교학업성취도":84.9,
            "용적률":599,
            "건폐율":73,
            "Y":37.309523,
            "X":126.828948,
            "rank":57.0,
            "area_info":"14평(48.5), 15평(52.44), 16평(55.98), 17평(59.0), 56평(185.52), 80평(266.21)",
            "last_sales":"2021-11-08,11800.0,17평(59.0)",
            "rank_history":[
                [
                    "202202",
                    0
                ],
                [
                    "202201",
                    9999
                ]
            ],
            "rank_gap":9999
        },
        {
            "index":65,
            "아파트명":"대우마이빌",
            "투자타입":"일반",
            "전용면적(m2)":"43.95",
            "전용면적(평)":"13평",
            "법정동주소":"경기도 안산시 단원구 고잔동 523-6",
            "도로명주소":"경기도 안산시 단원구 고잔로 23-12",
            "세대수":30,
            "입주년차":20,
            "용적률점수":"--",
            "건폐율점수":"--",
            "세대당주차수":0,
            "난방방식":30,
            "공급면적":"--",
            "전용률":"--",
            "욕실수":50,
            "현관타입":50,
            "주거총점":27.5,
            "지역구공급총점":0.0,
            "역세권":50,
            "30분내 이동가능 거점":0,
            "1시간내 이동가능 거점":0,
            "교통총점":25.0,
            "백화점":100,
            "아울렛몰":0,
            "대형마트":80,
            "은행":100,
            "병원":60,
            "종합병원":100,
            "공원":0,
            "혐오시설":0,
            "인프라총점":78.0,
            "초등학군":90.0,
            "중학군":48.0,
            "학군총점":56.4,
            "인구수":35.4,
            "인구증감":-2.14,
            "인구총점":24.138,
            "일자리":20.67,
            "소득수준":62.84,
            "일자리총점":33.321,
            "가치 총점":46.11,
            "매매실거래년":20220124.0,
            "매매실거래가":6500.0,
            "전세실거래년":20210710.0,
            "전세실거래가":6500.0,
            "전세가율":108.33,
            "장기전세가율평균":69.72,
            "전세가율거품지수":-38.61,
            "검색코드":17745,
            "세대수":390.0,
            "준공년월":"2003-12-12",
            "준공년차":20.0,
            "가까운역이름":"고잔",
            "가까운역거리":687.9,
            "역세권여부":"준역세권",
            "30분이내주요거점역":0,
            "30분거점역이름":"[]",
            "1시간이내주요거점역":0,
            "1시간거점역이름":"[]",
            "3km이내백화점수":1,
            "5km이내아울렛몰수":0,
            "1km이내대형먀트수":1,
            "500m이내은행수":6,
            "500m이내병원수":25,
            "5km이내대형병원수":4,
            "500m이내공원수":0,
            "3km이내혐오시설수":0,
            "초등학교학업성취도":90.0,
            "중학교학업성취도":78.6,
            "용적률":904,
            "건폐율":75,
            "Y":37.320637,
            "X":126.829328,
            "rank":58.0,
            "area_info":"13평(43.95), 14평(47.61), 15평(50.05), 15평(51.17), 16평(54.18), 16평(55.44), 17평(58.7), 18평(61.41), 18평(61.71), 20평(66.54)",
            "last_sales":"2022-01-24,6500.0,14평(47.61)",
            "rank_history":[
                [
                    "202202",
                    0
                ],
                [
                    "202201",
                    9999
                ]
            ],
            "rank_gap":9999
        },
        {
            "index":305,
            "아파트명":"주공8단지",
            "투자타입":"재건축",
            "전용면적(m2)":"75.45",
            "전용면적(평)":"22평",
            "법정동주소":"경기도 안산시 단원구 고잔동 671",
            "도로명주소":"경기도 안산시 단원구 당곡2로 29",
            "세대수":90,
            "입주년차":"--",
            "용적률점수":80,
            "건폐율점수":0,
            "세대당주차수":"--",
            "난방방식":"--",
            "공급면적":50,
            "전용률":60,
            "욕실수":"--",
            "현관타입":"--",
            "주거총점":64.5,
            "지역구공급총점":0.0,
            "역세권":0,
            "30분내 이동가능 거점":0,
            "1시간내 이동가능 거점":40,
            "교통총점":8.0,
            "백화점":100,
            "아울렛몰":0,
            "대형마트":80,
            "은행":0,
            "병원":60,
            "종합병원":100,
            "공원":100,
            "혐오시설":0,
            "인프라총점":71.0,
            "초등학군":89.97,
            "중학군":48.0,
            "학군총점":56.394,
            "인구수":35.4,
            "인구증감":-2.14,
            "인구총점":24.138,
            "일자리":20.67,
            "소득수준":62.84,
            "일자리총점":33.321,
            "가치 총점":45.4591,
            "매매실거래년":20220114.0,
            "매매실거래가":43400.0,
            "전세실거래년":20220112.0,
            "전세실거래가":23000.0,
            "전세가율":60.53,
            "장기전세가율평균":69.72,
            "전세가율거품지수":9.19,
            "검색코드":10497,
            "세대수":1020.0,
            "준공년월":"1987-06-01",
            "준공년차":36.0,
            "가까운역이름":"중앙",
            "가까운역거리":1103.68,
            "역세권여부":"비역세권",
            "30분이내주요거점역":0,
            "30분거점역이름":"[]",
            "1시간이내주요거점역":4,
            "1시간거점역이름":"['수원시청', '평촌', '수원', '안산']",
            "3km이내백화점수":1,
            "5km이내아울렛몰수":0,
            "1km이내대형먀트수":1,
            "500m이내은행수":0,
            "500m이내병원수":14,
            "5km이내대형병원수":4,
            "500m이내공원수":2,
            "3km이내혐오시설수":0,
            "초등학교학업성취도":89.97,
            "중학교학업성취도":78.6,
            "용적률":158,
            "건폐율":0,
            "Y":37.325859,
            "X":126.839063,
            "rank":59.0,
            "area_info":"22평(75.45), 25평(83.73), 26평(88.81), 27평(90.58), 27평(90.34), 27평(91.56), 28평(94.23), 28평(94.57)",
            "last_sales":"2022-01-14,43400.0,27평(90.58)",
            "rank_history":[
                [
                    "202202",
                    59
                ],
                [
                    "202201",
                    39
                ]
            ],
            "rank_gap":-20
        },
        {
            "index":494,
            "아파트명":"군자주공10단지",
            "투자타입":"재건축",
            "전용면적(m2)":"49.56",
            "전용면적(평)":"14평",
            "법정동주소":"경기도 안산시 단원구 선부동 1069",
            "도로명주소":"경기도 안산시 단원구 석수로 5",
            "세대수":80,
            "입주년차":"--",
            "용적률점수":100,
            "건폐율점수":80,
            "세대당주차수":"--",
            "난방방식":"--",
            "공급면적":50,
            "전용률":60,
            "욕실수":"--",
            "현관타입":"--",
            "주거총점":85.5,
            "지역구공급총점":0.0,
            "역세권":0,
            "30분내 이동가능 거점":20,
            "1시간내 이동가능 거점":30,
            "교통총점":12.0,
            "백화점":0,
            "아울렛몰":0,
            "대형마트":100,
            "은행":70,
            "병원":100,
            "종합병원":100,
            "공원":100,
            "혐오시설":0,
            "인프라총점":55.0,
            "초등학군":90.01,
            "중학군":41.26,
            "학군총점":51.01,
            "인구수":35.4,
            "인구증감":-2.14,
            "인구총점":24.138,
            "일자리":20.67,
            "소득수준":62.84,
            "일자리총점":33.321,
            "가치 총점":45.4515,
            "매매실거래년":20220125.0,
            "매매실거래가":35700.0,
            "전세실거래년":20220127.0,
            "전세실거래가":12500.0,
            "전세가율":35.01,
            "장기전세가율평균":69.72,
            "전세가율거품지수":34.71,
            "검색코드":1944,
            "세대수":790.0,
            "준공년월":"1989-11-15",
            "준공년차":34.0,
            "가까운역이름":"초지",
            "가까운역거리":1939.03,
            "역세권여부":"비역세권",
            "30분이내주요거점역":1,
            "30분거점역이름":"['안산']",
            "1시간이내주요거점역":3,
            "1시간거점역이름":"['평촌', '수원', '안산']",
            "3km이내백화점수":0,
            "5km이내아울렛몰수":0,
            "1km이내대형먀트수":5,
            "500m이내은행수":3,
            "500m이내병원수":60,
            "5km이내대형병원수":3,
            "500m이내공원수":4,
            "3km이내혐오시설수":0,
            "초등학교학업성취도":90.01,
            "중학교학업성취도":67.7,
            "용적률":100,
            "건폐율":20,
            "Y":37.337872,
            "X":126.809323,
            "rank":60.0,
            "area_info":"14평(49.56), 15평(49.99), 17평(57.67), 17평(58.03)",
            "last_sales":"2022-01-25,35700.0,14평(49.56)",
            "rank_history":[
                [
                    "202202",
                    60
                ],
                [
                    "202201",
                    40
                ]
            ],
            "rank_gap":-20
        },
        {
            "index":673,
            "아파트명":"벽산블루밍",
            "투자타입":"일반",
            "전용면적(m2)":"80.93",
            "전용면적(평)":"24평",
            "법정동주소":"경기도 안산시 단원구 원곡동 828-5",
            "도로명주소":"경기도 안산시 단원구 원선로 50",
            "세대수":100,
            "입주년차":40,
            "용적률점수":"--",
            "건폐율점수":"--",
            "세대당주차수":0,
            "난방방식":100,
            "공급면적":"--",
            "전용률":"--",
            "욕실수":100,
            "현관타입":100,
            "주거총점":73.0,
            "지역구공급총점":0.0,
            "역세권":50,
            "30분내 이동가능 거점":20,
            "1시간내 이동가능 거점":30,
            "교통총점":37.0,
            "백화점":0,
            "아울렛몰":0,
            "대형마트":0,
            "은행":20,
            "병원":80,
            "종합병원":100,
            "공원":100,
            "혐오시설":0,
            "인프라총점":33.0,
            "초등학군":90.01,
            "중학군":43.62,
            "학군총점":52.898,
            "인구수":35.4,
            "인구증감":-2.14,
            "인구총점":24.138,
            "일자리":20.67,
            "소득수준":62.84,
            "일자리총점":33.321,
            "가치 총점":45.3847,
            "매매실거래년":20210817.0,
            "매매실거래가":57000.0,
            "전세실거래년":null,
            "전세실거래가":null,
            "전세가율":null,
            "장기전세가율평균":69.72,
            "전세가율거품지수":null,
            "검색코드":9692,
            "세대수":1515.0,
            "준공년월":"2004-07-30",
            "준공년차":19.0,
            "가까운역이름":"안산",
            "가까운역거리":979.49,
            "역세권여부":"준역세권",
            "30분이내주요거점역":1,
            "30분거점역이름":"['안산']",
            "1시간이내주요거점역":3,
            "1시간거점역이름":"['수원시청', '평촌', '안산']",
            "3km이내백화점수":0,
            "5km이내아울렛몰수":0,
            "1km이내대형먀트수":0,
            "500m이내은행수":2,
            "500m이내병원수":42,
            "5km이내대형병원수":3,
            "500m이내공원수":3,
            "3km이내혐오시설수":0,
            "초등학교학업성취도":90.01,
            "중학교학업성취도":72.5,
            "용적률":310,
            "건폐율":20,
            "Y":37.328627,
            "X":126.799438,
            "rank":61.0,
            "area_info":"24평(80.93), 24평(81.01), 28평(95.28), 32평(106.71), 42평(141.2)",
            "last_sales":"2021-08-17,57000.0,42평(141.2)",
            "rank_history":[
                [
                    "202202",
                    61
                ],
                [
                    "202201",
                    38
                ]
            ],
            "rank_gap":-23
        },
        {
            "index":498,
            "아파트명":"군자주공11단지",
            "투자타입":"재건축",
            "전용면적(m2)":"49.99",
            "전용면적(평)":"15평",
            "법정동주소":"경기도 안산시 단원구 선부동 1078",
            "도로명주소":"경기도 안산시 단원구 선부광장남로 111",
            "세대수":90,
            "입주년차":"--",
            "용적률점수":100,
            "건폐율점수":0,
            "세대당주차수":"--",
            "난방방식":"--",
            "공급면적":50,
            "전용률":60,
            "욕실수":"--",
            "현관타입":"--",
            "주거총점":72.5,
            "지역구공급총점":0.0,
            "역세권":0,
            "30분내 이동가능 거점":0,
            "1시간내 이동가능 거점":40,
            "교통총점":8.0,
            "백화점":100,
            "아울렛몰":0,
            "대형마트":100,
            "은행":0,
            "병원":10,
            "종합병원":100,
            "공원":100,
            "혐오시설":0,
            "인프라총점":69.0,
            "초등학군":89.98,
            "중학군":38.16,
            "학군총점":48.524,
            "인구수":35.4,
            "인구증감":-2.14,
            "인구총점":24.138,
            "일자리":20.67,
            "소득수준":62.84,
            "일자리총점":33.321,
            "가치 총점":45.2786,
            "매매실거래년":20211210.0,
            "매매실거래가":31000.0,
            "전세실거래년":20220121.0,
            "전세실거래가":14000.0,
            "전세가율":45.16,
            "장기전세가율평균":69.72,
            "전세가율거품지수":24.56,
            "검색코드":1945,
            "세대수":1190.0,
            "준공년월":"1990-08-01",
            "준공년차":33.0,
            "가까운역이름":"초지",
            "가까운역거리":1172.99,
            "역세권여부":"비역세권",
            "30분이내주요거점역":0,
            "30분거점역이름":"[]",
            "1시간이내주요거점역":4,
            "1시간거점역이름":"['수원시청', '평촌', '수원', '안산']",
            "3km이내백화점수":1,
            "5km이내아울렛몰수":0,
            "1km이내대형먀트수":4,
            "500m이내은행수":0,
            "500m이내병원수":4,
            "5km이내대형병원수":3,
            "500m이내공원수":2,
            "3km이내혐오시설수":0,
            "초등학교학업성취도":89.98,
            "중학교학업성취도":63.0,
            "용적률":109,
            "건폐율":86,
            "Y":37.329804,
            "X":126.812497,
            "rank":62.0,
            "area_info":"15평(49.99), 14평(49.56), 17평(57.67), 17평(58.03)",
            "last_sales":"2021-12-10,31000.0,15평(49.99)",
            "rank_history":[
                [
                    "202202",
                    62
                ],
                [
                    "202201",
                    43
                ]
            ],
            "rank_gap":-19
        },
        {
            "index":9,
            "아파트명":"거풍스카이팰리스",
            "투자타입":"일반",
            "전용면적(m2)":"46.43",
            "전용면적(평)":"14평",
            "법정동주소":"경기도 안산시 단원구 고잔동 530-2",
            "도로명주소":"경기도 안산시 단원구 당곡로 11",
            "세대수":0,
            "입주년차":20,
            "용적률점수":"--",
            "건폐율점수":"--",
            "세대당주차수":0,
            "난방방식":30,
            "공급면적":"--",
            "전용률":"--",
            "욕실수":50,
            "현관타입":50,
            "주거총점":17.0,
            "지역구공급총점":0.0,
            "역세권":50,
            "30분내 이동가능 거점":0,
            "1시간내 이동가능 거점":0,
            "교통총점":25.0,
            "백화점":100,
            "아울렛몰":0,
            "대형마트":80,
            "은행":100,
            "병원":100,
            "종합병원":100,
            "공원":0,
            "혐오시설":0,
            "인프라총점":82.0,
            "초등학군":90.0,
            "중학군":48.0,
            "학군총점":56.4,
            "인구수":35.4,
            "인구증감":-2.14,
            "인구총점":24.138,
            "일자리":20.67,
            "소득수준":62.84,
            "일자리총점":33.321,
            "가치 총점":45.21,
            "매매실거래년":20220106.0,
            "매매실거래가":7250.0,
            "전세실거래년":20211013.0,
            "전세실거래가":6500.0,
            "전세가율":98.48,
            "장기전세가율평균":69.72,
            "전세가율거품지수":-28.76,
            "검색코드":17742,
            "세대수":153.0,
            "준공년월":"2003-10-07",
            "준공년차":20.0,
            "가까운역이름":"중앙",
            "가까운역거리":574.16,
            "역세권여부":"준역세권",
            "30분이내주요거점역":0,
            "30분거점역이름":"[]",
            "1시간이내주요거점역":0,
            "1시간거점역이름":"[]",
            "3km이내백화점수":1,
            "5km이내아울렛몰수":0,
            "1km이내대형먀트수":1,
            "500m이내은행수":8,
            "500m이내병원수":116,
            "5km이내대형병원수":4,
            "500m이내공원수":0,
            "3km이내혐오시설수":0,
            "초등학교학업성취도":90.0,
            "중학교학업성취도":78.6,
            "용적률":565,
            "건폐율":69,
            "Y":37.31861,
            "X":126.833015,
            "rank":63.0,
            "area_info":"14평(46.43), 14평(48.41), 15평(51.26)",
            "last_sales":"2022-01-06,7250.0,15평(51.26)",
            "rank_history":[
                [
                    "202202",
                    0
                ],
                [
                    "202201",
                    9999
                ]
            ],
            "rank_gap":9999
        },
        {
            "index":504,
            "아파트명":"군자주공14단지",
            "투자타입":"재건축",
            "전용면적(m2)":"49.9",
            "전용면적(평)":"15평",
            "법정동주소":"경기도 안산시 단원구 선부동 1079",
            "도로명주소":"경기도 안산시 단원구 화정로 9",
            "세대수":80,
            "입주년차":"--",
            "용적률점수":0,
            "건폐율점수":80,
            "세대당주차수":"--",
            "난방방식":"--",
            "공급면적":50,
            "전용률":60,
            "욕실수":"--",
            "현관타입":"--",
            "주거총점":45.5,
            "지역구공급총점":0.0,
            "역세권":0,
            "30분내 이동가능 거점":20,
            "1시간내 이동가능 거점":40,
            "교통총점":14.0,
            "백화점":100,
            "아울렛몰":0,
            "대형마트":100,
            "은행":20,
            "병원":80,
            "종합병원":100,
            "공원":100,
            "혐오시설":0,
            "인프라총점":78.0,
            "초등학군":89.98,
            "중학군":41.26,
            "학군총점":51.004,
            "인구수":35.4,
            "인구증감":-2.14,
            "인구총점":24.138,
            "일자리":20.67,
            "소득수준":62.84,
            "일자리총점":33.321,
            "가치 총점":45.0506,
            "매매실거래년":20211203.0,
            "매매실거래가":37800.0,
            "전세실거래년":20211005.0,
            "전세실거래가":11500.0,
            "전세가율":36.22,
            "장기전세가율평균":69.72,
            "전세가율거품지수":33.5,
            "검색코드":11772,
            "세대수":770.0,
            "준공년월":"1992-05-21",
            "준공년차":31.0,
            "가까운역이름":"초지",
            "가까운역거리":1618.29,
            "역세권여부":"비역세권",
            "30분이내주요거점역":1,
            "30분거점역이름":"['안산']",
            "1시간이내주요거점역":4,
            "1시간거점역이름":"['수원시청', '평촌', '수원', '안산']",
            "3km이내백화점수":1,
            "5km이내아울렛몰수":0,
            "1km이내대형먀트수":5,
            "500m이내은행수":2,
            "500m이내병원수":36,
            "5km이내대형병원수":3,
            "500m이내공원수":2,
            "3km이내혐오시설수":0,
            "초등학교학업성취도":89.98,
            "중학교학업성취도":67.7,
            "용적률":0,
            "건폐율":22,
            "Y":37.33327,
            "X":126.81502,
            "rank":64.0,
            "area_info":"15평(49.9), 15평(50.33), 17평(58.37), 17평(58.01)",
            "last_sales":"2021-12-03,37800.0,17평(58.01)",
            "rank_history":[
                [
                    "202202",
                    64
                ],
                [
                    "202201",
                    42
                ]
            ],
            "rank_gap":-22
        },
        {
            "index":41,
            "아파트명":"늘봄스위트빌1",
            "투자타입":"일반",
            "전용면적(m2)":"33.45",
            "전용면적(평)":"10평",
            "법정동주소":"경기도 안산시 단원구 고잔동 524",
            "도로명주소":"경기도 안산시 단원구 고잔로 18",
            "세대수":30,
            "입주년차":20,
            "용적률점수":"--",
            "건폐율점수":"--",
            "세대당주차수":0,
            "난방방식":30,
            "공급면적":"--",
            "전용률":"--",
            "욕실수":50,
            "현관타입":50,
            "주거총점":27.5,
            "지역구공급총점":0.0,
            "역세권":50,
            "30분내 이동가능 거점":0,
            "1시간내 이동가능 거점":0,
            "교통총점":25.0,
            "백화점":100,
            "아울렛몰":0,
            "대형마트":80,
            "은행":100,
            "병원":60,
            "종합병원":100,
            "공원":0,
            "혐오시설":0,
            "인프라총점":78.0,
            "초등학군":90.0,
            "중학군":38.16,
            "학군총점":48.528,
            "인구수":35.4,
            "인구증감":-2.14,
            "인구총점":24.138,
            "일자리":20.67,
            "소득수준":62.84,
            "일자리총점":33.321,
            "가치 총점":44.9292,
            "매매실거래년":20200115.0,
            "매매실거래가":8000.0,
            "전세실거래년":null,
            "전세실거래가":null,
            "전세가율":null,
            "장기전세가율평균":69.72,
            "전세가율거품지수":null,
            "검색코드":17721,
            "세대수":321.0,
            "준공년월":"2003-12-20",
            "준공년차":20.0,
            "가까운역이름":"고잔",
            "가까운역거리":518.95,
            "역세권여부":"준역세권",
            "30분이내주요거점역":0,
            "30분거점역이름":"[]",
            "1시간이내주요거점역":0,
            "1시간거점역이름":"[]",
            "3km이내백화점수":1,
            "5km이내아울렛몰수":0,
            "1km이내대형먀트수":1,
            "500m이내은행수":6,
            "500m이내병원수":18,
            "5km이내대형병원수":4,
            "500m이내공원수":0,
            "3km이내혐오시설수":0,
            "초등학교학업성취도":90.0,
            "중학교학업성취도":63.0,
            "용적률":768,
            "건폐율":68,
            "Y":37.319256,
            "X":126.828221,
            "rank":65.0,
            "area_info":"10평(33.45), 10평(35.88), 11평(36.38), 11평(39.5), 11평(39.01), 13평(43.14), 12평(42.76), 13평(43.46), 13평(45.56), 13평(45.26), 14평(46.88), 14평(49.5), 15평(51.84), 19평(63.46)",
            "last_sales":"2020-01-15,8000.0,19평(63.46)",
            "rank_history":[
                [
                    "202202",
                    0
                ],
                [
                    "202201",
                    9999
                ]
            ],
            "rank_gap":9999
        },
        {
            "index":171,
            "아파트명":"브레스빌",
            "투자타입":"일반",
            "전용면적(m2)":"40.21",
            "전용면적(평)":"12평",
            "법정동주소":"경기도 안산시 단원구 고잔동 523-2",
            "도로명주소":"경기도 안산시 단원구 광덕대로 263",
            "세대수":0,
            "입주년차":20,
            "용적률점수":"--",
            "건폐율점수":"--",
            "세대당주차수":0,
            "난방방식":30,
            "공급면적":"--",
            "전용률":"--",
            "욕실수":50,
            "현관타입":50,
            "주거총점":17.0,
            "지역구공급총점":0.0,
            "역세권":50,
            "30분내 이동가능 거점":0,
            "1시간내 이동가능 거점":0,
            "교통총점":25.0,
            "백화점":100,
            "아울렛몰":0,
            "대형마트":80,
            "은행":100,
            "병원":80,
            "종합병원":100,
            "공원":0,
            "혐오시설":0,
            "인프라총점":80.0,
            "초등학군":90.0,
            "중학군":48.0,
            "학군총점":56.4,
            "인구수":35.4,
            "인구증감":-2.14,
            "인구총점":24.138,
            "일자리":20.67,
            "소득수준":62.84,
            "일자리총점":33.321,
            "가치 총점":44.61,
            "매매실거래년":20210414.0,
            "매매실거래가":8000.0,
            "전세실거래년":20220122.0,
            "전세실거래가":6500.0,
            "전세가율":130.0,
            "장기전세가율평균":69.72,
            "전세가율거품지수":-60.28,
            "검색코드":17751,
            "세대수":150.0,
            "준공년월":"2003-07-16",
            "준공년차":20.0,
            "가까운역이름":"고잔",
            "가까운역거리":699.61,
            "역세권여부":"준역세권",
            "30분이내주요거점역":0,
            "30분거점역이름":"[]",
            "1시간이내주요거점역":0,
            "1시간거점역이름":"[]",
            "3km이내백화점수":1,
            "5km이내아울렛몰수":0,
            "1km이내대형먀트수":1,
            "500m이내은행수":7,
            "500m이내병원수":38,
            "5km이내대형병원수":4,
            "500m이내공원수":0,
            "3km이내혐오시설수":0,
            "초등학교학업성취도":90.0,
            "중학교학업성취도":78.6,
            "용적률":452,
            "건폐율":69,
            "Y":37.320227,
            "X":126.829865,
            "rank":66.0,
            "area_info":"12평(40.21), 13평(45.29), 23평(77.32), 24평(81.8)",
            "last_sales":"2021-04-14,8000.0,24평(81.8)",
            "rank_history":[
                [
                    "202202",
                    0
                ],
                [
                    "202201",
                    9999
                ]
            ],
            "rank_gap":9999
        },
        {
            "index":725,
            "아파트명":"주공그린빌18단지",
            "투자타입":"일반",
            "전용면적(m2)":"51.6",
            "전용면적(평)":"15평",
            "법정동주소":"경기도 안산시 단원구 초지동 738",
            "도로명주소":"경기도 안산시 단원구 초지2로 14",
            "세대수":90,
            "입주년차":20,
            "용적률점수":"--",
            "건폐율점수":"--",
            "세대당주차수":0,
            "난방방식":100,
            "공급면적":"--",
            "전용률":"--",
            "욕실수":50,
            "현관타입":10,
            "주거총점":51.5,
            "지역구공급총점":0.0,
            "역세권":0,
            "30분내 이동가능 거점":20,
            "1시간내 이동가능 거점":30,
            "교통총점":12.0,
            "백화점":100,
            "아울렛몰":0,
            "대형마트":80,
            "은행":0,
            "병원":60,
            "종합병원":100,
            "공원":80,
            "혐오시설":0,
            "인프라총점":70.4,
            "초등학군":89.96,
            "중학군":50.74,
            "학군총점":58.584,
            "인구수":35.4,
            "인구증감":-2.14,
            "인구총점":24.138,
            "일자리":20.67,
            "소득수준":62.84,
            "일자리총점":33.321,
            "가치 총점":44.4076,
            "매매실거래년":20211111.0,
            "매매실거래가":30000.0,
            "전세실거래년":20220105.0,
            "전세실거래가":13650.0,
            "전세가율":58.09,
            "장기전세가율평균":69.72,
            "전세가율거품지수":11.63,
            "검색코드":15523,
            "세대수":1328.0,
            "준공년월":"2001-11-28",
            "준공년차":22.0,
            "가까운역이름":"초지",
            "가까운역거리":1713.49,
            "역세권여부":"비역세권",
            "30분이내주요거점역":1,
            "30분거점역이름":"['안산']",
            "1시간이내주요거점역":3,
            "1시간거점역이름":"['평촌', '수원', '안산']",
            "3km이내백화점수":1,
            "5km이내아울렛몰수":0,
            "1km이내대형먀트수":1,
            "500m이내은행수":0,
            "500m이내병원수":12,
            "5km이내대형병원수":3,
            "500m이내공원수":1,
            "3km이내혐오시설수":0,
            "초등학교학업성취도":89.96,
            "중학교학업성취도":83.3,
            "용적률":121,
            "건폐율":19,
            "Y":37.305566,
            "X":126.8099,
            "rank":67.0,
            "area_info":"15평(51.6), 15평(51.69), 15평(52.26), 15평(52.51), 19평(64.88), 19평(65.47), 23평(78.02)",
            "last_sales":"2021-11-11,30000.0,19평(65.47)",
            "rank_history":[
                [
                    "202202",
                    67
                ],
                [
                    "202201",
                    46
                ]
            ],
            "rank_gap":-21
        },
        {
            "index":646,
            "아파트명":"천년가리더스카이",
            "투자타입":"일반",
            "전용면적(m2)":"87.64",
            "전용면적(평)":"26평",
            "법정동주소":"경기도 안산시 단원구 와동 885",
            "도로명주소":"경기도 안산시 단원구 와동로 125",
            "세대수":50,
            "입주년차":100,
            "용적률점수":"--",
            "건폐율점수":"--",
            "세대당주차수":60,
            "난방방식":30,
            "공급면적":"--",
            "전용률":"--",
            "욕실수":100,
            "현관타입":100,
            "주거총점":69.5,
            "지역구공급총점":0.0,
            "역세권":0,
            "30분내 이동가능 거점":20,
            "1시간내 이동가능 거점":20,
            "교통총점":10.0,
            "백화점":100,
            "아울렛몰":0,
            "대형마트":80,
            "은행":0,
            "병원":30,
            "종합병원":100,
            "공원":100,
            "혐오시설":0,
            "인프라총점":68.0,
            "초등학군":90.0,
            "중학군":30.3,
            "학군총점":42.24,
            "인구수":35.4,
            "인구증감":-2.14,
            "인구총점":24.138,
            "일자리":20.67,
            "소득수준":62.84,
            "일자리총점":33.321,
            "가치 총점":44.136,
            "매매실거래년":20200506.0,
            "매매실거래가":32719.0,
            "전세실거래년":null,
            "전세실거래가":null,
            "전세가율":null,
            "장기전세가율평균":69.72,
            "전세가율거품지수":null,
            "검색코드":117912,
            "세대수":449.0,
            "준공년월":"2020-05-20",
            "준공년차":3.0,
            "가까운역이름":"고잔",
            "가까운역거리":2697.3,
            "역세권여부":"비역세권",
            "30분이내주요거점역":1,
            "30분거점역이름":"['안산']",
            "1시간이내주요거점역":2,
            "1시간거점역이름":"['송도', '안산']",
            "3km이내백화점수":1,
            "5km이내아울렛몰수":0,
            "1km이내대형먀트수":1,
            "500m이내은행수":0,
            "500m이내병원수":9,
            "5km이내대형병원수":3,
            "500m이내공원수":7,
            "3km이내혐오시설수":0,
            "초등학교학업성취도":90.0,
            "중학교학업성취도":49.5,
            "용적률":495,
            "건폐율":59,
            "Y":37.340957,
            "X":126.825683,
            "rank":68.0,
            "area_info":"26평(87.64), 26평(88.86), 27평(89.44), 29평(97.5), 30평(102.34), 34평(114.88)",
            "last_sales":"2020-05-06,32719.0,34평(114.88)",
            "rank_history":[
                [
                    "202202",
                    68
                ],
                [
                    "202201",
                    41
                ]
            ],
            "rank_gap":-27
        },
        {
            "index":662,
            "아파트명":"e편한세상초지역센트럴포레",
            "투자타입":"일반",
            "전용면적(m2)":"71.98",
            "전용면적(평)":"21평",
            "법정동주소":"경기도 안산시 단원구 원곡동 838",
            "도로명주소":"경기도 안산시 단원구",
            "세대수":90,
            "입주년차":100,
            "용적률점수":"--",
            "건폐율점수":"--",
            "세대당주차수":30,
            "난방방식":100,
            "공급면적":"--",
            "전용률":"--",
            "욕실수":100,
            "현관타입":100,
            "주거총점":86.0,
            "지역구공급총점":0.0,
            "역세권":50,
            "30분내 이동가능 거점":0,
            "1시간내 이동가능 거점":0,
            "교통총점":25.0,
            "백화점":0,
            "아울렛몰":0,
            "대형마트":0,
            "은행":20,
            "병원":80,
            "종합병원":100,
            "공원":100,
            "혐오시설":0,
            "인프라총점":33.0,
            "초등학군":90.05,
            "중학군":43.62,
            "학군총점":52.906,
            "인구수":35.4,
            "인구증감":-2.14,
            "인구총점":24.138,
            "일자리":20.67,
            "소득수준":62.84,
            "일자리총점":33.321,
            "가치 총점":43.7859,
            "매매실거래년":20210526.0,
            "매매실거래가":42438.0,
            "전세실거래년":null,
            "전세실거래가":null,
            "전세가율":null,
            "장기전세가율평균":69.72,
            "전세가율거품지수":null,
            "검색코드":128005,
            "세대수":1450.0,
            "준공년월":"2021-07-01",
            "준공년차":2.0,
            "가까운역이름":"초지",
            "가까운역거리":696.88,
            "역세권여부":"준역세권",
            "30분이내주요거점역":0,
            "30분거점역이름":"[]",
            "1시간이내주요거점역":0,
            "1시간거점역이름":"[]",
            "3km이내백화점수":0,
            "5km이내아울렛몰수":0,
            "1km이내대형먀트수":0,
            "500m이내은행수":2,
            "500m이내병원수":39,
            "5km이내대형병원수":3,
            "500m이내공원수":4,
            "3km이내혐오시설수":0,
            "초등학교학업성취도":90.05,
            "중학교학업성취도":72.5,
            "용적률":0,
            "건폐율":0,
            "Y":37.32509,
            "X":126.800356,
            "rank":69.0,
            "area_info":"21평(71.98), 24평(81.64), 28평(93.64), 28평(93.65), 32평(107.97)",
            "last_sales":"2021-05-26,42438.0,24평(81.64)",
            "rank_history":[
                [
                    "202202",
                    69
                ],
                [
                    "202201",
                    30
                ]
            ],
            "rank_gap":-39
        },
        {
            "index":104,
            "아파트명":"라성",
            "투자타입":"재건축",
            "전용면적(m2)":"98.15",
            "전용면적(평)":"29평",
            "법정동주소":"경기도 안산시 단원구 고잔동 648",
            "도로명주소":"경기도 안산시 단원구 예술대학로2길 12",
            "세대수":0,
            "입주년차":"--",
            "용적률점수":100,
            "건폐율점수":0,
            "세대당주차수":"--",
            "난방방식":"--",
            "공급면적":70,
            "전용률":40,
            "욕실수":"--",
            "현관타입":"--",
            "주거총점":45.5,
            "지역구공급총점":0.0,
            "역세권":0,
            "30분내 이동가능 거점":20,
            "1시간내 이동가능 거점":40,
            "교통총점":14.0,
            "백화점":100,
            "아울렛몰":0,
            "대형마트":80,
            "은행":0,
            "병원":60,
            "종합병원":100,
            "공원":100,
            "혐오시설":0,
            "인프라총점":71.0,
            "초등학군":89.97,
            "중학군":48.0,
            "학군총점":56.394,
            "인구수":35.4,
            "인구증감":-2.14,
            "인구총점":24.138,
            "일자리":20.67,
            "소득수준":62.84,
            "일자리총점":33.321,
            "가치 총점":43.7591,
            "매매실거래년":"18000101",
            "매매실거래가":null,
            "전세실거래년":null,
            "전세실거래가":null,
            "전세가율":null,
            "장기전세가율평균":69.72,
            "전세가율거품지수":null,
            "검색코드":14817,
            "세대수":294.0,
            "준공년월":"1990-12-31",
            "준공년차":33.0,
            "가까운역이름":"중앙",
            "가까운역거리":1441.0,
            "역세권여부":"비역세권",
            "30분이내주요거점역":1,
            "30분거점역이름":"['안산']",
            "1시간이내주요거점역":4,
            "1시간거점역이름":"['수원시청', '평촌', '수원', '안산']",
            "3km이내백화점수":1,
            "5km이내아울렛몰수":0,
            "1km이내대형먀트수":1,
            "500m이내은행수":1,
            "500m이내병원수":17,
            "5km이내대형병원수":4,
            "500m이내공원수":2,
            "3km이내혐오시설수":0,
            "초등학교학업성취도":89.97,
            "중학교학업성취도":78.6,
            "용적률":124,
            "건폐율":0,
            "Y":37.328867,
            "X":126.839739,
            "rank":70.0,
            "area_info":"29평(98.15), 31평(104.96), 32평(108.48), 33평(109.68), 33평(110.76), 33평(111.28), 35평(115.97), 34평(115.55), 35평(116.83), 35평(116.4), 35평(117.71), 35평(118.33), 35평(118.52), 36평(121.2), 37평(124.56), 56평(185.49), 59평(197.56), 60평(201.33)",
            "last_sales":"1800-01-01,nan,29평(98.15)",
            "rank_history":[
                [
                    "202202",
                    70
                ],
                [
                    "202201",
                    45
                ]
            ],
            "rank_gap":-25
        },
        {
            "index":652,
            "아파트명":"태산",
            "투자타입":"재건축",
            "전용면적(m2)":"53.28",
            "전용면적(평)":"16평",
            "법정동주소":"경기도 안산시 단원구 와동 851",
            "도로명주소":"경기도 안산시 단원구 화정로3길 22",
            "세대수":0,
            "입주년차":"--",
            "용적률점수":100,
            "건폐율점수":80,
            "세대당주차수":"--",
            "난방방식":"--",
            "공급면적":50,
            "전용률":60,
            "욕실수":"--",
            "현관타입":"--",
            "주거총점":61.5,
            "지역구공급총점":0.0,
            "역세권":0,
            "30분내 이동가능 거점":20,
            "1시간내 이동가능 거점":10,
            "교통총점":8.0,
            "백화점":100,
            "아울렛몰":0,
            "대형마트":100,
            "은행":0,
            "병원":30,
            "종합병원":100,
            "공원":100,
            "혐오시설":0,
            "인프라총점":71.0,
            "초등학군":89.98,
            "중학군":38.16,
            "학군총점":48.524,
            "인구수":35.4,
            "인구증감":-2.14,
            "인구총점":24.138,
            "일자리":20.67,
            "소득수준":62.84,
            "일자리총점":33.321,
            "가치 총점":43.6786,
            "매매실거래년":"18000101",
            "매매실거래가":null,
            "전세실거래년":null,
            "전세실거래가":null,
            "전세가율":null,
            "장기전세가율평균":69.72,
            "전세가율거품지수":null,
            "검색코드":106376,
            "세대수":102.0,
            "준공년월":"1991-09-19",
            "준공년차":32.0,
            "가까운역이름":"고잔",
            "가까운역거리":1729.87,
            "역세권여부":"비역세권",
            "30분이내주요거점역":1,
            "30분거점역이름":"['안산']",
            "1시간이내주요거점역":1,
            "1시간거점역이름":"['안산']",
            "3km이내백화점수":1,
            "5km이내아울렛몰수":0,
            "1km이내대형먀트수":4,
            "500m이내은행수":0,
            "500m이내병원수":6,
            "5km이내대형병원수":4,
            "500m이내공원수":3,
            "3km이내혐오시설수":0,
            "초등학교학업성취도":89.98,
            "중학교학업성취도":63.0,
            "용적률":108,
            "건폐율":27,
            "Y":37.332331,
            "X":126.822861,
            "rank":71.0,
            "area_info":"16평(53.28), 16평(55.02), 16평(55.83), 16평(56.16), 16평(56.01)",
            "last_sales":"1800-01-01,nan,16평(53.28)",
            "rank_history":[
                [
                    "202202",
                    71
                ],
                [
                    "202201",
                    52
                ]
            ],
            "rank_gap":-19
        },
        {
            "index":710,
            "아파트명":"주공그린빌13단지",
            "투자타입":"일반",
            "전용면적(m2)":"54.23",
            "전용면적(평)":"16평",
            "법정동주소":"경기도 안산시 단원구 초지동 724",
            "도로명주소":"경기도 안산시 단원구 광덕2로 17",
            "세대수":90,
            "입주년차":20,
            "용적률점수":"--",
            "건폐율점수":"--",
            "세대당주차수":0,
            "난방방식":100,
            "공급면적":"--",
            "전용률":"--",
            "욕실수":50,
            "현관타입":50,
            "주거총점":55.5,
            "지역구공급총점":0.0,
            "역세권":0,
            "30분내 이동가능 거점":0,
            "1시간내 이동가능 거점":50,
            "교통총점":10.0,
            "백화점":100,
            "아울렛몰":0,
            "대형마트":80,
            "은행":0,
            "병원":30,
            "종합병원":100,
            "공원":100,
            "혐오시설":0,
            "인프라총점":68.0,
            "초등학군":89.99,
            "중학군":48.12,
            "학군총점":56.494,
            "인구수":35.4,
            "인구증감":-2.14,
            "인구총점":24.138,
            "일자리":20.67,
            "소득수준":62.84,
            "일자리총점":33.321,
            "가치 총점":43.4741,
            "매매실거래년":20220119.0,
            "매매실거래가":35500.0,
            "전세실거래년":20220107.0,
            "전세실거래가":6000.0,
            "전세가율":27.91,
            "장기전세가율평균":69.72,
            "전세가율거품지수":41.81,
            "검색코드":15522,
            "세대수":940.0,
            "준공년월":"2002-12-31",
            "준공년차":21.0,
            "가까운역이름":"고잔",
            "가까운역거리":1003.3,
            "역세권여부":"비역세권",
            "30분이내주요거점역":0,
            "30분거점역이름":"[]",
            "1시간이내주요거점역":5,
            "1시간거점역이름":"['송도', '수원시청', '평촌', '수원', '안산']",
            "3km이내백화점수":1,
            "5km이내아울렛몰수":0,
            "1km이내대형먀트수":1,
            "500m이내은행수":1,
            "500m이내병원수":6,
            "5km이내대형병원수":3,
            "500m이내공원수":3,
            "3km이내혐오시설수":0,
            "초등학교학업성취도":89.99,
            "중학교학업성취도":79.6,
            "용적률":126,
            "건폐율":18,
            "Y":37.312091,
            "X":126.813554,
            "rank":72.0,
            "area_info":"16평(54.23), 16평(54.93), 21평(71.46), 21평(71.26)",
            "last_sales":"2022-01-19,35500.0,21평(71.46)",
            "rank_history":[
                [
                    "202202",
                    72
                ],
                [
                    "202201",
                    64
                ]
            ],
            "rank_gap":-8
        },
        {
            "index":563,
            "아파트명":"한양산호3차(군자산호한양)",
            "투자타입":"일반",
            "전용면적(m2)":"41.37",
            "전용면적(평)":"12평",
            "법정동주소":"경기도 안산시 단원구 선부동 1081",
            "도로명주소":"경기도 안산시 단원구 달미로 10",
            "세대수":90,
            "입주년차":0,
            "용적률점수":"--",
            "건폐율점수":"--",
            "세대당주차수":0,
            "난방방식":30,
            "공급면적":"--",
            "전용률":"--",
            "욕실수":50,
            "현관타입":10,
            "주거총점":40.5,
            "지역구공급총점":0.0,
            "역세권":0,
            "30분내 이동가능 거점":20,
            "1시간내 이동가능 거점":30,
            "교통총점":12.0,
            "백화점":100,
            "아울렛몰":0,
            "대형마트":100,
            "은행":20,
            "병원":80,
            "종합병원":100,
            "공원":100,
            "혐오시설":0,
            "인프라총점":78.0,
            "초등학군":90.01,
            "중학군":41.26,
            "학군총점":51.01,
            "인구수":35.4,
            "인구증감":-2.14,
            "인구총점":24.138,
            "일자리":20.67,
            "소득수준":62.84,
            "일자리총점":33.321,
            "가치 총점":43.3515,
            "매매실거래년":20220125.0,
            "매매실거래가":23000.0,
            "전세실거래년":20211229.0,
            "전세실거래가":12000.0,
            "전세가율":57.42,
            "장기전세가율평균":69.72,
            "전세가율거품지수":12.3,
            "검색코드":1942,
            "세대수":1086.0,
            "준공년월":"1993-05-29",
            "준공년차":30.0,
            "가까운역이름":"초지",
            "가까운역거리":1952.35,
            "역세권여부":"비역세권",
            "30분이내주요거점역":1,
            "30분거점역이름":"['안산']",
            "1시간이내주요거점역":3,
            "1시간거점역이름":"['평촌', '수원', '안산']",
            "3km이내백화점수":1,
            "5km이내아울렛몰수":0,
            "1km이내대형먀트수":5,
            "500m이내은행수":2,
            "500m이내병원수":56,
            "5km이내대형병원수":3,
            "500m이내공원수":2,
            "3km이내혐오시설수":0,
            "초등학교학업성취도":90.01,
            "중학교학업성취도":67.7,
            "용적률":206,
            "건폐율":0,
            "Y":37.337122,
            "X":126.813544,
            "rank":73.0,
            "area_info":"12평(41.37), 18평(60.22), 18평(60.75)",
            "last_sales":"2022-01-25,23000.0,18평(60.22)",
            "rank_history":[
                [
                    "202202",
                    73
                ],
                [
                    "202201",
                    47
                ]
            ],
            "rank_gap":-26
        },
        {
            "index":588,
            "아파트명":"안산아이파크",
            "투자타입":"일반",
            "전용면적(m2)":"94.81",
            "전용면적(평)":"28평",
            "법정동주소":"경기도 안산시 단원구 신길동 1679",
            "도로명주소":"경기도 안산시 단원구 도일로 46",
            "세대수":50,
            "입주년차":60,
            "용적률점수":"--",
            "건폐율점수":"--",
            "세대당주차수":30,
            "난방방식":100,
            "공급면적":"--",
            "전용률":"--",
            "욕실수":100,
            "현관타입":100,
            "주거총점":64.0,
            "지역구공급총점":0.0,
            "역세권":50,
            "30분내 이동가능 거점":20,
            "1시간내 이동가능 거점":50,
            "교통총점":41.0,
            "백화점":0,
            "아울렛몰":0,
            "대형마트":0,
            "은행":0,
            "병원":30,
            "종합병원":100,
            "공원":100,
            "혐오시설":0,
            "인프라총점":26.0,
            "초등학군":89.98,
            "중학군":43.06,
            "학군총점":52.444,
            "인구수":35.4,
            "인구증감":-2.14,
            "인구총점":24.138,
            "일자리":20.67,
            "소득수준":62.84,
            "일자리총점":33.321,
            "가치 총점":42.8166,
            "매매실거래년":20211007.0,
            "매매실거래가":54000.0,
            "전세실거래년":20201007.0,
            "전세실거래가":28000.0,
            "전세가율":60.22,
            "장기전세가율평균":69.72,
            "전세가율거품지수":9.5,
            "검색코드":104891,
            "세대수":441.0,
            "준공년월":"2013-10-24",
            "준공년차":10.0,
            "가까운역이름":"안산",
            "가까운역거리":862.77,
            "역세권여부":"준역세권",
            "30분이내주요거점역":1,
            "30분거점역이름":"['안산']",
            "1시간이내주요거점역":5,
            "1시간거점역이름":"['송도', '수원시청', '평촌', '수원', '안산']",
            "3km이내백화점수":0,
            "5km이내아울렛몰수":0,
            "1km이내대형먀트수":0,
            "500m이내은행수":1,
            "500m이내병원수":5,
            "5km이내대형병원수":3,
            "500m이내공원수":6,
            "3km이내혐오시설수":0,
            "초등학교학업성취도":89.98,
            "중학교학업성취도":70.3,
            "용적률":174,
            "건폐율":19,
            "Y":37.334477,
            "X":126.785578,
            "rank":74.0,
            "area_info":"28평(94.81), 28평(95.36), 28평(95.52), 33평(110.74), 33평(110.73), 33평(111.67), 33평(111.91)",
            "last_sales":"2021-10-07,54000.0,33평(111.67)",
            "rank_history":[
                [
                    "202202",
                    74
                ],
                [
                    "202201",
                    48
                ]
            ],
            "rank_gap":-26
        },
        {
            "index":482,
            "아파트명":"공작한양",
            "투자타입":"재건축",
            "전용면적(m2)":"40.21",
            "전용면적(평)":"12평",
            "법정동주소":"경기도 안산시 단원구 선부동 1085",
            "도로명주소":"경기도 안산시 단원구 선부로 166",
            "세대수":100,
            "입주년차":"--",
            "용적률점수":60,
            "건폐율점수":100,
            "세대당주차수":"--",
            "난방방식":"--",
            "공급면적":50,
            "전용률":60,
            "욕실수":"--",
            "현관타입":"--",
            "주거총점":79.5,
            "지역구공급총점":0.0,
            "역세권":0,
            "30분내 이동가능 거점":20,
            "1시간내 이동가능 거점":30,
            "교통총점":12.0,
            "백화점":0,
            "아울렛몰":0,
            "대형마트":100,
            "은행":20,
            "병원":100,
            "종합병원":100,
            "공원":100,
            "혐오시설":0,
            "인프라총점":50.0,
            "초등학군":90.01,
            "중학군":41.26,
            "학군총점":51.01,
            "인구수":35.4,
            "인구증감":-2.14,
            "인구총점":24.138,
            "일자리":20.67,
            "소득수준":62.84,
            "일자리총점":33.321,
            "가치 총점":42.7515,
            "매매실거래년":20220120.0,
            "매매실거래가":42000.0,
            "전세실거래년":20211028.0,
            "전세실거래가":10000.0,
            "전세가율":54.05,
            "장기전세가율평균":69.72,
            "전세가율거품지수":15.67,
            "검색코드":1940,
            "세대수":2040.0,
            "준공년월":"1992-05-19",
            "준공년차":31.0,
            "가까운역이름":"초지",
            "가까운역거리":2230.56,
            "역세권여부":"비역세권",
            "30분이내주요거점역":1,
            "30분거점역이름":"['안산']",
            "1시간이내주요거점역":3,
            "1시간거점역이름":"['평촌', '수원', '안산']",
            "3km이내백화점수":0,
            "5km이내아울렛몰수":0,
            "1km이내대형먀트수":5,
            "500m이내은행수":2,
            "500m이내병원수":64,
            "5km이내대형병원수":3,
            "500m이내공원수":3,
            "3km이내혐오시설수":0,
            "초등학교학업성취도":90.01,
            "중학교학업성취도":67.7,
            "용적률":186,
            "건폐율":17,
            "Y":37.340004,
            "X":126.812528,
            "rank":75.0,
            "area_info":"12평(40.21), 18평(60.73), 18평(61.51), 25평(84.36), 28평(95.06), 32평(106.86), 40평(133.23), 45평(149.65), 47평(156.55), 55평(183.45), 62평(207.23), 72평(240.17)",
            "last_sales":"2022-01-20,42000.0,32평(106.86)",
            "rank_history":[
                [
                    "202202",
                    75
                ],
                [
                    "202201",
                    51
                ]
            ],
            "rank_gap":-24
        },
        {
            "index":352,
            "아파트명":"중앙",
            "투자타입":"재건축",
            "전용면적(m2)":"50.11",
            "전용면적(평)":"15평",
            "법정동주소":"경기도 안산시 단원구 고잔동 527-9",
            "도로명주소":"경기도 안산시 단원구 고잔로 55",
            "세대수":0,
            "입주년차":"--",
            "용적률점수":0,
            "건폐율점수":0,
            "세대당주차수":"--",
            "난방방식":"--",
            "공급면적":50,
            "전용률":20,
            "욕실수":"--",
            "현관타입":"--",
            "주거총점":3.5,
            "지역구공급총점":0.0,
            "역세권":50,
            "30분내 이동가능 거점":0,
            "1시간내 이동가능 거점":0,
            "교통총점":25.0,
            "백화점":100,
            "아울렛몰":0,
            "대형마트":80,
            "은행":100,
            "병원":100,
            "종합병원":100,
            "공원":0,
            "혐오시설":0,
            "인프라총점":82.0,
            "초등학군":90.0,
            "중학군":48.0,
            "학군총점":56.4,
            "인구수":35.4,
            "인구증감":-2.14,
            "인구총점":24.138,
            "일자리":20.67,
            "소득수준":62.84,
            "일자리총점":33.321,
            "가치 총점":42.51,
            "매매실거래년":20210625.0,
            "매매실거래가":3950.0,
            "전세실거래년":20191010.0,
            "전세실거래가":5000.0,
            "전세가율":126.58,
            "장기전세가율평균":69.72,
            "전세가율거품지수":-56.86,
            "검색코드":18290,
            "세대수":106.0,
            "준공년월":"1990-09-24",
            "준공년차":33.0,
            "가까운역이름":"중앙",
            "가까운역거리":679.38,
            "역세권여부":"준역세권",
            "30분이내주요거점역":0,
            "30분거점역이름":"[]",
            "1시간이내주요거점역":0,
            "1시간거점역이름":"[]",
            "3km이내백화점수":1,
            "5km이내아울렛몰수":0,
            "1km이내대형먀트수":1,
            "500m이내은행수":6,
            "500m이내병원수":100,
            "5km이내대형병원수":4,
            "500m이내공원수":0,
            "3km이내혐오시설수":0,
            "초등학교학업성취도":90.0,
            "중학교학업성취도":78.6,
            "용적률":777,
            "건폐율":0,
            "Y":37.319458,
            "X":126.832291,
            "rank":76.0,
            "area_info":"15평(50.11), 18평(60.73), 18평(60.88), 22평(73.02), 22평(75.56), 22평(75.5), 23평(79.24), 26평(87.07), 28평(93.25), 55평(183.87), 74평(244.75)",
            "last_sales":"2021-06-25,3950.0,15평(50.11)",
            "rank_history":[
                [
                    "202202",
                    0
                ],
                [
                    "202201",
                    9999
                ]
            ],
            "rank_gap":9999
        },
        {
            "index":270,
            "아파트명":"양지마을",
            "투자타입":"일반",
            "전용면적(m2)":"93.8",
            "전용면적(평)":"28평",
            "법정동주소":"경기도 안산시 단원구 고잔동 780",
            "도로명주소":"경기도 안산시 단원구 한양대학로 130",
            "세대수":50,
            "입주년차":20,
            "용적률점수":"--",
            "건폐율점수":"--",
            "세대당주차수":30,
            "난방방식":100,
            "공급면적":"--",
            "전용률":"--",
            "욕실수":100,
            "현관타입":100,
            "주거총점":56.0,
            "지역구공급총점":0.0,
            "역세권":0,
            "30분내 이동가능 거점":0,
            "1시간내 이동가능 거점":40,
            "교통총점":8.0,
            "백화점":100,
            "아울렛몰":0,
            "대형마트":80,
            "은행":0,
            "병원":0,
            "종합병원":100,
            "공원":100,
            "혐오시설":0,
            "인프라총점":65.0,
            "초등학군":90.0,
            "중학군":51.78,
            "학군총점":59.424,
            "인구수":35.4,
            "인구증감":-2.14,
            "인구총점":24.138,
            "일자리":20.67,
            "소득수준":62.84,
            "일자리총점":33.321,
            "가치 총점":42.4136,
            "매매실거래년":20211215.0,
            "매매실거래가":59500.0,
            "전세실거래년":20220112.0,
            "전세실거래가":39000.0,
            "전세가율":73.58,
            "장기전세가율평균":69.72,
            "전세가율거품지수":-3.86,
            "검색코드":3658,
            "세대수":656.0,
            "준공년월":"2001-09-14",
            "준공년차":22.0,
            "가까운역이름":"중앙",
            "가까운역거리":1116.56,
            "역세권여부":"비역세권",
            "30분이내주요거점역":0,
            "30분거점역이름":"[]",
            "1시간이내주요거점역":4,
            "1시간거점역이름":"['수원시청', '평촌', '수원', '안산']",
            "3km이내백화점수":1,
            "5km이내아울렛몰수":0,
            "1km이내대형먀트수":1,
            "500m이내은행수":0,
            "500m이내병원수":1,
            "5km이내대형병원수":4,
            "500m이내공원수":4,
            "3km이내혐오시설수":0,
            "초등학교학업성취도":90.0,
            "중학교학업성취도":84.9,
            "용적률":184,
            "건폐율":17,
            "Y":37.30598,
            "X":126.836978,
            "rank":77.0,
            "area_info":"28평(93.8), 34평(114.14), 39평(130.29), 44평(146.98), 49평(164.13)",
            "last_sales":"2021-12-15,59500.0,34평(114.14)",
            "rank_history":[
                [
                    "202202",
                    77
                ],
                [
                    "202201",
                    49
                ]
            ],
            "rank_gap":-28
        },
        {
            "index":175,
            "아파트명":"블루빌타운",
            "투자타입":"일반",
            "전용면적(m2)":"45.83",
            "전용면적(평)":"13평",
            "법정동주소":"경기도 안산시 단원구 고잔동 528",
            "도로명주소":"경기도 안산시 단원구 화랑로 408",
            "세대수":0,
            "입주년차":20,
            "용적률점수":"--",
            "건폐율점수":"--",
            "세대당주차수":0,
            "난방방식":30,
            "공급면적":"--",
            "전용률":"--",
            "욕실수":50,
            "현관타입":50,
            "주거총점":17.0,
            "지역구공급총점":0.0,
            "역세권":50,
            "30분내 이동가능 거점":0,
            "1시간내 이동가능 거점":0,
            "교통총점":25.0,
            "백화점":100,
            "아울렛몰":0,
            "대형마트":0,
            "은행":100,
            "병원":100,
            "종합병원":100,
            "공원":0,
            "혐오시설":0,
            "인프라총점":70.0,
            "초등학군":90.0,
            "중학군":48.0,
            "학군총점":56.4,
            "인구수":35.4,
            "인구증감":-2.14,
            "인구총점":24.138,
            "일자리":20.67,
            "소득수준":62.84,
            "일자리총점":33.321,
            "가치 총점":41.61,
            "매매실거래년":20211002.0,
            "매매실거래가":12800.0,
            "전세실거래년":20210915.0,
            "전세실거래가":7800.0,
            "전세가율":120.0,
            "장기전세가율평균":69.72,
            "전세가율거품지수":-50.28,
            "검색코드":17413,
            "세대수":182.0,
            "준공년월":"2003-06-03",
            "준공년차":20.0,
            "가까운역이름":"중앙",
            "가까운역거리":737.29,
            "역세권여부":"준역세권",
            "30분이내주요거점역":0,
            "30분거점역이름":"[]",
            "1시간이내주요거점역":0,
            "1시간거점역이름":"[]",
            "3km이내백화점수":1,
            "5km이내아울렛몰수":0,
            "1km이내대형먀트수":0,
            "500m이내은행수":6,
            "500m이내병원수":100,
            "5km이내대형병원수":4,
            "500m이내공원수":0,
            "3km이내혐오시설수":0,
            "초등학교학업성취도":90.0,
            "중학교학업성취도":78.6,
            "용적률":551,
            "건폐율":61,
            "Y":37.320894,
            "X":126.83303,
            "rank":78.0,
            "area_info":"13평(45.83), 14평(48.89), 15평(51.33), 18평(62.29), 32평(108.12)",
            "last_sales":"2021-10-02,12800.0,32평(108.12)",
            "rank_history":[
                [
                    "202202",
                    0
                ],
                [
                    "202201",
                    9999
                ]
            ],
            "rank_gap":9999
        },
        {
            "index":158,
            "아파트명":"벨라지움",
            "투자타입":"일반",
            "전용면적(m2)":"37.53",
            "전용면적(평)":"11평",
            "법정동주소":"경기도 안산시 단원구 고잔동 527-1",
            "도로명주소":"경기도 안산시 단원구 화랑로 398",
            "세대수":0,
            "입주년차":20,
            "용적률점수":"--",
            "건폐율점수":"--",
            "세대당주차수":0,
            "난방방식":30,
            "공급면적":"--",
            "전용률":"--",
            "욕실수":50,
            "현관타입":50,
            "주거총점":17.0,
            "지역구공급총점":0.0,
            "역세권":50,
            "30분내 이동가능 거점":0,
            "1시간내 이동가능 거점":0,
            "교통총점":25.0,
            "백화점":100,
            "아울렛몰":0,
            "대형마트":0,
            "은행":100,
            "병원":100,
            "종합병원":100,
            "공원":0,
            "혐오시설":0,
            "인프라총점":70.0,
            "초등학군":90.0,
            "중학군":48.0,
            "학군총점":56.4,
            "인구수":35.4,
            "인구증감":-2.14,
            "인구총점":24.138,
            "일자리":20.67,
            "소득수준":62.84,
            "일자리총점":33.321,
            "가치 총점":41.61,
            "매매실거래년":20211130.0,
            "매매실거래가":5400.0,
            "전세실거래년":20210917.0,
            "전세실거래가":5500.0,
            "전세가율":101.85,
            "장기전세가율평균":69.72,
            "전세가율거품지수":-32.13,
            "검색코드":12665,
            "세대수":265.0,
            "준공년월":"2003-10-31",
            "준공년차":20.0,
            "가까운역이름":"중앙",
            "가까운역거리":795.5,
            "역세권여부":"준역세권",
            "30분이내주요거점역":0,
            "30분거점역이름":"[]",
            "1시간이내주요거점역":0,
            "1시간거점역이름":"[]",
            "3km이내백화점수":1,
            "5km이내아울렛몰수":0,
            "1km이내대형먀트수":0,
            "500m이내은행수":6,
            "500m이내병원수":79,
            "5km이내대형병원수":4,
            "500m이내공원수":0,
            "3km이내혐오시설수":0,
            "초등학교학업성취도":90.0,
            "중학교학업성취도":78.6,
            "용적률":774,
            "건폐율":65,
            "Y":37.320843,
            "X":126.832021,
            "rank":78.0,
            "area_info":"11평(37.53), 11평(37.53), 12평(42.62), 12평(42.62), 13평(46.03), 13평(46.27), 15평(51.98), 15평(51.98)",
            "last_sales":"2021-11-30,5400.0,11평(37.53)",
            "rank_history":[
                [
                    "202202",
                    0
                ],
                [
                    "202201",
                    9999
                ]
            ],
            "rank_gap":9999
        },
        {
            "index":627,
            "아파트명":"배원",
            "투자타입":"재건축",
            "전용면적(m2)":"54.48",
            "전용면적(평)":"16평",
            "법정동주소":"경기도 안산시 단원구 와동 829-1",
            "도로명주소":"경기도 안산시 단원구 화정로1길 17",
            "세대수":0,
            "입주년차":"--",
            "용적률점수":100,
            "건폐율점수":40,
            "세대당주차수":"--",
            "난방방식":"--",
            "공급면적":50,
            "전용률":60,
            "욕실수":"--",
            "현관타입":"--",
            "주거총점":53.5,
            "지역구공급총점":0.0,
            "역세권":0,
            "30분내 이동가능 거점":20,
            "1시간내 이동가능 거점":10,
            "교통총점":8.0,
            "백화점":100,
            "아울렛몰":0,
            "대형마트":100,
            "은행":0,
            "병원":10,
            "종합병원":100,
            "공원":100,
            "혐오시설":0,
            "인프라총점":69.0,
            "초등학군":89.98,
            "중학군":38.16,
            "학군총점":48.524,
            "인구수":35.4,
            "인구증감":-2.14,
            "인구총점":24.138,
            "일자리":20.67,
            "소득수준":62.84,
            "일자리총점":33.321,
            "가치 총점":41.4786,
            "매매실거래년":"18000101",
            "매매실거래가":null,
            "전세실거래년":null,
            "전세실거래가":null,
            "전세가율":null,
            "장기전세가율평균":69.72,
            "전세가율거품지수":null,
            "검색코드":106380,
            "세대수":119.0,
            "준공년월":"1989-10-25",
            "준공년차":34.0,
            "가까운역이름":"초지",
            "가까운역거리":1798.19,
            "역세권여부":"비역세권",
            "30분이내주요거점역":1,
            "30분거점역이름":"['안산']",
            "1시간이내주요거점역":1,
            "1시간거점역이름":"['안산']",
            "3km이내백화점수":1,
            "5km이내아울렛몰수":0,
            "1km이내대형먀트수":5,
            "500m이내은행수":0,
            "500m이내병원수":3,
            "5km이내대형병원수":3,
            "500m이내공원수":2,
            "3km이내혐오시설수":0,
            "초등학교학업성취도":89.98,
            "중학교학업성취도":63.0,
            "용적률":101,
            "건폐율":35,
            "Y":37.333502,
            "X":126.81825,
            "rank":79.0,
            "area_info":"16평(54.48), 16평(56.01), 17평(59.22), 21평(71.51)",
            "last_sales":"1800-01-01,nan,16평(54.48)",
            "rank_history":[
                [
                    "202202",
                    79
                ],
                [
                    "202201",
                    53
                ]
            ],
            "rank_gap":-26
        },
        {
            "index":502,
            "아파트명":"군자주공12단지",
            "투자타입":"재건축",
            "전용면적(m2)":"50.4",
            "전용면적(평)":"15평",
            "법정동주소":"경기도 안산시 단원구 선부동 1078",
            "도로명주소":"경기도 안산시 단원구 선부광장남로 113",
            "세대수":100,
            "입주년차":"--",
            "용적률점수":0,
            "건폐율점수":0,
            "세대당주차수":"--",
            "난방방식":"--",
            "공급면적":50,
            "전용률":60,
            "욕실수":"--",
            "현관타입":"--",
            "주거총점":35.5,
            "지역구공급총점":0.0,
            "역세권":0,
            "30분내 이동가능 거점":20,
            "1시간내 이동가능 거점":50,
            "교통총점":16.0,
            "백화점":100,
            "아울렛몰":0,
            "대형마트":100,
            "은행":0,
            "병원":30,
            "종합병원":100,
            "공원":100,
            "혐오시설":0,
            "인프라총점":71.0,
            "초등학군":89.98,
            "중학군":38.16,
            "학군총점":48.524,
            "인구수":35.4,
            "인구증감":-2.14,
            "인구총점":24.138,
            "일자리":20.67,
            "소득수준":62.84,
            "일자리총점":33.321,
            "가치 총점":41.2786,
            "매매실거래년":20220106.0,
            "매매실거래가":32000.0,
            "전세실거래년":20220124.0,
            "전세실거래가":9975.0,
            "전세가율":31.17,
            "장기전세가율평균":69.72,
            "전세가율거품지수":38.55,
            "검색코드":9052,
            "세대수":1620.0,
            "준공년월":"1991-10-23",
            "준공년차":32.0,
            "가까운역이름":"초지",
            "가까운역거리":1369.14,
            "역세권여부":"비역세권",
            "30분이내주요거점역":1,
            "30분거점역이름":"['안산']",
            "1시간이내주요거점역":5,
            "1시간거점역이름":"['송도', '수원시청', '평촌', '수원', '안산']",
            "3km이내백화점수":1,
            "5km이내아울렛몰수":0,
            "1km이내대형먀트수":4,
            "500m이내은행수":0,
            "500m이내병원수":5,
            "5km이내대형병원수":3,
            "500m이내공원수":3,
            "3km이내혐오시설수":0,
            "초등학교학업성취도":89.98,
            "중학교학업성취도":63.0,
            "용적률":0,
            "건폐율":0,
            "Y":37.331152,
            "X":126.813988,
            "rank":80.0,
            "area_info":"15평(50.4), 17평(58.61)",
            "last_sales":"2022-01-06,32000.0,15평(50.4)",
            "rank_history":[
                [
                    "202202",
                    80
                ],
                [
                    "202201",
                    60
                ]
            ],
            "rank_gap":-20
        },
        {
            "index":522,
            "아파트명":"동명벽산블루밍",
            "투자타입":"일반",
            "전용면적(m2)":"79.86",
            "전용면적(평)":"24평",
            "법정동주소":"경기도 안산시 단원구 선부동 1082",
            "도로명주소":"경기도 안산시 단원구 선부광장북로 36",
            "세대수":80,
            "입주년차":60,
            "용적률점수":"--",
            "건폐율점수":"--",
            "세대당주차수":30,
            "난방방식":30,
            "공급면적":"--",
            "전용률":"--",
            "욕실수":100,
            "현관타입":100,
            "주거총점":67.5,
            "지역구공급총점":0.0,
            "역세권":0,
            "30분내 이동가능 거점":20,
            "1시간내 이동가능 거점":30,
            "교통총점":12.0,
            "백화점":0,
            "아울렛몰":0,
            "대형마트":100,
            "은행":70,
            "병원":80,
            "종합병원":100,
            "공원":100,
            "혐오시설":0,
            "인프라총점":53.0,
            "초등학군":90.01,
            "중학군":41.26,
            "학군총점":51.01,
            "인구수":35.4,
            "인구증감":-2.14,
            "인구총점":24.138,
            "일자리":20.67,
            "소득수준":62.84,
            "일자리총점":33.321,
            "가치 총점":41.2515,
            "매매실거래년":20220108.0,
            "매매실거래가":49500.0,
            "전세실거래년":20211102.0,
            "전세실거래가":32000.0,
            "전세가율":64.65,
            "장기전세가율평균":69.72,
            "전세가율거품지수":5.07,
            "검색코드":102635,
            "세대수":766.0,
            "준공년월":"2010-12-28",
            "준공년차":13.0,
            "가까운역이름":"초지",
            "가까운역거리":1978.95,
            "역세권여부":"비역세권",
            "30분이내주요거점역":1,
            "30분거점역이름":"['안산']",
            "1시간이내주요거점역":3,
            "1시간거점역이름":"['평촌', '수원', '안산']",
            "3km이내백화점수":0,
            "5km이내아울렛몰수":0,
            "1km이내대형먀트수":5,
            "500m이내은행수":3,
            "500m이내병원수":59,
            "5km이내대형병원수":3,
            "500m이내공원수":3,
            "3km이내혐오시설수":0,
            "초등학교학업성취도":90.01,
            "중학교학업성취도":67.7,
            "용적률":249,
            "건폐율":24,
            "Y":37.337962,
            "X":126.811082,
            "rank":81.0,
            "area_info":"24평(79.86), 28평(94.45), 32평(108.16), 32평(108.61)",
            "last_sales":"2022-01-08,49500.0,24평(79.86)",
            "rank_history":[
                [
                    "202202",
                    81
                ],
                [
                    "202201",
                    54
                ]
            ],
            "rank_gap":-27
        },
        {
            "index":514,
            "아파트명":"군자주공9단지",
            "투자타입":"재건축",
            "전용면적(m2)":"49.56",
            "전용면적(평)":"14평",
            "법정동주소":"경기도 안산시 단원구 선부동 967",
            "도로명주소":"경기도 안산시 단원구 선부광장1로 9",
            "세대수":50,
            "입주년차":"--",
            "용적률점수":100,
            "건폐율점수":80,
            "세대당주차수":"--",
            "난방방식":"--",
            "공급면적":50,
            "전용률":60,
            "욕실수":"--",
            "현관타입":"--",
            "주거총점":76.5,
            "지역구공급총점":0.0,
            "역세권":0,
            "30분내 이동가능 거점":20,
            "1시간내 이동가능 거점":40,
            "교통총점":14.0,
            "백화점":0,
            "아울렛몰":0,
            "대형마트":100,
            "은행":0,
            "병원":80,
            "종합병원":100,
            "공원":100,
            "혐오시설":0,
            "인프라총점":46.0,
            "초등학군":90.0,
            "중학군":35.06,
            "학군총점":46.048,
            "인구수":35.4,
            "인구증감":-2.14,
            "인구총점":24.138,
            "일자리":20.67,
            "소득수준":62.84,
            "일자리총점":33.321,
            "가치 총점":40.9072,
            "매매실거래년":20211128.0,
            "매매실거래가":37000.0,
            "전세실거래년":20210910.0,
            "전세실거래가":10000.0,
            "전세가율":27.03,
            "장기전세가율평균":69.72,
            "전세가율거품지수":42.69,
            "검색코드":1946,
            "세대수":540.0,
            "준공년월":"1989-11-01",
            "준공년차":34.0,
            "가까운역이름":"초지",
            "가까운역거리":1697.13,
            "역세권여부":"비역세권",
            "30분이내주요거점역":1,
            "30분거점역이름":"['안산']",
            "1시간이내주요거점역":4,
            "1시간거점역이름":"['수원시청', '평촌', '수원', '안산']",
            "3km이내백화점수":0,
            "5km이내아울렛몰수":0,
            "1km이내대형먀트수":4,
            "500m이내은행수":1,
            "500m이내병원수":34,
            "5km이내대형병원수":3,
            "500m이내공원수":3,
            "3km이내혐오시설수":0,
            "초등학교학업성취도":90.0,
            "중학교학업성취도":57.9,
            "용적률":100,
            "건폐율":20,
            "Y":37.335908,
            "X":126.805743,
            "rank":82.0,
            "area_info":"14평(49.56), 15평(49.99), 17평(57.67), 17평(58.03)",
            "last_sales":"2021-11-28,37000.0,14평(49.56)",
            "rank_history":[
                [
                    "202202",
                    82
                ],
                [
                    "202201",
                    59
                ]
            ],
            "rank_gap":-23
        },
        {
            "index":418,
            "아파트명":"포레나안산고잔",
            "투자타입":"일반",
            "전용면적(m2)":"62.07",
            "전용면적(평)":"18평",
            "법정동주소":"경기도 안산시 단원구 고잔동 631번지 일원",
            "도로명주소":"경기도 안산시 단원구",
            "세대수":50,
            "입주년차":100,
            "용적률점수":"--",
            "건폐율점수":"--",
            "세대당주차수":0,
            "난방방식":100,
            "공급면적":"--",
            "전용률":"--",
            "욕실수":50,
            "현관타입":100,
            "주거총점":62.5,
            "지역구공급총점":0.0,
            "역세권":0,
            "30분내 이동가능 거점":0,
            "1시간내 이동가능 거점":0,
            "교통총점":0.0,
            "백화점":100,
            "아울렛몰":0,
            "대형마트":80,
            "은행":0,
            "병원":10,
            "종합병원":100,
            "공원":100,
            "혐오시설":0,
            "인프라총점":66.0,
            "초등학군":89.97,
            "중학군":48.0,
            "학군총점":56.394,
            "인구수":35.4,
            "인구증감":-2.14,
            "인구총점":24.138,
            "일자리":20.67,
            "소득수준":62.84,
            "일자리총점":33.321,
            "가치 총점":40.7591,
            "매매실거래년":"18000101",
            "매매실거래가":null,
            "전세실거래년":null,
            "전세실거래가":null,
            "전세가율":null,
            "장기전세가율평균":69.72,
            "전세가율거품지수":null,
            "검색코드":141420,
            "세대수":449.0,
            "준공년월":"2023-12-01",
            "준공년차":0.0,
            "가까운역이름":"중앙",
            "가까운역거리":1552.48,
            "역세권여부":"비역세권",
            "30분이내주요거점역":0,
            "30분거점역이름":"[]",
            "1시간이내주요거점역":0,
            "1시간거점역이름":"[]",
            "3km이내백화점수":1,
            "5km이내아울렛몰수":0,
            "1km이내대형먀트수":1,
            "500m이내은행수":0,
            "500m이내병원수":2,
            "5km이내대형병원수":4,
            "500m이내공원수":2,
            "3km이내혐오시설수":0,
            "초등학교학업성취도":89.97,
            "중학교학업성취도":78.6,
            "용적률":0,
            "건폐율":0,
            "Y":37.329721,
            "X":126.835749,
            "rank":83.0,
            "area_info":"18평(62.07), 24평(80.92), 24평(81.3), 29평(98.26), 34평(113.6)",
            "last_sales":"1800-01-01,nan,18평(62.07)",
            "rank_history":[
                [
                    "202202",
                    0
                ],
                [
                    "202201",
                    9999
                ]
            ],
            "rank_gap":9999
        },
        {
            "index":586,
            "아파트명":"안산신길온천역휴먼빌2차",
            "투자타입":"일반",
            "전용면적(m2)":"111.29",
            "전용면적(평)":"33평",
            "법정동주소":"경기도 안산시 단원구 신길동 1447",
            "도로명주소":"경기도 안산시 단원구 신각길 44",
            "세대수":50,
            "입주년차":40,
            "용적률점수":"--",
            "건폐율점수":"--",
            "세대당주차수":60,
            "난방방식":30,
            "공급면적":"--",
            "전용률":"--",
            "욕실수":100,
            "현관타입":100,
            "주거총점":57.5,
            "지역구공급총점":0.0,
            "역세권":50,
            "30분내 이동가능 거점":20,
            "1시간내 이동가능 거점":50,
            "교통총점":41.0,
            "백화점":0,
            "아울렛몰":0,
            "대형마트":0,
            "은행":0,
            "병원":10,
            "종합병원":100,
            "공원":80,
            "혐오시설":0,
            "인프라총점":23.4,
            "초등학군":89.99,
            "중학군":43.06,
            "학군총점":52.446,
            "인구수":35.4,
            "인구증감":-2.14,
            "인구총점":24.138,
            "일자리":20.67,
            "소득수준":62.84,
            "일자리총점":33.321,
            "가치 총점":40.7369,
            "매매실거래년":20220117.0,
            "매매실거래가":46700.0,
            "전세실거래년":20220115.0,
            "전세실거래가":21000.0,
            "전세가율":44.97,
            "장기전세가율평균":69.72,
            "전세가율거품지수":24.75,
            "검색코드":26379,
            "세대수":500.0,
            "준공년월":"2007-10-30",
            "준공년차":16.0,
            "가까운역이름":"신길온천",
            "가까운역거리":809.43,
            "역세권여부":"준역세권",
            "30분이내주요거점역":1,
            "30분거점역이름":"['안산']",
            "1시간이내주요거점역":5,
            "1시간거점역이름":"['송도', '수원시청', '평촌', '수원', '안산']",
            "3km이내백화점수":0,
            "5km이내아울렛몰수":0,
            "1km이내대형먀트수":0,
            "500m이내은행수":0,
            "500m이내병원수":3,
            "5km이내대형병원수":4,
            "500m이내공원수":1,
            "3km이내혐오시설수":0,
            "초등학교학업성취도":89.99,
            "중학교학업성취도":70.3,
            "용적률":237,
            "건폐율":16,
            "Y":37.337494,
            "X":126.774955,
            "rank":84.0,
            "area_info":"33평(111.29), 44평(146.23)",
            "last_sales":"2022-01-17,46700.0,33평(111.29)",
            "rank_history":[
                [
                    "202202",
                    84
                ],
                [
                    "202201",
                    55
                ]
            ],
            "rank_gap":-29
        },
        {
            "index":472,
            "아파트명":"e편한세상선부역어반스퀘어",
            "투자타입":"일반",
            "전용면적(m2)":"66.34",
            "전용면적(평)":"20평",
            "법정동주소":"경기도 안산시 단원구 선부동 1189",
            "도로명주소":"경기도 안산시 단원구 선부광장서로 42",
            "세대수":80,
            "입주년차":100,
            "용적률점수":"--",
            "건폐율점수":"--",
            "세대당주차수":30,
            "난방방식":100,
            "공급면적":"--",
            "전용률":"--",
            "욕실수":50,
            "현관타입":100,
            "주거총점":77.5,
            "지역구공급총점":0.0,
            "역세권":0,
            "30분내 이동가능 거점":20,
            "1시간내 이동가능 거점":40,
            "교통총점":14.0,
            "백화점":0,
            "아울렛몰":0,
            "대형마트":100,
            "은행":0,
            "병원":60,
            "종합병원":100,
            "공원":100,
            "혐오시설":0,
            "인프라총점":44.0,
            "초등학군":90.0,
            "중학군":35.06,
            "학군총점":46.048,
            "인구수":35.4,
            "인구증감":-2.14,
            "인구총점":24.138,
            "일자리":20.67,
            "소득수준":62.84,
            "일자리총점":33.321,
            "가치 총점":40.5072,
            "매매실거래년":20210101.0,
            "매매실거래가":46140.0,
            "전세실거래년":null,
            "전세실거래가":null,
            "전세가율":null,
            "장기전세가율평균":69.72,
            "전세가율거품지수":null,
            "검색코드":120742,
            "세대수":719.0,
            "준공년월":"2020-09-25",
            "준공년차":3.0,
            "가까운역이름":"초지",
            "가까운역거리":1470.74,
            "역세권여부":"비역세권",
            "30분이내주요거점역":1,
            "30분거점역이름":"['안산']",
            "1시간이내주요거점역":4,
            "1시간거점역이름":"['수원시청', '평촌', '수원', '안산']",
            "3km이내백화점수":0,
            "5km이내아울렛몰수":0,
            "1km이내대형먀트수":4,
            "500m이내은행수":1,
            "500m이내병원수":14,
            "5km이내대형병원수":3,
            "500m이내공원수":4,
            "3km이내혐오시설수":0,
            "초등학교학업성취도":90.0,
            "중학교학업성취도":57.9,
            "용적률":253,
            "건폐율":18,
            "Y":37.333869,
            "X":126.805521,
            "rank":85.0,
            "area_info":"20평(66.34), 24평(80.23), 24평(80.23), 24평(80.13), 29평(99.17), 33평(111.48), 33평(112.32)",
            "last_sales":"2021-01-01,46140.0,33평(111.48)",
            "rank_history":[
                [
                    "202202",
                    85
                ],
                [
                    "202201",
                    58
                ]
            ],
            "rank_gap":-27
        },
        {
            "index":575,
            "아파트명":"안산더웰테라스(도시형)",
            "투자타입":"일반",
            "전용면적(m2)":"93.44",
            "전용면적(평)":"28평",
            "법정동주소":"경기도 안산시 단원구 신길동 1740",
            "도로명주소":"경기도 안산시 단원구 삼일로1길 6",
            "세대수":0,
            "입주년차":100,
            "용적률점수":"--",
            "건폐율점수":"--",
            "세대당주차수":30,
            "난방방식":100,
            "공급면적":"--",
            "전용률":"--",
            "욕실수":100,
            "현관타입":100,
            "주거총점":54.5,
            "지역구공급총점":0.0,
            "역세권":50,
            "30분내 이동가능 거점":20,
            "1시간내 이동가능 거점":50,
            "교통총점":41.0,
            "백화점":0,
            "아울렛몰":0,
            "대형마트":0,
            "은행":0,
            "병원":10,
            "종합병원":100,
            "공원":100,
            "혐오시설":0,
            "인프라총점":24.0,
            "초등학군":89.99,
            "중학군":43.06,
            "학군총점":52.446,
            "인구수":35.4,
            "인구증감":-2.14,
            "인구총점":24.138,
            "일자리":20.67,
            "소득수준":62.84,
            "일자리총점":33.321,
            "가치 총점":40.3169,
            "매매실거래년":"18000101",
            "매매실거래가":null,
            "전세실거래년":null,
            "전세실거래가":null,
            "전세가율":null,
            "장기전세가율평균":69.72,
            "전세가율거품지수":null,
            "검색코드":127810,
            "세대수":141.0,
            "준공년월":"2019-11-06",
            "준공년차":4.0,
            "가까운역이름":"안산",
            "가까운역거리":946.9,
            "역세권여부":"준역세권",
            "30분이내주요거점역":1,
            "30분거점역이름":"['안산']",
            "1시간이내주요거점역":5,
            "1시간거점역이름":"['송도', '수원시청', '평촌', '수원', '안산']",
            "3km이내백화점수":0,
            "5km이내아울렛몰수":0,
            "1km이내대형먀트수":0,
            "500m이내은행수":0,
            "500m이내병원수":2,
            "5km이내대형병원수":4,
            "500m이내공원수":4,
            "3km이내혐오시설수":0,
            "초등학교학업성취도":89.99,
            "중학교학업성취도":70.3,
            "용적률":99,
            "건폐율":36,
            "Y":37.333208,
            "X":126.781093,
            "rank":86.0,
            "area_info":"28평(93.44), 33평(111.61), 33평(111.61)",
            "last_sales":"1800-01-01,nan,28평(93.44)",
            "rank_history":[
                [
                    "202202",
                    86
                ],
                [
                    "202201",
                    57
                ]
            ],
            "rank_gap":-29
        },
        {
            "index":188,
            "아파트명":"상우",
            "투자타입":"재건축",
            "전용면적(m2)":"48.51",
            "전용면적(평)":"14평",
            "법정동주소":"경기도 안산시 단원구 고잔동 613",
            "도로명주소":"경기도 안산시 단원구 삼일로 467",
            "세대수":0,
            "입주년차":"--",
            "용적률점수":100,
            "건폐율점수":40,
            "세대당주차수":"--",
            "난방방식":"--",
            "공급면적":50,
            "전용률":100,
            "욕실수":"--",
            "현관타입":"--",
            "주거총점":55.5,
            "지역구공급총점":0.0,
            "역세권":0,
            "30분내 이동가능 거점":20,
            "1시간내 이동가능 거점":20,
            "교통총점":10.0,
            "백화점":100,
            "아울렛몰":0,
            "대형마트":0,
            "은행":0,
            "병원":60,
            "종합병원":100,
            "공원":100,
            "혐오시설":0,
            "인프라총점":59.0,
            "초등학군":90.0,
            "중학군":38.16,
            "학군총점":48.528,
            "인구수":35.4,
            "인구증감":-2.14,
            "인구총점":24.138,
            "일자리":20.67,
            "소득수준":62.84,
            "일자리총점":33.321,
            "가치 총점":39.5792,
            "매매실거래년":"18000101",
            "매매실거래가":null,
            "전세실거래년":null,
            "전세실거래가":null,
            "전세가율":null,
            "장기전세가율평균":69.72,
            "전세가율거품지수":null,
            "검색코드":14822,
            "세대수":126.0,
            "준공년월":"1989-12-29",
            "준공년차":34.0,
            "가까운역이름":"고잔",
            "가까운역거리":1590.91,
            "역세권여부":"비역세권",
            "30분이내주요거점역":1,
            "30분거점역이름":"['안산']",
            "1시간이내주요거점역":2,
            "1시간거점역이름":"['평촌', '안산']",
            "3km이내백화점수":1,
            "5km이내아울렛몰수":0,
            "1km이내대형먀트수":0,
            "500m이내은행수":0,
            "500m이내병원수":10,
            "5km이내대형병원수":4,
            "500m이내공원수":4,
            "3km이내혐오시설수":0,
            "초등학교학업성취도":90.0,
            "중학교학업성취도":63.0,
            "용적률":105,
            "건폐율":35,
            "Y":37.330224,
            "X":126.829394,
            "rank":87.0,
            "area_info":"14평(48.51), 16평(53.18), 17평(59.03), 20평(68.13), 21평(70.58), 22평(73.37), 22평(73.36), 23평(77.15), 24평(80.42)",
            "last_sales":"1800-01-01,nan,14평(48.51)",
            "rank_history":[
                [
                    "202202",
                    87
                ],
                [
                    "202201",
                    66
                ]
            ],
            "rank_gap":-21
        },
        {
            "index":635,
            "아파트명":"신유7차",
            "투자타입":"재건축",
            "전용면적(m2)":"75.74",
            "전용면적(평)":"22평",
            "법정동주소":"경기도 안산시 단원구 와동 830-2",
            "도로명주소":"경기도 안산시 단원구 화정로안길 35",
            "세대수":0,
            "입주년차":"--",
            "용적률점수":100,
            "건폐율점수":0,
            "세대당주차수":"--",
            "난방방식":"--",
            "공급면적":50,
            "전용률":60,
            "욕실수":"--",
            "현관타입":"--",
            "주거총점":45.5,
            "지역구공급총점":0.0,
            "역세권":0,
            "30분내 이동가능 거점":20,
            "1시간내 이동가능 거점":10,
            "교통총점":8.0,
            "백화점":100,
            "아울렛몰":0,
            "대형마트":100,
            "은행":0,
            "병원":0,
            "종합병원":100,
            "공원":100,
            "혐오시설":0,
            "인프라총점":68.0,
            "초등학군":89.98,
            "중학군":38.16,
            "학군총점":48.524,
            "인구수":35.4,
            "인구증감":-2.14,
            "인구총점":24.138,
            "일자리":20.67,
            "소득수준":62.84,
            "일자리총점":33.321,
            "가치 총점":39.5786,
            "매매실거래년":"18000101",
            "매매실거래가":null,
            "전세실거래년":null,
            "전세실거래가":null,
            "전세가율":null,
            "장기전세가율평균":69.72,
            "전세가율거품지수":null,
            "검색코드":106362,
            "세대수":104.0,
            "준공년월":"1992-10-05",
            "준공년차":31.0,
            "가까운역이름":"고잔",
            "가까운역거리":1855.36,
            "역세권여부":"비역세권",
            "30분이내주요거점역":1,
            "30분거점역이름":"['안산']",
            "1시간이내주요거점역":1,
            "1시간거점역이름":"['안산']",
            "3km이내백화점수":1,
            "5km이내아울렛몰수":0,
            "1km이내대형먀트수":4,
            "500m이내은행수":0,
            "500m이내병원수":1,
            "5km이내대형병원수":3,
            "500m이내공원수":3,
            "3km이내혐오시설수":0,
            "초등학교학업성취도":89.98,
            "중학교학업성취도":63.0,
            "용적률":134,
            "건폐율":0,
            "Y":37.333367,
            "X":126.821006,
            "rank":88.0,
            "area_info":"22평(75.74), 24평(80.4), 26평(87.93), 27평(92.4), 28평(94.8), 31평(103.88)",
            "last_sales":"1800-01-01,nan,22평(75.74)",
            "rank_history":[
                [
                    "202202",
                    88
                ],
                [
                    "202201",
                    65
                ]
            ],
            "rank_gap":-23
        },
        {
            "index":595,
            "아파트명":"줌테라스",
            "투자타입":"일반",
            "전용면적(m2)":"88.81",
            "전용면적(평)":"26평",
            "법정동주소":"경기도 안산시 단원구 신길동 1457",
            "도로명주소":"경기도 안산시 단원구 신각길 123",
            "세대수":0,
            "입주년차":80,
            "용적률점수":"--",
            "건폐율점수":"--",
            "세대당주차수":30,
            "난방방식":100,
            "공급면적":"--",
            "전용률":"--",
            "욕실수":100,
            "현관타입":100,
            "주거총점":50.5,
            "지역구공급총점":0.0,
            "역세권":50,
            "30분내 이동가능 거점":20,
            "1시간내 이동가능 거점":50,
            "교통총점":41.0,
            "백화점":0,
            "아울렛몰":0,
            "대형마트":0,
            "은행":0,
            "병원":10,
            "종합병원":100,
            "공원":100,
            "혐오시설":0,
            "인프라총점":24.0,
            "초등학군":89.99,
            "중학군":43.06,
            "학군총점":52.446,
            "인구수":35.4,
            "인구증감":-2.14,
            "인구총점":24.138,
            "일자리":20.67,
            "소득수준":62.84,
            "일자리총점":33.321,
            "가치 총점":39.5169,
            "매매실거래년":"18000101",
            "매매실거래가":null,
            "전세실거래년":null,
            "전세실거래가":null,
            "전세가율":null,
            "장기전세가율평균":69.72,
            "전세가율거품지수":null,
            "검색코드":115345,
            "세대수":146.0,
            "준공년월":"2017-08-17",
            "준공년차":6.0,
            "가까운역이름":"신길온천",
            "가까운역거리":962.43,
            "역세권여부":"준역세권",
            "30분이내주요거점역":1,
            "30분거점역이름":"['안산']",
            "1시간이내주요거점역":5,
            "1시간거점역이름":"['송도', '수원시청', '평촌', '수원', '안산']",
            "3km이내백화점수":0,
            "5km이내아울렛몰수":0,
            "1km이내대형먀트수":0,
            "500m이내은행수":0,
            "500m이내병원수":3,
            "5km이내대형병원수":4,
            "500m이내공원수":2,
            "3km이내혐오시설수":0,
            "초등학교학업성취도":89.99,
            "중학교학업성취도":70.3,
            "용적률":74,
            "건폐율":39,
            "Y":37.335765,
            "X":126.776286,
            "rank":89.0,
            "area_info":"26평(88.81), 26평(88.81), 28평(94.44), 28평(94.44)",
            "last_sales":"1800-01-01,nan,26평(88.81)",
            "rank_history":[
                [
                    "202202",
                    89
                ],
                [
                    "202201",
                    61
                ]
            ],
            "rank_gap":-28
        },
        {
            "index":221,
            "아파트명":"신유5차",
            "투자타입":"재건축",
            "전용면적(m2)":"49.5",
            "전용면적(평)":"14평",
            "법정동주소":"경기도 안산시 단원구 고잔동 603",
            "도로명주소":"경기도 안산시 단원구 단원로 65",
            "세대수":0,
            "입주년차":"--",
            "용적률점수":100,
            "건폐율점수":80,
            "세대당주차수":"--",
            "난방방식":"--",
            "공급면적":50,
            "전용률":60,
            "욕실수":"--",
            "현관타입":"--",
            "주거총점":61.5,
            "지역구공급총점":0.0,
            "역세권":0,
            "30분내 이동가능 거점":0,
            "1시간내 이동가능 거점":40,
            "교통총점":8.0,
            "백화점":100,
            "아울렛몰":0,
            "대형마트":0,
            "은행":0,
            "병원":30,
            "종합병원":100,
            "공원":100,
            "혐오시설":0,
            "인프라총점":56.0,
            "초등학군":90.0,
            "중학군":38.16,
            "학군총점":48.528,
            "인구수":35.4,
            "인구증감":-2.14,
            "인구총점":24.138,
            "일자리":20.67,
            "소득수준":62.84,
            "일자리총점":33.321,
            "가치 총점":39.1792,
            "매매실거래년":"18000101",
            "매매실거래가":null,
            "전세실거래년":null,
            "전세실거래가":null,
            "전세가율":null,
            "장기전세가율평균":69.72,
            "전세가율거품지수":null,
            "검색코드":106363,
            "세대수":111.0,
            "준공년월":"1989-11-16",
            "준공년차":34.0,
            "가까운역이름":"고잔",
            "가까운역거리":1188.63,
            "역세권여부":"비역세권",
            "30분이내주요거점역":0,
            "30분거점역이름":"[]",
            "1시간이내주요거점역":4,
            "1시간거점역이름":"['수원시청', '평촌', '수원', '안산']",
            "3km이내백화점수":1,
            "5km이내아울렛몰수":0,
            "1km이내대형먀트수":0,
            "500m이내은행수":0,
            "500m이내병원수":5,
            "5km이내대형병원수":4,
            "500m이내공원수":3,
            "3km이내혐오시설수":0,
            "초등학교학업성취도":90.0,
            "중학교학업성취도":63.0,
            "용적률":95,
            "건폐율":29,
            "Y":37.32715,
            "X":126.826496,
            "rank":90.0,
            "area_info":"14평(49.5), 18평(60.3), 18평(61.98), 18평(61.23), 19평(64.8), 20평(66.72), 23평(79.2)",
            "last_sales":"1800-01-01,nan,14평(49.5)",
            "rank_history":[
                [
                    "202202",
                    90
                ],
                [
                    "202201",
                    67
                ]
            ],
            "rank_gap":-23
        },
        {
            "index":180,
            "아파트명":"삼두",
            "투자타입":"재건축",
            "전용면적(m2)":"57.6",
            "전용면적(평)":"17평",
            "법정동주소":"경기도 안산시 단원구 고잔동 664",
            "도로명주소":"경기도 안산시 단원구 인현중앙길 29",
            "세대수":0,
            "입주년차":"--",
            "용적률점수":0,
            "건폐율점수":0,
            "세대당주차수":"--",
            "난방방식":"--",
            "공급면적":50,
            "전용률":80,
            "욕실수":"--",
            "현관타입":"--",
            "주거총점":6.5,
            "지역구공급총점":0.0,
            "역세권":50,
            "30분내 이동가능 거점":20,
            "1시간내 이동가능 거점":50,
            "교통총점":41.0,
            "백화점":100,
            "아울렛몰":0,
            "대형마트":0,
            "은행":0,
            "병원":10,
            "종합병원":100,
            "공원":100,
            "혐오시설":0,
            "인프라총점":54.0,
            "초등학군":90.0,
            "중학군":38.16,
            "학군총점":48.528,
            "인구수":35.4,
            "인구증감":-2.14,
            "인구총점":24.138,
            "일자리":20.67,
            "소득수준":62.84,
            "일자리총점":33.321,
            "가치 총점":39.1292,
            "매매실거래년":"18000101",
            "매매실거래가":null,
            "전세실거래년":null,
            "전세실거래가":null,
            "전세가율":null,
            "장기전세가율평균":69.72,
            "전세가율거품지수":null,
            "검색코드":113221,
            "세대수":117.0,
            "준공년월":"1989-12-09",
            "준공년차":34.0,
            "가까운역이름":"고잔",
            "가까운역거리":874.6,
            "역세권여부":"준역세권",
            "30분이내주요거점역":1,
            "30분거점역이름":"['안산']",
            "1시간이내주요거점역":5,
            "1시간거점역이름":"['송도', '수원시청', '평촌', '수원', '안산']",
            "3km이내백화점수":1,
            "5km이내아울렛몰수":0,
            "1km이내대형먀트수":0,
            "500m이내은행수":0,
            "500m이내병원수":2,
            "5km이내대형병원수":4,
            "500m이내공원수":2,
            "3km이내혐오시설수":0,
            "초등학교학업성취도":90.0,
            "중학교학업성취도":63.0,
            "용적률":0,
            "건폐율":0,
            "Y":37.324315,
            "X":126.820425,
            "rank":91.0,
            "area_info":"17평(57.6), 18평(61.74), 22평(73.21), 25평(84.74)",
            "last_sales":"1800-01-01,nan,17평(57.6)",
            "rank_history":[
                [
                    "202202",
                    91
                ],
                [
                    "202201",
                    63
                ]
            ],
            "rank_gap":-28
        },
        {
            "index":580,
            "아파트명":"안산신길온천역휴먼빌1차",
            "투자타입":"일반",
            "전용면적(m2)":"79.14",
            "전용면적(평)":"23평",
            "법정동주소":"경기도 안산시 단원구 신길동 1446",
            "도로명주소":"경기도 안산시 단원구 신각길 18",
            "세대수":50,
            "입주년차":40,
            "용적률점수":"--",
            "건폐율점수":"--",
            "세대당주차수":30,
            "난방방식":30,
            "공급면적":"--",
            "전용률":"--",
            "욕실수":100,
            "현관타입":100,
            "주거총점":53.0,
            "지역구공급총점":0.0,
            "역세권":50,
            "30분내 이동가능 거점":20,
            "1시간내 이동가능 거점":50,
            "교통총점":41.0,
            "백화점":0,
            "아울렛몰":0,
            "대형마트":0,
            "은행":0,
            "병원":10,
            "종합병원":100,
            "공원":0,
            "혐오시설":0,
            "인프라총점":21.0,
            "초등학군":89.96,
            "중학군":43.06,
            "학군총점":52.44,
            "인구수":35.4,
            "인구증감":-2.14,
            "인구총점":24.138,
            "일자리":20.67,
            "소득수준":62.84,
            "일자리총점":33.321,
            "가치 총점":39.116,
            "매매실거래년":20211107.0,
            "매매실거래가":45500.0,
            "전세실거래년":null,
            "전세실거래가":null,
            "전세가율":null,
            "장기전세가율평균":69.72,
            "전세가율거품지수":null,
            "검색코드":11753,
            "세대수":480.0,
            "준공년월":"2005-07-29",
            "준공년차":18.0,
            "가까운역이름":"신길온천",
            "가까운역거리":570.16,
            "역세권여부":"준역세권",
            "30분이내주요거점역":1,
            "30분거점역이름":"['안산']",
            "1시간이내주요거점역":5,
            "1시간거점역이름":"['송도', '수원시청', '평촌', '수원', '안산']",
            "3km이내백화점수":0,
            "5km이내아울렛몰수":0,
            "1km이내대형먀트수":0,
            "500m이내은행수":0,
            "500m이내병원수":3,
            "5km이내대형병원수":3,
            "500m이내공원수":0,
            "3km이내혐오시설수":0,
            "초등학교학업성취도":89.96,
            "중학교학업성취도":70.3,
            "용적률":257,
            "건폐율":19,
            "Y":37.33696,
            "X":126.772098,
            "rank":92.0,
            "area_info":"23평(79.14), 24평(82.37), 25평(83.36), 32평(107.46), 33평(109.83), 33평(111.66)",
            "last_sales":"2021-11-07,45500.0,33평(109.83)",
            "rank_history":[
                [
                    "202202",
                    92
                ],
                [
                    "202201",
                    62
                ]
            ],
            "rank_gap":-30
        },
        {
            "index":641,
            "아파트명":"창동",
            "투자타입":"재건축",
            "전용면적(m2)":"81.41",
            "전용면적(평)":"24평",
            "법정동주소":"경기도 안산시 단원구 와동 723-4",
            "도로명주소":"경기도 안산시 단원구 와동로 5",
            "세대수":0,
            "입주년차":"--",
            "용적률점수":100,
            "건폐율점수":40,
            "세대당주차수":"--",
            "난방방식":"--",
            "공급면적":70,
            "전용률":60,
            "욕실수":"--",
            "현관타입":"--",
            "주거총점":54.5,
            "지역구공급총점":0.0,
            "역세권":0,
            "30분내 이동가능 거점":20,
            "1시간내 이동가능 거점":10,
            "교통총점":8.0,
            "백화점":100,
            "아울렛몰":0,
            "대형마트":0,
            "은행":0,
            "병원":60,
            "종합병원":100,
            "공원":100,
            "혐오시설":0,
            "인프라총점":59.0,
            "초등학군":89.98,
            "중학군":38.16,
            "학군총점":48.524,
            "인구수":35.4,
            "인구증감":-2.14,
            "인구총점":24.138,
            "일자리":20.67,
            "소득수준":62.84,
            "일자리총점":33.321,
            "가치 총점":38.6786,
            "매매실거래년":"18000101",
            "매매실거래가":null,
            "전세실거래년":null,
            "전세실거래가":null,
            "전세가율":null,
            "장기전세가율평균":69.72,
            "전세가율거품지수":null,
            "검색코드":14837,
            "세대수":152.0,
            "준공년월":"1992-10-21",
            "준공년차":31.0,
            "가까운역이름":"고잔",
            "가까운역거리":1714.61,
            "역세권여부":"비역세권",
            "30분이내주요거점역":1,
            "30분거점역이름":"['안산']",
            "1시간이내주요거점역":1,
            "1시간거점역이름":"['안산']",
            "3km이내백화점수":1,
            "5km이내아울렛몰수":0,
            "1km이내대형먀트수":0,
            "500m이내은행수":0,
            "500m이내병원수":10,
            "5km이내대형병원수":4,
            "500m이내공원수":5,
            "3km이내혐오시설수":0,
            "초등학교학업성취도":89.98,
            "중학교학업성취도":63.0,
            "용적률":137,
            "건폐율":35,
            "Y":37.332022,
            "X":126.826161,
            "rank":93.0,
            "area_info":"24평(81.41), 25평(82.92), 29평(98.77), 32평(108.9), 33평(109.42)",
            "last_sales":"1800-01-01,nan,24평(81.41)",
            "rank_history":[
                [
                    "202202",
                    93
                ],
                [
                    "202201",
                    69
                ]
            ],
            "rank_gap":-24
        },
        {
            "index":197,
            "아파트명":"세승",
            "투자타입":"재건축",
            "전용면적(m2)":"64.08",
            "전용면적(평)":"19평",
            "법정동주소":"경기도 안산시 단원구 고잔동 660-1",
            "도로명주소":"경기도 안산시 단원구 인현3길 13",
            "세대수":0,
            "입주년차":"--",
            "용적률점수":100,
            "건폐율점수":60,
            "세대당주차수":"--",
            "난방방식":"--",
            "공급면적":50,
            "전용률":60,
            "욕실수":"--",
            "현관타입":"--",
            "주거총점":57.5,
            "지역구공급총점":0.0,
            "역세권":0,
            "30분내 이동가능 거점":0,
            "1시간내 이동가능 거점":50,
            "교통총점":10.0,
            "백화점":100,
            "아울렛몰":0,
            "대형마트":0,
            "은행":0,
            "병원":10,
            "종합병원":100,
            "공원":100,
            "혐오시설":0,
            "인프라총점":54.0,
            "초등학군":89.98,
            "중학군":38.16,
            "학군총점":48.524,
            "인구수":35.4,
            "인구증감":-2.14,
            "인구총점":24.138,
            "일자리":20.67,
            "소득수준":62.84,
            "일자리총점":33.321,
            "가치 총점":38.4786,
            "매매실거래년":"18000101",
            "매매실거래가":null,
            "전세실거래년":null,
            "전세실거래가":null,
            "전세가율":null,
            "장기전세가율평균":69.72,
            "전세가율거품지수":null,
            "검색코드":14816,
            "세대수":108.0,
            "준공년월":"1990-03-28",
            "준공년차":33.0,
            "가까운역이름":"고잔",
            "가까운역거리":1127.74,
            "역세권여부":"비역세권",
            "30분이내주요거점역":0,
            "30분거점역이름":"[]",
            "1시간이내주요거점역":5,
            "1시간거점역이름":"['송도', '수원시청', '평촌', '수원', '안산']",
            "3km이내백화점수":1,
            "5km이내아울렛몰수":0,
            "1km이내대형먀트수":0,
            "500m이내은행수":0,
            "500m이내병원수":2,
            "5km이내대형병원수":4,
            "500m이내공원수":3,
            "3km이내혐오시설수":0,
            "초등학교학업성취도":89.98,
            "중학교학업성취도":63.0,
            "용적률":97,
            "건폐율":33,
            "Y":37.326724,
            "X":126.82076,
            "rank":94.0,
            "area_info":"19평(64.08), 24평(79.46), 24평(82.54)",
            "last_sales":"1800-01-01,nan,19평(64.08)",
            "rank_history":[
                [
                    "202202",
                    94
                ],
                [
                    "202201",
                    68
                ]
            ],
            "rank_gap":-26
        },
        {
            "index":58,
            "아파트명":"대동13차",
            "투자타입":"재건축",
            "전용면적(m2)":"82.13",
            "전용면적(평)":"24평",
            "법정동주소":"경기도 안산시 단원구 고잔동 612-1",
            "도로명주소":"경기도 안산시 단원구 적금로4길 26",
            "세대수":0,
            "입주년차":"--",
            "용적률점수":100,
            "건폐율점수":60,
            "세대당주차수":"--",
            "난방방식":"--",
            "공급면적":70,
            "전용률":40,
            "욕실수":"--",
            "현관타입":"--",
            "주거총점":57.5,
            "지역구공급총점":0.0,
            "역세권":0,
            "30분내 이동가능 거점":0,
            "1시간내 이동가능 거점":30,
            "교통총점":6.0,
            "백화점":100,
            "아울렛몰":0,
            "대형마트":0,
            "은행":0,
            "병원":30,
            "종합병원":100,
            "공원":100,
            "혐오시설":0,
            "인프라총점":56.0,
            "초등학군":90.0,
            "중학군":38.16,
            "학군총점":48.528,
            "인구수":35.4,
            "인구증감":-2.14,
            "인구총점":24.138,
            "일자리":20.67,
            "소득수준":62.84,
            "일자리총점":33.321,
            "가치 총점":37.6792,
            "매매실거래년":"18000101",
            "매매실거래가":null,
            "전세실거래년":null,
            "전세실거래가":null,
            "전세가율":null,
            "장기전세가율평균":69.72,
            "전세가율거품지수":null,
            "검색코드":14819,
            "세대수":122.0,
            "준공년월":"1990-12-29",
            "준공년차":33.0,
            "가까운역이름":"고잔",
            "가까운역거리":1442.46,
            "역세권여부":"비역세권",
            "30분이내주요거점역":0,
            "30분거점역이름":"[]",
            "1시간이내주요거점역":3,
            "1시간거점역이름":"['수원시청', '수원', '안산']",
            "3km이내백화점수":1,
            "5km이내아울렛몰수":0,
            "1km이내대형먀트수":0,
            "500m이내은행수":0,
            "500m이내병원수":8,
            "5km이내대형병원수":4,
            "500m이내공원수":4,
            "3km이내혐오시설수":0,
            "초등학교학업성취도":90.0,
            "중학교학업성취도":63.0,
            "용적률":101,
            "건폐율":34,
            "Y":37.328696,
            "X":126.829688,
            "rank":95.0,
            "area_info":"24평(82.13), 26평(86.07), 28평(95.04)",
            "last_sales":"1800-01-01,nan,24평(82.13)",
            "rank_history":[
                [
                    "202202",
                    95
                ],
                [
                    "202201",
                    70
                ]
            ],
            "rank_gap":-25
        },
        {
            "index":61,
            "아파트명":"대동15차",
            "투자타입":"재건축",
            "전용면적(m2)":"68.1",
            "전용면적(평)":"20평",
            "법정동주소":"경기도 안산시 단원구 고잔동 608",
            "도로명주소":"경기도 안산시 단원구 적금로5길 17",
            "세대수":0,
            "입주년차":"--",
            "용적률점수":100,
            "건폐율점수":40,
            "세대당주차수":"--",
            "난방방식":"--",
            "공급면적":50,
            "전용률":60,
            "욕실수":"--",
            "현관타입":"--",
            "주거총점":53.5,
            "지역구공급총점":0.0,
            "역세권":0,
            "30분내 이동가능 거점":0,
            "1시간내 이동가능 거점":40,
            "교통총점":8.0,
            "백화점":100,
            "아울렛몰":0,
            "대형마트":0,
            "은행":0,
            "병원":30,
            "종합병원":100,
            "공원":100,
            "혐오시설":0,
            "인프라총점":56.0,
            "초등학군":90.0,
            "중학군":38.16,
            "학군총점":48.528,
            "인구수":35.4,
            "인구증감":-2.14,
            "인구총점":24.138,
            "일자리":20.67,
            "소득수준":62.84,
            "일자리총점":33.321,
            "가치 총점":37.5792,
            "매매실거래년":"18000101",
            "매매실거래가":null,
            "전세실거래년":null,
            "전세실거래가":null,
            "전세가율":null,
            "장기전세가율평균":69.72,
            "전세가율거품지수":null,
            "검색코드":14820,
            "세대수":191.0,
            "준공년월":"1991-12-31",
            "준공년차":32.0,
            "가까운역이름":"고잔",
            "가까운역거리":1466.37,
            "역세권여부":"비역세권",
            "30분이내주요거점역":0,
            "30분거점역이름":"[]",
            "1시간이내주요거점역":4,
            "1시간거점역이름":"['수원시청', '평촌', '수원', '안산']",
            "3km이내백화점수":1,
            "5km이내아울렛몰수":0,
            "1km이내대형먀트수":0,
            "500m이내은행수":0,
            "500m이내병원수":9,
            "5km이내대형병원수":4,
            "500m이내공원수":5,
            "3km이내혐오시설수":0,
            "초등학교학업성취도":90.0,
            "중학교학업성취도":63.0,
            "용적률":144,
            "건폐율":36,
            "Y":37.329667,
            "X":126.826751,
            "rank":96.0,
            "area_info":"20평(68.1), 21평(71.51), 22평(74.92), 23평(78.57)",
            "last_sales":"1800-01-01,nan,20평(68.1)",
            "rank_history":[
                [
                    "202202",
                    96
                ],
                [
                    "202201",
                    71
                ]
            ],
            "rank_gap":-25
        },
        {
            "index":80,
            "아파트명":"동남레이크빌Ⅰ",
            "투자타입":"일반",
            "전용면적(m2)":"42.74",
            "전용면적(평)":"12평",
            "법정동주소":"경기도 안산시 단원구 고잔동 718-2",
            "도로명주소":"경기도 안산시 단원구 광덕3로 165",
            "세대수":0,
            "입주년차":20,
            "용적률점수":"--",
            "건폐율점수":"--",
            "세대당주차수":0,
            "난방방식":30,
            "공급면적":"--",
            "전용률":"--",
            "욕실수":50,
            "현관타입":100,
            "주거총점":22.0,
            "지역구공급총점":0.0,
            "역세권":0,
            "30분내 이동가능 거점":0,
            "1시간내 이동가능 거점":0,
            "교통총점":0.0,
            "백화점":100,
            "아울렛몰":0,
            "대형마트":80,
            "은행":70,
            "병원":80,
            "종합병원":100,
            "공원":100,
            "혐오시설":0,
            "인프라총점":80.0,
            "초등학군":90.01,
            "중학군":51.78,
            "학군총점":59.426,
            "인구수":35.4,
            "인구증감":-2.14,
            "인구총점":24.138,
            "일자리":20.67,
            "소득수준":62.84,
            "일자리총점":33.321,
            "가치 총점":37.3139,
            "매매실거래년":20211119.0,
            "매매실거래가":9800.0,
            "전세실거래년":20210925.0,
            "전세실거래가":7500.0,
            "전세가율":102.74,
            "장기전세가율평균":69.72,
            "전세가율거품지수":-33.02,
            "검색코드":101888,
            "세대수":124.0,
            "준공년월":"2003-06-18",
            "준공년차":20.0,
            "가까운역이름":"고잔",
            "가까운역거리":1030.67,
            "역세권여부":"비역세권",
            "30분이내주요거점역":0,
            "30분거점역이름":"[]",
            "1시간이내주요거점역":0,
            "1시간거점역이름":"[]",
            "3km이내백화점수":1,
            "5km이내아울렛몰수":0,
            "1km이내대형먀트수":1,
            "500m이내은행수":4,
            "500m이내병원수":55,
            "5km이내대형병원수":4,
            "500m이내공원수":2,
            "3km이내혐오시설수":0,
            "초등학교학업성취도":90.01,
            "중학교학업성취도":84.9,
            "용적률":506,
            "건폐율":72,
            "Y":37.308398,
            "X":126.828232,
            "rank":97.0,
            "area_info":"12평(42.74), 14평(47.72)",
            "last_sales":"2021-11-19,9800.0,14평(47.72)",
            "rank_history":[
                [
                    "202202",
                    0
                ],
                [
                    "202201",
                    9999
                ]
            ],
            "rank_gap":9999
        },
        {
            "index":578,
            "아파트명":"안산신길두산위브",
            "투자타입":"일반",
            "전용면적(m2)":"82.19",
            "전용면적(평)":"24평",
            "법정동주소":"경기도 안산시 단원구 신길동 1445",
            "도로명주소":"경기도 안산시 단원구 새뿔길 42",
            "세대수":0,
            "입주년차":40,
            "용적률점수":"--",
            "건폐율점수":"--",
            "세대당주차수":30,
            "난방방식":30,
            "공급면적":"--",
            "전용률":"--",
            "욕실수":100,
            "현관타입":100,
            "주거총점":35.5,
            "지역구공급총점":0.0,
            "역세권":50,
            "30분내 이동가능 거점":20,
            "1시간내 이동가능 거점":50,
            "교통총점":41.0,
            "백화점":0,
            "아울렛몰":0,
            "대형마트":0,
            "은행":0,
            "병원":10,
            "종합병원":100,
            "공원":100,
            "혐오시설":0,
            "인프라총점":24.0,
            "초등학군":89.99,
            "중학군":43.06,
            "학군총점":52.446,
            "인구수":35.4,
            "인구증감":-2.14,
            "인구총점":24.138,
            "일자리":20.67,
            "소득수준":62.84,
            "일자리총점":33.321,
            "가치 총점":36.5169,
            "매매실거래년":20211108.0,
            "매매실거래가":29500.0,
            "전세실거래년":20211218.0,
            "전세실거래가":30000.0,
            "전세가율":101.69,
            "장기전세가율평균":69.72,
            "전세가율거품지수":-31.97,
            "검색코드":10861,
            "세대수":212.0,
            "준공년월":"2004-11-22",
            "준공년차":19.0,
            "가까운역이름":"신길온천",
            "가까운역거리":845.65,
            "역세권여부":"준역세권",
            "30분이내주요거점역":1,
            "30분거점역이름":"['안산']",
            "1시간이내주요거점역":5,
            "1시간거점역이름":"['송도', '수원시청', '평촌', '수원', '안산']",
            "3km이내백화점수":0,
            "5km이내아울렛몰수":0,
            "1km이내대형먀트수":0,
            "500m이내은행수":0,
            "500m이내병원수":3,
            "5km이내대형병원수":4,
            "500m이내공원수":2,
            "3km이내혐오시설수":0,
            "초등학교학업성취도":89.99,
            "중학교학업성취도":70.3,
            "용적률":240,
            "건폐율":26,
            "Y":37.336695,
            "X":126.775217,
            "rank":98.0,
            "area_info":"24평(82.19), 33평(109.2)",
            "last_sales":"2021-11-08,29500.0,24평(82.19)",
            "rank_history":[
                [
                    "202202",
                    98
                ],
                [
                    "202201",
                    72
                ]
            ],
            "rank_gap":-26
        },
        {
            "index":567,
            "아파트명":"효자",
            "투자타입":"재건축",
            "전용면적(m2)":"56.73",
            "전용면적(평)":"17평",
            "법정동주소":"경기도 안산시 단원구 선부동 963",
            "도로명주소":"경기도 안산시 단원구 선부광장서로1길 17",
            "세대수":0,
            "입주년차":"--",
            "용적률점수":100,
            "건폐율점수":60,
            "세대당주차수":"--",
            "난방방식":"--",
            "공급면적":50,
            "전용률":60,
            "욕실수":"--",
            "현관타입":"--",
            "주거총점":57.5,
            "지역구공급총점":0.0,
            "역세권":0,
            "30분내 이동가능 거점":20,
            "1시간내 이동가능 거점":40,
            "교통총점":14.0,
            "백화점":0,
            "아울렛몰":0,
            "대형마트":100,
            "은행":0,
            "병원":30,
            "종합병원":100,
            "공원":80,
            "혐오시설":0,
            "인프라총점":40.4,
            "초등학군":90.0,
            "중학군":43.62,
            "학군총점":52.896,
            "인구수":35.4,
            "인구증감":-2.14,
            "인구총점":24.138,
            "일자리":20.67,
            "소득수준":62.84,
            "일자리총점":33.321,
            "가치 총점":36.4544,
            "매매실거래년":"18000101",
            "매매실거래가":null,
            "전세실거래년":null,
            "전세실거래가":null,
            "전세가율":null,
            "장기전세가율평균":69.72,
            "전세가율거품지수":null,
            "검색코드":106370,
            "세대수":123.0,
            "준공년월":"1989-04-29",
            "준공년차":34.0,
            "가까운역이름":"안산",
            "가까운역거리":1454.0,
            "역세권여부":"비역세권",
            "30분이내주요거점역":1,
            "30분거점역이름":"['안산']",
            "1시간이내주요거점역":4,
            "1시간거점역이름":"['송도', '평촌', '수원', '안산']",
            "3km이내백화점수":0,
            "5km이내아울렛몰수":0,
            "1km이내대형먀트수":4,
            "500m이내은행수":1,
            "500m이내병원수":5,
            "5km이내대형병원수":3,
            "500m이내공원수":1,
            "3km이내혐오시설수":0,
            "초등학교학업성취도":90.0,
            "중학교학업성취도":72.5,
            "용적률":101,
            "건폐율":33,
            "Y":37.333518,
            "X":126.802847,
            "rank":99.0,
            "area_info":"17평(56.73), 17평(56.49), 18평(61.08), 21평(70.95)",
            "last_sales":"1800-01-01,nan,17평(56.73)",
            "rank_history":[
                [
                    "202202",
                    99
                ],
                [
                    "202201",
                    78
                ]
            ],
            "rank_gap":-21
        },
        {
            "index":77,
            "아파트명":"동남레이크빌2",
            "투자타입":"일반",
            "전용면적(m2)":"41.43",
            "전용면적(평)":"12평",
            "법정동주소":"경기도 안산시 단원구 고잔동 718-1",
            "도로명주소":"경기도 안산시 단원구 광덕1로 163",
            "세대수":0,
            "입주년차":20,
            "용적률점수":"--",
            "건폐율점수":"--",
            "세대당주차수":0,
            "난방방식":30,
            "공급면적":"--",
            "전용률":"--",
            "욕실수":50,
            "현관타입":50,
            "주거총점":17.0,
            "지역구공급총점":0.0,
            "역세권":0,
            "30분내 이동가능 거점":0,
            "1시간내 이동가능 거점":0,
            "교통총점":0.0,
            "백화점":100,
            "아울렛몰":0,
            "대형마트":80,
            "은행":70,
            "병원":80,
            "종합병원":100,
            "공원":100,
            "혐오시설":0,
            "인프라총점":80.0,
            "초등학군":90.01,
            "중학군":51.78,
            "학군총점":59.426,
            "인구수":35.4,
            "인구증감":-2.14,
            "인구총점":24.138,
            "일자리":20.67,
            "소득수준":62.84,
            "일자리총점":33.321,
            "가치 총점":36.3139,
            "매매실거래년":20211208.0,
            "매매실거래가":9500.0,
            "전세실거래년":20211013.0,
            "전세실거래가":6000.0,
            "전세가율":85.11,
            "장기전세가율평균":69.72,
            "전세가율거품지수":-15.39,
            "검색코드":18252,
            "세대수":124.0,
            "준공년월":"2003-01-01",
            "준공년차":20.0,
            "가까운역이름":"고잔",
            "가까운역거리":1016.1,
            "역세권여부":"비역세권",
            "30분이내주요거점역":0,
            "30분거점역이름":"[]",
            "1시간이내주요거점역":0,
            "1시간거점역이름":"[]",
            "3km이내백화점수":1,
            "5km이내아울렛몰수":0,
            "1km이내대형먀트수":1,
            "500m이내은행수":4,
            "500m이내병원수":49,
            "5km이내대형병원수":4,
            "500m이내공원수":2,
            "3km이내혐오시설수":0,
            "초등학교학업성취도":90.01,
            "중학교학업성취도":84.9,
            "용적률":538,
            "건폐율":73,
            "Y":37.308403,
            "X":126.827848,
            "rank":100.0,
            "area_info":"12평(41.43), 13평(46.26), 15평(50.39)",
            "last_sales":"2021-12-08,9500.0,13평(46.26)",
            "rank_history":[
                [
                    "202202",
                    0
                ],
                [
                    "202201",
                    9999
                ]
            ],
            "rank_gap":9999
        },
        {
            "index":410,
            "아파트명":"태양",
            "투자타입":"재건축",
            "전용면적(m2)":"60.08",
            "전용면적(평)":"18평",
            "법정동주소":"경기도 안산시 단원구 고잔동 613-1",
            "도로명주소":"경기도 안산시 단원구 삼일로 497",
            "세대수":0,
            "입주년차":"--",
            "용적률점수":100,
            "건폐율점수":60,
            "세대당주차수":"--",
            "난방방식":"--",
            "공급면적":50,
            "전용률":60,
            "욕실수":"--",
            "현관타입":"--",
            "주거총점":57.5,
            "지역구공급총점":0.0,
            "역세권":0,
            "30분내 이동가능 거점":0,
            "1시간내 이동가능 거점":10,
            "교통총점":2.0,
            "백화점":100,
            "아울렛몰":0,
            "대형마트":0,
            "은행":0,
            "병원":30,
            "종합병원":100,
            "공원":100,
            "혐오시설":0,
            "인프라총점":56.0,
            "초등학군":89.97,
            "중학군":38.16,
            "학군총점":48.522,
            "인구수":35.4,
            "인구증감":-2.14,
            "인구총점":24.138,
            "일자리":20.67,
            "소득수준":62.84,
            "일자리총점":33.321,
            "가치 총점":36.2783,
            "매매실거래년":"18000101",
            "매매실거래가":null,
            "전세실거래년":null,
            "전세실거래가":null,
            "전세가율":null,
            "장기전세가율평균":69.72,
            "전세가율거품지수":null,
            "검색코드":14818,
            "세대수":216.0,
            "준공년월":"1990-12-31",
            "준공년차":33.0,
            "가까운역이름":"고잔",
            "가까운역거리":1635.46,
            "역세권여부":"비역세권",
            "30분이내주요거점역":0,
            "30분거점역이름":"[]",
            "1시간이내주요거점역":1,
            "1시간거점역이름":"['안산']",
            "3km이내백화점수":1,
            "5km이내아울렛몰수":0,
            "1km이내대형먀트수":0,
            "500m이내은행수":0,
            "500m이내병원수":9,
            "5km이내대형병원수":4,
            "500m이내공원수":3,
            "3km이내혐오시설수":0,
            "초등학교학업성취도":89.97,
            "중학교학업성취도":63.0,
            "용적률":106,
            "건폐율":34,
            "Y":37.330202,
            "X":126.830804,
            "rank":101.0,
            "area_info":"18평(60.08), 18평(60.42), 18평(60.86), 23평(77.34), 26평(86.39), 30평(102.43)",
            "last_sales":"1800-01-01,nan,18평(60.08)",
            "rank_history":[
                [
                    "202202",
                    101
                ],
                [
                    "202201",
                    73
                ]
            ],
            "rank_gap":-28
        },
        {
            "index":623,
            "아파트명":"무진",
            "투자타입":"일반",
            "전용면적(m2)":"81.61",
            "전용면적(평)":"24평",
            "법정동주소":"경기도 안산시 단원구 와동 829",
            "도로명주소":"경기도 안산시 단원구 화정천동로 326",
            "세대수":0,
            "입주년차":0,
            "용적률점수":"--",
            "건폐율점수":"--",
            "세대당주차수":0,
            "난방방식":30,
            "공급면적":"--",
            "전용률":"--",
            "욕실수":50,
            "현관타입":100,
            "주거총점":18.0,
            "지역구공급총점":0.0,
            "역세권":0,
            "30분내 이동가능 거점":20,
            "1시간내 이동가능 거점":10,
            "교통총점":8.0,
            "백화점":100,
            "아울렛몰":0,
            "대형마트":100,
            "은행":0,
            "병원":60,
            "종합병원":100,
            "공원":100,
            "혐오시설":0,
            "인프라총점":74.0,
            "초등학군":89.98,
            "중학군":38.16,
            "학군총점":48.524,
            "인구수":35.4,
            "인구증감":-2.14,
            "인구총점":24.138,
            "일자리":20.67,
            "소득수준":62.84,
            "일자리총점":33.321,
            "가치 총점":35.8786,
            "매매실거래년":"18000101",
            "매매실거래가":null,
            "전세실거래년":null,
            "전세실거래가":null,
            "전세가율":null,
            "장기전세가율평균":69.72,
            "전세가율거품지수":null,
            "검색코드":14833,
            "세대수":136.0,
            "준공년월":"1993-06-07",
            "준공년차":30.0,
            "가까운역이름":"초지",
            "가까운역거리":1773.92,
            "역세권여부":"비역세권",
            "30분이내주요거점역":1,
            "30분거점역이름":"['안산']",
            "1시간이내주요거점역":1,
            "1시간거점역이름":"['안산']",
            "3km이내백화점수":1,
            "5km이내아울렛몰수":0,
            "1km이내대형먀트수":5,
            "500m이내은행수":0,
            "500m이내병원수":11,
            "5km이내대형병원수":3,
            "500m이내공원수":2,
            "3km이내혐오시설수":0,
            "초등학교학업성취도":89.98,
            "중학교학업성취도":63.0,
            "용적률":149,
            "건폐율":37,
            "Y":37.333674,
            "X":126.817492,
            "rank":102.0,
            "area_info":"24평(81.61), 32평(108.97), 32평(108.28), 33평(111.8)",
            "last_sales":"1800-01-01,nan,24평(81.61)",
            "rank_history":[
                [
                    "202202",
                    102
                ],
                [
                    "202201",
                    76
                ]
            ],
            "rank_gap":-26
        },
        {
            "index":678,
            "아파트명":"안산푸르지오8차",
            "투자타입":"일반",
            "전용면적(m2)":"78.42",
            "전용면적(평)":"23평",
            "법정동주소":"경기도 안산시 단원구 원곡동 937",
            "도로명주소":"경기도 안산시 단원구 원초로 9",
            "세대수":90,
            "입주년차":40,
            "용적률점수":"--",
            "건폐율점수":"--",
            "세대당주차수":0,
            "난방방식":30,
            "공급면적":"--",
            "전용률":"--",
            "욕실수":100,
            "현관타입":100,
            "주거총점":62.5,
            "지역구공급총점":0.0,
            "역세권":0,
            "30분내 이동가능 거점":20,
            "1시간내 이동가능 거점":50,
            "교통총점":16.0,
            "백화점":0,
            "아울렛몰":0,
            "대형마트":0,
            "은행":20,
            "병원":80,
            "종합병원":100,
            "공원":80,
            "혐오시설":0,
            "인프라총점":32.4,
            "초등학군":90.01,
            "중학군":43.62,
            "학군총점":52.898,
            "인구수":35.4,
            "인구증감":-2.14,
            "인구총점":24.138,
            "일자리":20.67,
            "소득수준":62.84,
            "일자리총점":33.321,
            "가치 총점":35.7547,
            "매매실거래년":20211213.0,
            "매매실거래가":43000.0,
            "전세실거래년":20211219.0,
            "전세실거래가":32000.0,
            "전세가율":74.42,
            "장기전세가율평균":69.72,
            "전세가율거품지수":-4.7,
            "검색코드":14432,
            "세대수":1348.0,
            "준공년월":"2006-05-16",
            "준공년차":17.0,
            "가까운역이름":"초지",
            "가까운역거리":1155.44,
            "역세권여부":"비역세권",
            "30분이내주요거점역":1,
            "30분거점역이름":"['안산']",
            "1시간이내주요거점역":5,
            "1시간거점역이름":"['송도', '수원시청', '평촌', '수원', '안산']",
            "3km이내백화점수":0,
            "5km이내아울렛몰수":0,
            "1km이내대형먀트수":0,
            "500m이내은행수":2,
            "500m이내병원수":37,
            "5km이내대형병원수":3,
            "500m이내공원수":1,
            "3km이내혐오시설수":0,
            "초등학교학업성취도":90.01,
            "중학교학업성취도":72.5,
            "용적률":296,
            "건폐율":19,
            "Y":37.330432,
            "X":126.801519,
            "rank":103.0,
            "area_info":"23평(78.42), 32평(105.85), 41평(135.92)",
            "last_sales":"2021-12-13,43000.0,23평(78.42)",
            "rank_history":[
                [
                    "202202",
                    103
                ],
                [
                    "202201",
                    75
                ]
            ],
            "rank_gap":-28
        },
        {
            "index":631,
            "아파트명":"보륭3차",
            "투자타입":"일반",
            "전용면적(m2)":"79.47",
            "전용면적(평)":"24평",
            "법정동주소":"경기도 안산시 단원구 와동 851-1",
            "도로명주소":"경기도 안산시 단원구 화정로3길 18",
            "세대수":0,
            "입주년차":0,
            "용적률점수":"--",
            "건폐율점수":"--",
            "세대당주차수":0,
            "난방방식":30,
            "공급면적":"--",
            "전용률":"--",
            "욕실수":100,
            "현관타입":50,
            "주거총점":18.0,
            "지역구공급총점":0.0,
            "역세권":0,
            "30분내 이동가능 거점":20,
            "1시간내 이동가능 거점":30,
            "교통총점":12.0,
            "백화점":100,
            "아울렛몰":0,
            "대형마트":80,
            "은행":0,
            "병원":30,
            "종합병원":100,
            "공원":100,
            "혐오시설":0,
            "인프라총점":68.0,
            "초등학군":89.98,
            "중학군":38.16,
            "학군총점":48.524,
            "인구수":35.4,
            "인구증감":-2.14,
            "인구총점":24.138,
            "일자리":20.67,
            "소득수준":62.84,
            "일자리총점":33.321,
            "가치 총점":35.4786,
            "매매실거래년":"18000101",
            "매매실거래가":null,
            "전세실거래년":null,
            "전세실거래가":null,
            "전세가율":null,
            "장기전세가율평균":69.72,
            "전세가율거품지수":null,
            "검색코드":106378,
            "세대수":124.0,
            "준공년월":"1995-12-18",
            "준공년차":28.0,
            "가까운역이름":"고잔",
            "가까운역거리":1709.76,
            "역세권여부":"비역세권",
            "30분이내주요거점역":1,
            "30분거점역이름":"['안산']",
            "1시간이내주요거점역":3,
            "1시간거점역이름":"['평촌', '수원', '안산']",
            "3km이내백화점수":1,
            "5km이내아울렛몰수":0,
            "1km이내대형먀트수":1,
            "500m이내은행수":0,
            "500m이내병원수":7,
            "5km이내대형병원수":4,
            "500m이내공원수":3,
            "3km이내혐오시설수":0,
            "초등학교학업성취도":89.98,
            "중학교학업성취도":63.0,
            "용적률":119,
            "건폐율":31,
            "Y":37.33215,
            "X":126.823643,
            "rank":104.0,
            "area_info":"24평(79.47), 23평(79.2), 24평(82.08), 26평(87.86)",
            "last_sales":"1800-01-01,nan,24평(79.47)",
            "rank_history":[
                [
                    "202202",
                    104
                ],
                [
                    "202201",
                    74
                ]
            ],
            "rank_gap":-30
        },
        {
            "index":184,
            "아파트명":"삼성중앙",
            "투자타입":"재건축",
            "전용면적(m2)":"62.3",
            "전용면적(평)":"18평",
            "법정동주소":"경기도 안산시 단원구 고잔동 610",
            "도로명주소":"경기도 안산시 단원구 적금로5길 16",
            "세대수":0,
            "입주년차":"--",
            "용적률점수":100,
            "건폐율점수":0,
            "세대당주차수":"--",
            "난방방식":"--",
            "공급면적":50,
            "전용률":60,
            "욕실수":"--",
            "현관타입":"--",
            "주거총점":45.5,
            "지역구공급총점":0.0,
            "역세권":0,
            "30분내 이동가능 거점":0,
            "1시간내 이동가능 거점":20,
            "교통총점":4.0,
            "백화점":100,
            "아울렛몰":0,
            "대형마트":0,
            "은행":0,
            "병원":30,
            "종합병원":100,
            "공원":100,
            "혐오시설":0,
            "인프라총점":56.0,
            "초등학군":90.0,
            "중학군":38.16,
            "학군총점":48.528,
            "인구수":35.4,
            "인구증감":-2.14,
            "인구총점":24.138,
            "일자리":20.67,
            "소득수준":62.84,
            "일자리총점":33.321,
            "가치 총점":34.5792,
            "매매실거래년":"18000101",
            "매매실거래가":null,
            "전세실거래년":null,
            "전세실거래가":null,
            "전세가율":null,
            "장기전세가율평균":69.72,
            "전세가율거품지수":null,
            "검색코드":14821,
            "세대수":246.0,
            "준공년월":"1988-12-30",
            "준공년차":35.0,
            "가까운역이름":"고잔",
            "가까운역거리":1532.09,
            "역세권여부":"비역세권",
            "30분이내주요거점역":0,
            "30분거점역이름":"[]",
            "1시간이내주요거점역":2,
            "1시간거점역이름":"['평촌', '안산']",
            "3km이내백화점수":1,
            "5km이내아울렛몰수":0,
            "1km이내대형먀트수":0,
            "500m이내은행수":0,
            "500m이내병원수":9,
            "5km이내대형병원수":4,
            "500m이내공원수":4,
            "3km이내혐오시설수":0,
            "초등학교학업성취도":90.0,
            "중학교학업성취도":63.0,
            "용적률":99,
            "건폐율":0,
            "Y":37.330202,
            "X":126.827148,
            "rank":105.0,
            "area_info":"18평(62.3), 20평(68.93), 24평(81.08), 24평(81.26)",
            "last_sales":"1800-01-01,nan,18평(62.3)",
            "rank_history":[
                [
                    "202202",
                    105
                ],
                [
                    "202201",
                    77
                ]
            ],
            "rank_gap":-28
        },
        {
            "index":154,
            "아파트명":"문화",
            "투자타입":"재건축",
            "전용면적(m2)":"75.84",
            "전용면적(평)":"22평",
            "법정동주소":"경기도 안산시 단원구 고잔동 612",
            "도로명주소":"경기도 안산시 단원구 적금로4길 28",
            "세대수":0,
            "입주년차":"--",
            "용적률점수":100,
            "건폐율점수":0,
            "세대당주차수":"--",
            "난방방식":"--",
            "공급면적":50,
            "전용률":60,
            "욕실수":"--",
            "현관타입":"--",
            "주거총점":45.5,
            "지역구공급총점":0.0,
            "역세권":0,
            "30분내 이동가능 거점":0,
            "1시간내 이동가능 거점":10,
            "교통총점":2.0,
            "백화점":100,
            "아울렛몰":0,
            "대형마트":0,
            "은행":0,
            "병원":30,
            "종합병원":100,
            "공원":100,
            "혐오시설":0,
            "인프라총점":56.0,
            "초등학군":90.0,
            "중학군":38.16,
            "학군총점":48.528,
            "인구수":35.4,
            "인구증감":-2.14,
            "인구총점":24.138,
            "일자리":20.67,
            "소득수준":62.84,
            "일자리총점":33.321,
            "가치 총점":33.8792,
            "매매실거래년":"18000101",
            "매매실거래가":null,
            "전세실거래년":null,
            "전세실거래가":null,
            "전세가율":null,
            "장기전세가율평균":69.72,
            "전세가율거품지수":null,
            "검색코드":14815,
            "세대수":120.0,
            "준공년월":"1990-08-18",
            "준공년차":33.0,
            "가까운역이름":"고잔",
            "가까운역거리":1532.56,
            "역세권여부":"비역세권",
            "30분이내주요거점역":0,
            "30분거점역이름":"[]",
            "1시간이내주요거점역":1,
            "1시간거점역이름":"['안산']",
            "3km이내백화점수":1,
            "5km이내아울렛몰수":0,
            "1km이내대형먀트수":0,
            "500m이내은행수":0,
            "500m이내병원수":9,
            "5km이내대형병원수":4,
            "500m이내공원수":4,
            "3km이내혐오시설수":0,
            "초등학교학업성취도":90.0,
            "중학교학업성취도":63.0,
            "용적률":105,
            "건폐율":0,
            "Y":37.329412,
            "X":126.830173,
            "rank":106.0,
            "area_info":"22평(75.84), 23평(76.26), 28평(93.0), 33평(110.01)",
            "last_sales":"1800-01-01,nan,22평(75.84)",
            "rank_history":[
                [
                    "202202",
                    106
                ],
                [
                    "202201",
                    81
                ]
            ],
            "rank_gap":-25
        },
        {
            "index":549,
            "아파트명":"안산메트로타운푸르지오힐스테이트",
            "투자타입":"일반",
            "전용면적(m2)":"89.33",
            "전용면적(평)":"27평",
            "법정동주소":"경기도 안산시 단원구 선부동 1177",
            "도로명주소":"경기도 안산시 단원구 석수로 138",
            "세대수":100,
            "입주년차":80,
            "용적률점수":"--",
            "건폐율점수":"--",
            "세대당주차수":60,
            "난방방식":30,
            "공급면적":"--",
            "전용률":"--",
            "욕실수":100,
            "현관타입":100,
            "주거총점":83.0,
            "지역구공급총점":0.0,
            "역세권":0,
            "30분내 이동가능 거점":0,
            "1시간내 이동가능 거점":50,
            "교통총점":10.0,
            "백화점":0,
            "아울렛몰":0,
            "대형마트":0,
            "은행":0,
            "병원":0,
            "종합병원":100,
            "공원":80,
            "혐오시설":0,
            "인프라총점":22.4,
            "초등학군":90.0,
            "중학군":35.98,
            "학군총점":46.784,
            "인구수":35.4,
            "인구증감":-2.14,
            "인구총점":24.138,
            "일자리":20.67,
            "소득수준":62.84,
            "일자리총점":33.321,
            "가치 총점":33.8376,
            "매매실거래년":20211213.0,
            "매매실거래가":50000.0,
            "전세실거래년":20210821.0,
            "전세실거래가":32500.0,
            "전세가율":65.0,
            "장기전세가율평균":69.72,
            "전세가율거품지수":4.72,
            "검색코드":111264,
            "세대수":1600.0,
            "준공년월":"2018-08-27",
            "준공년차":5.0,
            "가까운역이름":"안산",
            "가까운역거리":2915.84,
            "역세권여부":"비역세권",
            "30분이내주요거점역":0,
            "30분거점역이름":"[]",
            "1시간이내주요거점역":5,
            "1시간거점역이름":"['송도', '수원시청', '가산디지털단지', '수원', '안산']",
            "3km이내백화점수":0,
            "5km이내아울렛몰수":0,
            "1km이내대형먀트수":0,
            "500m이내은행수":0,
            "500m이내병원수":0,
            "5km이내대형병원수":2,
            "500m이내공원수":1,
            "3km이내혐오시설수":0,
            "초등학교학업성취도":90.0,
            "중학교학업성취도":59.1,
            "용적률":439,
            "건폐율":16,
            "Y":37.349242,
            "X":126.806166,
            "rank":107.0,
            "area_info":"27평(89.33), 27평(90.96), 27평(90.63), 32평(106.15), 32평(106.14), 32평(107.56), 35평(118.14), 35평(118.03), 35평(118.76)",
            "last_sales":"2021-12-13,50000.0,27평(89.33)",
            "rank_history":[
                [
                    "202202",
                    107
                ],
                [
                    "202201",
                    80
                ]
            ],
            "rank_gap":-27
        },
        {
            "index":518,
            "아파트명":"동국",
            "투자타입":"재건축",
            "전용면적(m2)":"51.72",
            "전용면적(평)":"15평",
            "법정동주소":"경기도 안산시 단원구 선부동 963-1",
            "도로명주소":"경기도 안산시 단원구 선부광장서로 39",
            "세대수":0,
            "입주년차":"--",
            "용적률점수":100,
            "건폐율점수":20,
            "세대당주차수":"--",
            "난방방식":"--",
            "공급면적":50,
            "전용률":40,
            "욕실수":"--",
            "현관타입":"--",
            "주거총점":48.5,
            "지역구공급총점":0.0,
            "역세권":0,
            "30분내 이동가능 거점":20,
            "1시간내 이동가능 거점":40,
            "교통총점":14.0,
            "백화점":0,
            "아울렛몰":0,
            "대형마트":100,
            "은행":0,
            "병원":30,
            "종합병원":100,
            "공원":100,
            "혐오시설":0,
            "인프라총점":41.0,
            "초등학군":90.0,
            "중학군":35.06,
            "학군총점":46.048,
            "인구수":35.4,
            "인구증감":-2.14,
            "인구총점":24.138,
            "일자리":20.67,
            "소득수준":62.84,
            "일자리총점":33.321,
            "가치 총점":33.8072,
            "매매실거래년":"18000101",
            "매매실거래가":null,
            "전세실거래년":null,
            "전세실거래가":null,
            "전세가율":null,
            "장기전세가율평균":69.72,
            "전세가율거품지수":null,
            "검색코드":106372,
            "세대수":102.0,
            "준공년월":"1989-04-22",
            "준공년차":34.0,
            "가까운역이름":"초지",
            "가까운역거리":1456.33,
            "역세권여부":"비역세권",
            "30분이내주요거점역":1,
            "30분거점역이름":"['안산']",
            "1시간이내주요거점역":4,
            "1시간거점역이름":"['송도', '평촌', '수원', '안산']",
            "3km이내백화점수":0,
            "5km이내아울렛몰수":0,
            "1km이내대형먀트수":4,
            "500m이내은행수":1,
            "500m이내병원수":7,
            "5km이내대형병원수":3,
            "500m이내공원수":2,
            "3km이내혐오시설수":0,
            "초등학교학업성취도":90.0,
            "중학교학업성취도":57.9,
            "용적률":117,
            "건폐율":41,
            "Y":37.333616,
            "X":126.803624,
            "rank":108.0,
            "area_info":"15평(51.72), 17평(58.8), 21평(70.98), 21평(70.61)",
            "last_sales":"1800-01-01,nan,15평(51.72)",
            "rank_history":[
                [
                    "202202",
                    108
                ],
                [
                    "202201",
                    83
                ]
            ],
            "rank_gap":-25
        },
        {
            "index":615,
            "아파트명":"휴먼시아6단지",
            "투자타입":"일반",
            "전용면적(m2)":"96.0",
            "전용면적(평)":"29평",
            "법정동주소":"경기도 안산시 단원구 신길동 1563",
            "도로명주소":"경기도 안산시 단원구 신길로 62",
            "세대수":50,
            "입주년차":60,
            "용적률점수":"--",
            "건폐율점수":"--",
            "세대당주차수":30,
            "난방방식":100,
            "공급면적":"--",
            "전용률":"--",
            "욕실수":100,
            "현관타입":100,
            "주거총점":64.0,
            "지역구공급총점":0.0,
            "역세권":0,
            "30분내 이동가능 거점":20,
            "1시간내 이동가능 거점":50,
            "교통총점":16.0,
            "백화점":0,
            "아울렛몰":0,
            "대형마트":0,
            "은행":0,
            "병원":10,
            "종합병원":100,
            "공원":100,
            "혐오시설":0,
            "인프라총점":24.0,
            "초등학군":89.98,
            "중학군":43.06,
            "학군총점":52.444,
            "인구수":35.4,
            "인구증감":-2.14,
            "인구총점":24.138,
            "일자리":20.67,
            "소득수준":62.84,
            "일자리총점":33.321,
            "가치 총점":33.4666,
            "매매실거래년":20211122.0,
            "매매실거래가":46000.0,
            "전세실거래년":20210423.0,
            "전세실거래가":30000.0,
            "전세가율":100.0,
            "장기전세가율평균":69.72,
            "전세가율거품지수":-30.28,
            "검색코드":27228,
            "세대수":522.0,
            "준공년월":"2009-11-24",
            "준공년차":14.0,
            "가까운역이름":"안산",
            "가까운역거리":1043.58,
            "역세권여부":"비역세권",
            "30분이내주요거점역":1,
            "30분거점역이름":"['안산']",
            "1시간이내주요거점역":5,
            "1시간거점역이름":"['송도', '수원시청', '평촌', '수원', '안산']",
            "3km이내백화점수":0,
            "5km이내아울렛몰수":0,
            "1km이내대형먀트수":0,
            "500m이내은행수":1,
            "500m이내병원수":2,
            "5km이내대형병원수":3,
            "500m이내공원수":5,
            "3km이내혐오시설수":0,
            "초등학교학업성취도":89.98,
            "중학교학업성취도":70.3,
            "용적률":173,
            "건폐율":18,
            "Y":37.336459,
            "X":126.789022,
            "rank":109.0,
            "area_info":"29평(96.0), 29평(96.0), 32평(107.36), 32평(107.7), 32평(107.7), 32평(107.36), 32평(107.7), 32평(107.7)",
            "last_sales":"2021-11-22,46000.0,32평(107.7)",
            "rank_history":[
                [
                    "202202",
                    109
                ],
                [
                    "202201",
                    82
                ]
            ],
            "rank_gap":-27
        },
        {
            "index":530,
            "아파트명":"성동",
            "투자타입":"재건축",
            "전용면적(m2)":"39.75",
            "전용면적(평)":"12평",
            "법정동주소":"경기도 안산시 단원구 선부동 964-2",
            "도로명주소":"경기도 안산시 단원구 선부광장서로1길 10",
            "세대수":0,
            "입주년차":"--",
            "용적률점수":100,
            "건폐율점수":0,
            "세대당주차수":"--",
            "난방방식":"--",
            "공급면적":50,
            "전용률":60,
            "욕실수":"--",
            "현관타입":"--",
            "주거총점":45.5,
            "지역구공급총점":0.0,
            "역세권":0,
            "30분내 이동가능 거점":20,
            "1시간내 이동가능 거점":40,
            "교통총점":14.0,
            "백화점":0,
            "아울렛몰":0,
            "대형마트":100,
            "은행":0,
            "병원":30,
            "종합병원":100,
            "공원":100,
            "혐오시설":0,
            "인프라총점":41.0,
            "초등학군":90.0,
            "중학군":35.06,
            "학군총점":46.048,
            "인구수":35.4,
            "인구증감":-2.14,
            "인구총점":24.138,
            "일자리":20.67,
            "소득수준":62.84,
            "일자리총점":33.321,
            "가치 총점":33.2072,
            "매매실거래년":"18000101",
            "매매실거래가":null,
            "전세실거래년":null,
            "전세실거래가":null,
            "전세가율":null,
            "장기전세가율평균":69.72,
            "전세가율거품지수":null,
            "검색코드":14829,
            "세대수":102.0,
            "준공년월":"1990-09-25",
            "준공년차":33.0,
            "가까운역이름":"초지",
            "가까운역거리":1519.31,
            "역세권여부":"비역세권",
            "30분이내주요거점역":1,
            "30분거점역이름":"['안산']",
            "1시간이내주요거점역":4,
            "1시간거점역이름":"['송도', '평촌', '수원', '안산']",
            "3km이내백화점수":0,
            "5km이내아울렛몰수":0,
            "1km이내대형먀트수":4,
            "500m이내은행수":1,
            "500m이내병원수":9,
            "5km이내대형병원수":3,
            "500m이내공원수":3,
            "3km이내혐오시설수":0,
            "초등학교학업성취도":90.0,
            "중학교학업성취도":57.9,
            "용적률":108,
            "건폐율":0,
            "Y":37.334183,
            "X":126.803581,
            "rank":110.0,
            "area_info":"12평(39.75), 15평(50.96)",
            "last_sales":"1800-01-01,nan,12평(39.75)",
            "rank_history":[
                [
                    "202202",
                    110
                ],
                [
                    "202201",
                    83
                ]
            ],
            "rank_gap":-27
        },
        {
            "index":571,
            "아파트명":"삼익",
            "투자타입":"일반",
            "전용면적(m2)":"80.73",
            "전용면적(평)":"24평",
            "법정동주소":"경기도 안산시 단원구 신길동 1438",
            "도로명주소":"경기도 안산시 단원구 새뿔길 55",
            "세대수":90,
            "입주년차":0,
            "용적률점수":"--",
            "건폐율점수":"--",
            "세대당주차수":30,
            "난방방식":30,
            "공급면적":"--",
            "전용률":"--",
            "욕실수":50,
            "현관타입":100,
            "주거총점":54.0,
            "지역구공급총점":0.0,
            "역세권":0,
            "30분내 이동가능 거점":20,
            "1시간내 이동가능 거점":50,
            "교통총점":16.0,
            "백화점":0,
            "아울렛몰":0,
            "대형마트":0,
            "은행":0,
            "병원":10,
            "종합병원":100,
            "공원":100,
            "혐오시설":0,
            "인프라총점":24.0,
            "초등학군":89.99,
            "중학군":43.06,
            "학군총점":52.446,
            "인구수":35.4,
            "인구증감":-2.14,
            "인구총점":24.138,
            "일자리":20.67,
            "소득수준":62.84,
            "일자리총점":33.321,
            "가치 총점":31.4669,
            "매매실거래년":20211111.0,
            "매매실거래가":40000.0,
            "전세실거래년":20211207.0,
            "전세실거래가":25000.0,
            "전세가율":78.86,
            "장기전세가율평균":69.72,
            "전세가율거품지수":-9.14,
            "검색코드":2504,
            "세대수":980.0,
            "준공년월":"1998-12-24",
            "준공년차":25.0,
            "가까운역이름":"신길온천",
            "가까운역거리":1033.45,
            "역세권여부":"비역세권",
            "30분이내주요거점역":1,
            "30분거점역이름":"['안산']",
            "1시간이내주요거점역":5,
            "1시간거점역이름":"['송도', '수원시청', '평촌', '수원', '안산']",
            "3km이내백화점수":0,
            "5km이내아울렛몰수":0,
            "1km이내대형먀트수":0,
            "500m이내은행수":0,
            "500m이내병원수":3,
            "5km이내대형병원수":4,
            "500m이내공원수":2,
            "3km이내혐오시설수":0,
            "초등학교학업성취도":89.99,
            "중학교학업성취도":70.3,
            "용적률":243,
            "건폐율":16,
            "Y":37.337818,
            "X":126.777523,
            "rank":111.0,
            "area_info":"24평(80.73), 32평(107.99), 41평(136.13), 47평(158.56)",
            "last_sales":"2021-11-11,40000.0,47평(158.56)",
            "rank_history":[
                [
                    "202202",
                    111
                ],
                [
                    "202201",
                    84
                ]
            ],
            "rank_gap":-27
        },
        {
            "index":599,
            "아파트명":"휴먼시아3단지",
            "투자타입":"일반",
            "전용면적(m2)":"97.98",
            "전용면적(평)":"29평",
            "법정동주소":"경기도 안산시 단원구 신길동 1518",
            "도로명주소":"경기도 안산시 단원구 새뿔길 101",
            "세대수":30,
            "입주년차":60,
            "용적률점수":"--",
            "건폐율점수":"--",
            "세대당주차수":30,
            "난방방식":100,
            "공급면적":"--",
            "전용률":"--",
            "욕실수":100,
            "현관타입":100,
            "주거총점":57.0,
            "지역구공급총점":0.0,
            "역세권":0,
            "30분내 이동가능 거점":20,
            "1시간내 이동가능 거점":30,
            "교통총점":12.0,
            "백화점":0,
            "아울렛몰":0,
            "대형마트":0,
            "은행":0,
            "병원":10,
            "종합병원":100,
            "공원":100,
            "혐오시설":0,
            "인프라총점":24.0,
            "초등학군":89.99,
            "중학군":43.06,
            "학군총점":52.446,
            "인구수":35.4,
            "인구증감":-2.14,
            "인구총점":24.138,
            "일자리":20.67,
            "소득수준":62.84,
            "일자리총점":33.321,
            "가치 총점":30.6669,
            "매매실거래년":20211120.0,
            "매매실거래가":42900.0,
            "전세실거래년":20211105.0,
            "전세실거래가":32000.0,
            "전세가율":108.47,
            "장기전세가율평균":69.72,
            "전세가율거품지수":-38.75,
            "검색코드":27227,
            "세대수":344.0,
            "준공년월":"2009-04-16",
            "준공년차":14.0,
            "가까운역이름":"안산",
            "가까운역거리":1155.61,
            "역세권여부":"비역세권",
            "30분이내주요거점역":1,
            "30분거점역이름":"['안산']",
            "1시간이내주요거점역":3,
            "1시간거점역이름":"['평촌', '수원', '안산']",
            "3km이내백화점수":0,
            "5km이내아울렛몰수":0,
            "1km이내대형먀트수":0,
            "500m이내은행수":0,
            "500m이내병원수":2,
            "5km이내대형병원수":4,
            "500m이내공원수":5,
            "3km이내혐오시설수":0,
            "초등학교학업성취도":89.99,
            "중학교학업성취도":70.3,
            "용적률":164,
            "건폐율":18,
            "Y":37.33633,
            "X":126.782569,
            "rank":112.0,
            "area_info":"29평(97.98), 29평(97.97), 29평(97.98), 33평(111.13), 33평(111.0), 33평(111.14)",
            "last_sales":"2021-11-20,42900.0,33평(111.14)",
            "rank_history":[
                [
                    "202202",
                    112
                ],
                [
                    "202201",
                    87
                ]
            ],
            "rank_gap":-25
        },
        {
            "index":605,
            "아파트명":"휴먼시아4단지",
            "투자타입":"일반",
            "전용면적(m2)":"98.87",
            "전용면적(평)":"29평",
            "법정동주소":"경기도 안산시 단원구 신길동 1537",
            "도로명주소":"경기도 안산시 단원구 도일로 60-34",
            "세대수":30,
            "입주년차":60,
            "용적률점수":"--",
            "건폐율점수":"--",
            "세대당주차수":30,
            "난방방식":100,
            "공급면적":"--",
            "전용률":"--",
            "욕실수":100,
            "현관타입":100,
            "주거총점":57.0,
            "지역구공급총점":0.0,
            "역세권":0,
            "30분내 이동가능 거점":20,
            "1시간내 이동가능 거점":30,
            "교통총점":12.0,
            "백화점":0,
            "아울렛몰":0,
            "대형마트":0,
            "은행":0,
            "병원":10,
            "종합병원":100,
            "공원":100,
            "혐오시설":0,
            "인프라총점":24.0,
            "초등학군":89.98,
            "중학군":43.06,
            "학군총점":52.444,
            "인구수":35.4,
            "인구증감":-2.14,
            "인구총점":24.138,
            "일자리":20.67,
            "소득수준":62.84,
            "일자리총점":33.321,
            "가치 총점":30.6666,
            "매매실거래년":20211115.0,
            "매매실거래가":40500.0,
            "전세실거래년":20210515.0,
            "전세실거래가":27000.0,
            "전세가율":66.67,
            "장기전세가율평균":69.72,
            "전세가율거품지수":3.05,
            "검색코드":102619,
            "세대수":396.0,
            "준공년월":"2012-05-21",
            "준공년차":11.0,
            "가까운역이름":"안산",
            "가까운역거리":1125.93,
            "역세권여부":"비역세권",
            "30분이내주요거점역":1,
            "30분거점역이름":"['안산']",
            "1시간이내주요거점역":3,
            "1시간거점역이름":"['평촌', '수원', '안산']",
            "3km이내백화점수":0,
            "5km이내아울렛몰수":0,
            "1km이내대형먀트수":0,
            "500m이내은행수":0,
            "500m이내병원수":2,
            "5km이내대형병원수":3,
            "500m이내공원수":4,
            "3km이내혐오시설수":0,
            "초등학교학업성취도":89.98,
            "중학교학업성취도":70.3,
            "용적률":179,
            "건폐율":24,
            "Y":37.336985,
            "X":126.785876,
            "rank":113.0,
            "area_info":"29평(98.87), 30평(99.36), 30평(99.37), 30평(99.37), 34평(112.69), 34평(112.52), 34평(112.64), 34평(112.73), 34평(112.66), 34평(112.66)",
            "last_sales":"2021-11-15,40500.0,29평(98.87)",
            "rank_history":[
                [
                    "202202",
                    113
                ],
                [
                    "202201",
                    88
                ]
            ],
            "rank_gap":-25
        },
        {
            "index":558,
            "아파트명":"일신건영휴먼빌",
            "투자타입":"일반",
            "전용면적(m2)":"102.77",
            "전용면적(평)":"31평",
            "법정동주소":"경기도 안산시 단원구 선부동 1028-1",
            "도로명주소":"경기도 안산시 단원구 선이로 6",
            "세대수":0,
            "입주년차":40,
            "용적률점수":"--",
            "건폐율점수":"--",
            "세대당주차수":60,
            "난방방식":30,
            "공급면적":"--",
            "전용률":"--",
            "욕실수":100,
            "현관타입":100,
            "주거총점":40.0,
            "지역구공급총점":0.0,
            "역세권":0,
            "30분내 이동가능 거점":20,
            "1시간내 이동가능 거점":10,
            "교통총점":8.0,
            "백화점":0,
            "아울렛몰":0,
            "대형마트":80,
            "은행":0,
            "병원":30,
            "종합병원":100,
            "공원":100,
            "혐오시설":0,
            "인프라총점":38.0,
            "초등학군":90.0,
            "중학군":41.26,
            "학군총점":51.008,
            "인구수":35.4,
            "인구증감":-2.14,
            "인구총점":24.138,
            "일자리":20.67,
            "소득수준":62.84,
            "일자리총점":33.321,
            "가치 총점":29.8512,
            "매매실거래년":20210919.0,
            "매매실거래가":34500.0,
            "전세실거래년":20210809.0,
            "전세실거래가":18000.0,
            "전세가율":69.23,
            "장기전세가율평균":69.72,
            "전세가율거품지수":0.49,
            "검색코드":19033,
            "세대수":224.0,
            "준공년월":"2005-06-29",
            "준공년차":18.0,
            "가까운역이름":"안산",
            "가까운역거리":2150.42,
            "역세권여부":"비역세권",
            "30분이내주요거점역":1,
            "30분거점역이름":"['안산']",
            "1시간이내주요거점역":1,
            "1시간거점역이름":"['안산']",
            "3km이내백화점수":0,
            "5km이내아울렛몰수":0,
            "1km이내대형먀트수":1,
            "500m이내은행수":0,
            "500m이내병원수":6,
            "5km이내대형병원수":3,
            "500m이내공원수":6,
            "3km이내혐오시설수":0,
            "초등학교학업성취도":90.0,
            "중학교학업성취도":67.7,
            "용적률":552,
            "건폐율":69,
            "Y":37.3418,
            "X":126.80431,
            "rank":114.0,
            "area_info":"31평(102.77), 32평(108.42), 32평(108.87), 32평(108.47), 33평(109.44)",
            "last_sales":"2021-09-19,34500.0,33평(109.44)",
            "rank_history":[
                [
                    "202202",
                    114
                ],
                [
                    "202201",
                    91
                ]
            ],
            "rank_gap":-23
        },
        {
            "index":657,
            "아파트명":"효자2차",
            "투자타입":"재건축",
            "전용면적(m2)":"63.63",
            "전용면적(평)":"19평",
            "법정동주소":"경기도 안산시 단원구 와동 736",
            "도로명주소":"경기도 안산시 단원구",
            "세대수":0,
            "입주년차":"--",
            "용적률점수":0,
            "건폐율점수":0,
            "세대당주차수":"--",
            "난방방식":"--",
            "공급면적":50,
            "전용률":60,
            "욕실수":"--",
            "현관타입":"--",
            "주거총점":5.5,
            "지역구공급총점":0.0,
            "역세권":0,
            "30분내 이동가능 거점":0,
            "1시간내 이동가능 거점":0,
            "교통총점":0.0,
            "백화점":100,
            "아울렛몰":0,
            "대형마트":100,
            "은행":0,
            "병원":10,
            "종합병원":100,
            "공원":100,
            "혐오시설":0,
            "인프라총점":69.0,
            "초등학군":89.98,
            "중학군":38.16,
            "학군총점":48.524,
            "인구수":35.4,
            "인구증감":-2.14,
            "인구총점":24.138,
            "일자리":20.67,
            "소득수준":62.84,
            "일자리총점":33.321,
            "가치 총점":29.0786,
            "매매실거래년":"18000101",
            "매매실거래가":null,
            "전세실거래년":null,
            "전세실거래가":null,
            "전세가율":null,
            "장기전세가율평균":69.72,
            "전세가율거품지수":null,
            "검색코드":106379,
            "세대수":132.0,
            "준공년월":"1989-12-16",
            "준공년차":34.0,
            "가까운역이름":"고잔",
            "가까운역거리":1926.5,
            "역세권여부":"비역세권",
            "30분이내주요거점역":0,
            "30분거점역이름":"[]",
            "1시간이내주요거점역":0,
            "1시간거점역이름":"[]",
            "3km이내백화점수":1,
            "5km이내아울렛몰수":0,
            "1km이내대형먀트수":4,
            "500m이내은행수":0,
            "500m이내병원수":2,
            "5km이내대형병원수":4,
            "500m이내공원수":3,
            "3km이내혐오시설수":0,
            "초등학교학업성취도":89.98,
            "중학교학업성취도":63.0,
            "용적률":0,
            "건폐율":0,
            "Y":37.334082,
            "X":126.822191,
            "rank":115.0,
            "area_info":"19평(63.63), 19평(65.2), 20평(67.16), 23평(79.23), 24평(80.28)",
            "last_sales":"1800-01-01,nan,19평(63.63)",
            "rank_history":[
                [
                    "202202",
                    115
                ],
                [
                    "202201",
                    86
                ]
            ],
            "rank_gap":-29
        },
        {
            "index":526,
            "아파트명":"보광그랑베르(도시형)",
            "투자타입":"일반",
            "전용면적(m2)":"18.9",
            "전용면적(평)":"5평",
            "법정동주소":"경기도 안산시 단원구 선부동 1087-16",
            "도로명주소":"경기도 안산시 단원구 화정천서로2길 9",
            "세대수":0,
            "입주년차":80,
            "용적률점수":"--",
            "건폐율점수":"--",
            "세대당주차수":0,
            "난방방식":30,
            "공급면적":"--",
            "전용률":"--",
            "욕실수":50,
            "현관타입":10,
            "주거총점":25.0,
            "지역구공급총점":0.0,
            "역세권":0,
            "30분내 이동가능 거점":20,
            "1시간내 이동가능 거점":30,
            "교통총점":12.0,
            "백화점":0,
            "아울렛몰":0,
            "대형마트":100,
            "은행":0,
            "병원":60,
            "종합병원":100,
            "공원":100,
            "혐오시설":0,
            "인프라총점":44.0,
            "초등학군":89.97,
            "중학군":28.68,
            "학군총점":40.938,
            "인구수":35.4,
            "인구증감":-2.14,
            "인구총점":24.138,
            "일자리":20.67,
            "소득수준":62.84,
            "일자리총점":33.321,
            "가치 총점":28.5407,
            "매매실거래년":20211227.0,
            "매매실거래가":6500.0,
            "전세실거래년":20190704.0,
            "전세실거래가":5500.0,
            "전세가율":84.62,
            "장기전세가율평균":69.72,
            "전세가율거품지수":-14.9,
            "검색코드":112183,
            "세대수":222.0,
            "준공년월":"2015-06-11",
            "준공년차":8.0,
            "가까운역이름":"초지",
            "가까운역거리":2585.71,
            "역세권여부":"비역세권",
            "30분이내주요거점역":1,
            "30분거점역이름":"['안산']",
            "1시간이내주요거점역":3,
            "1시간거점역이름":"['평촌', '수원', '안산']",
            "3km이내백화점수":0,
            "5km이내아울렛몰수":0,
            "1km이내대형먀트수":4,
            "500m이내은행수":0,
            "500m이내병원수":23,
            "5km이내대형병원수":3,
            "500m이내공원수":6,
            "3km이내혐오시설수":0,
            "초등학교학업성취도":89.97,
            "중학교학업성취도":47.0,
            "용적률":444,
            "건폐율":60,
            "Y":37.342245,
            "X":126.816748,
            "rank":116.0,
            "area_info":"5평(18.9), 8평(26.73), 7평(26.21), 8평(28.49)",
            "last_sales":"2021-12-27,6500.0,5평(18.9)",
            "rank_history":[
                [
                    "202202",
                    116
                ],
                [
                    "202201",
                    92
                ]
            ],
            "rank_gap":-24
        },
        {
            "index":566,
            "아파트명":"효성",
            "투자타입":"일반",
            "전용면적(m2)":"80.92",
            "전용면적(평)":"24평",
            "법정동주소":"경기도 안산시 단원구 선부동 978-1",
            "도로명주소":"경기도 안산시 단원구 선부로 29",
            "세대수":0,
            "입주년차":0,
            "용적률점수":"--",
            "건폐율점수":"--",
            "세대당주차수":0,
            "난방방식":30,
            "공급면적":"--",
            "전용률":"--",
            "욕실수":50,
            "현관타입":10,
            "주거총점":9.0,
            "지역구공급총점":0.0,
            "역세권":0,
            "30분내 이동가능 거점":20,
            "1시간내 이동가능 거점":40,
            "교통총점":14.0,
            "백화점":0,
            "아울렛몰":0,
            "대형마트":0,
            "은행":0,
            "병원":0,
            "종합병원":100,
            "공원":100,
            "혐오시설":0,
            "인프라총점":23.0,
            "초등학군":90.03,
            "중학군":31.22,
            "학군총점":42.982,
            "인구수":35.4,
            "인구증감":-2.14,
            "인구총점":24.138,
            "일자리":20.67,
            "소득수준":62.84,
            "일자리총점":33.321,
            "가치 총점":20.0473,
            "매매실거래년":20211214.0,
            "매매실거래가":21500.0,
            "전세실거래년":20211206.0,
            "전세실거래가":20000.0,
            "전세가율":93.02,
            "장기전세가율평균":69.72,
            "전세가율거품지수":-23.3,
            "검색코드":1947,
            "세대수":190.0,
            "준공년월":"1997-05-30",
            "준공년차":26.0,
            "가까운역이름":"안산",
            "가까운역거리":1577.43,
            "역세권여부":"비역세권",
            "30분이내주요거점역":1,
            "30분거점역이름":"['안산']",
            "1시간이내주요거점역":4,
            "1시간거점역이름":"['송도', '평촌', '수원', '안산']",
            "3km이내백화점수":0,
            "5km이내아울렛몰수":0,
            "1km이내대형먀트수":0,
            "500m이내은행수":0,
            "500m이내병원수":1,
            "5km이내대형병원수":3,
            "500m이내공원수":4,
            "3km이내혐오시설수":0,
            "초등학교학업성취도":90.03,
            "중학교학업성취도":51.7,
            "용적률":234,
            "건폐율":21,
            "Y":37.3385,
            "X":126.79912,
            "rank":117.0,
            "area_info":"24평(80.92)",
            "last_sales":"2021-12-14,21500.0,24평(80.92)",
            "rank_history":[
                [
                    "202202",
                    117
                ],
                [
                    "202201",
                    94
                ]
            ],
            "rank_gap":-23
        }
    ]
}