{
    "schema":{
        "fields":[
            {
                "name":"index",
                "type":"integer"
            },
            {
                "name":"아파트명",
                "type":"string"
            },
            {
                "name":"투자타입",
                "type":"string"
            },
            {
                "name":"전용면적(m2)",
                "type":"string"
            },
            {
                "name":"전용면적(평)",
                "type":"string"
            },
            {
                "name":"법정동주소",
                "type":"string"
            },
            {
                "name":"도로명주소",
                "type":"string"
            },
            {
                "name":"세대수",
                "type":"integer"
            },
            {
                "name":"입주년차",
                "type":"integer"
            },
            {
                "name":"용적률점수",
                "type":"string"
            },
            {
                "name":"건폐율점수",
                "type":"string"
            },
            {
                "name":"세대당주차수",
                "type":"integer"
            },
            {
                "name":"난방방식",
                "type":"integer"
            },
            {
                "name":"공급면적",
                "type":"string"
            },
            {
                "name":"전용률",
                "type":"string"
            },
            {
                "name":"욕실수",
                "type":"integer"
            },
            {
                "name":"현관타입",
                "type":"integer"
            },
            {
                "name":"주거총점",
                "type":"number"
            },
            {
                "name":"지역구공급총점",
                "type":"number"
            },
            {
                "name":"역세권",
                "type":"integer"
            },
            {
                "name":"30분내 이동가능 거점",
                "type":"integer"
            },
            {
                "name":"1시간내 이동가능 거점",
                "type":"integer"
            },
            {
                "name":"교통총점",
                "type":"number"
            },
            {
                "name":"백화점",
                "type":"integer"
            },
            {
                "name":"아울렛몰",
                "type":"integer"
            },
            {
                "name":"대형마트",
                "type":"integer"
            },
            {
                "name":"은행",
                "type":"integer"
            },
            {
                "name":"병원",
                "type":"integer"
            },
            {
                "name":"종합병원",
                "type":"integer"
            },
            {
                "name":"공원",
                "type":"integer"
            },
            {
                "name":"혐오시설",
                "type":"integer"
            },
            {
                "name":"인프라총점",
                "type":"number"
            },
            {
                "name":"초등학군",
                "type":"number"
            },
            {
                "name":"중학군",
                "type":"number"
            },
            {
                "name":"학군총점",
                "type":"number"
            },
            {
                "name":"인구수",
                "type":"number"
            },
            {
                "name":"인구증감",
                "type":"number"
            },
            {
                "name":"인구총점",
                "type":"number"
            },
            {
                "name":"일자리",
                "type":"number"
            },
            {
                "name":"소득수준",
                "type":"number"
            },
            {
                "name":"일자리총점",
                "type":"number"
            },
            {
                "name":"가치 총점",
                "type":"number"
            },
            {
                "name":"매매실거래년",
                "type":"string"
            },
            {
                "name":"매매실거래가",
                "type":"number"
            },
            {
                "name":"전세실거래년",
                "type":"number"
            },
            {
                "name":"전세실거래가",
                "type":"number"
            },
            {
                "name":"전세가율",
                "type":"number"
            },
            {
                "name":"장기전세가율평균",
                "type":"number"
            },
            {
                "name":"전세가율거품지수",
                "type":"number"
            },
            {
                "name":"검색코드",
                "type":"integer"
            },
            {
                "name":"세대수",
                "type":"number"
            },
            {
                "name":"준공년월",
                "type":"string"
            },
            {
                "name":"준공년차",
                "type":"number"
            },
            {
                "name":"가까운역이름",
                "type":"string"
            },
            {
                "name":"가까운역거리",
                "type":"number"
            },
            {
                "name":"역세권여부",
                "type":"string"
            },
            {
                "name":"30분이내주요거점역",
                "type":"integer"
            },
            {
                "name":"30분거점역이름",
                "type":"string"
            },
            {
                "name":"1시간이내주요거점역",
                "type":"integer"
            },
            {
                "name":"1시간거점역이름",
                "type":"string"
            },
            {
                "name":"3km이내백화점수",
                "type":"integer"
            },
            {
                "name":"5km이내아울렛몰수",
                "type":"integer"
            },
            {
                "name":"1km이내대형먀트수",
                "type":"integer"
            },
            {
                "name":"500m이내은행수",
                "type":"integer"
            },
            {
                "name":"500m이내병원수",
                "type":"integer"
            },
            {
                "name":"5km이내대형병원수",
                "type":"integer"
            },
            {
                "name":"500m이내공원수",
                "type":"integer"
            },
            {
                "name":"3km이내혐오시설수",
                "type":"integer"
            },
            {
                "name":"초등학교학업성취도",
                "type":"number"
            },
            {
                "name":"중학교학업성취도",
                "type":"number"
            },
            {
                "name":"용적률",
                "type":"integer"
            },
            {
                "name":"건폐율",
                "type":"integer"
            },
            {
                "name":"Y",
                "type":"number"
            },
            {
                "name":"X",
                "type":"number"
            },
            {
                "name":"rank",
                "type":"number"
            },
            {
                "name":"area_info",
                "type":"string"
            },
            {
                "name":"last_sales",
                "type":"string"
            },
            {
                "name":"rank_history",
                "type":"string"
            },
            {
                "name":"rank_gap",
                "type":"integer"
            }
        ],
        "primaryKey":[
            "index"
        ],
        "pandas_version":"1.4.0"
    },
    "data":[
        {
            "index":245,
            "아파트명":"용인명지대역동원로얄듀크",
            "투자타입":"일반",
            "전용면적(m2)":"82.87",
            "전용면적(평)":"25평",
            "법정동주소":"경기도 용인시 처인구 역북동 734",
            "도로명주소":"경기도 용인시 처인구 명지로16번길 26",
            "세대수":80,
            "입주년차":80,
            "용적률점수":"--",
            "건폐율점수":"--",
            "세대당주차수":30,
            "난방방식":30,
            "공급면적":"--",
            "전용률":"--",
            "욕실수":100,
            "현관타입":100,
            "주거총점":71.5,
            "지역구공급총점":0.0,
            "역세권":80,
            "30분내 이동가능 거점":0,
            "1시간내 이동가능 거점":20,
            "교통총점":44.0,
            "백화점":0,
            "아울렛몰":0,
            "대형마트":80,
            "은행":0,
            "병원":60,
            "종합병원":80,
            "공원":100,
            "혐오시설":0,
            "인프라총점":37.0,
            "초등학군":90.0,
            "중학군":42.12,
            "학군총점":51.696,
            "인구수":28.45,
            "인구증감":6.97,
            "인구총점":22.006,
            "일자리":11.95,
            "소득수준":69.62,
            "일자리총점":29.251,
            "가치 총점":48.5544,
            "매매실거래년":20220113.0,
            "매매실거래가":55500.0,
            "전세실거래년":20211211.0,
            "전세실거래가":38000.0,
            "전세가율":68.47,
            "장기전세가율평균":71.2,
            "전세가율거품지수":2.73,
            "검색코드":113508,
            "세대수":842.0,
            "준공년월":"2018-06-22",
            "준공년차":5.0,
            "가까운역이름":"명지대",
            "가까운역거리":403.45,
            "역세권여부":"역세권",
            "30분이내주요거점역":0,
            "30분거점역이름":"[]",
            "1시간이내주요거점역":2,
            "1시간거점역이름":"['수원시청', '수원']",
            "3km이내백화점수":0,
            "5km이내아울렛몰수":0,
            "1km이내대형먀트수":1,
            "500m이내은행수":1,
            "500m이내병원수":20,
            "5km이내대형병원수":1,
            "500m이내공원수":5,
            "3km이내혐오시설수":0,
            "초등학교학업성취도":90.0,
            "중학교학업성취도":69.2,
            "용적률":229,
            "건폐율":17,
            "Y":37.235828,
            "X":127.18661,
            "rank":1.0,
            "area_info":"25평(82.87), 25평(82.91), 34평(115.47)",
            "last_sales":"2022-01-13,55500.0,25평(82.87)",
            "rank_history":[
                [
                    "202202",
                    1
                ],
                [
                    "202201",
                    1
                ]
            ],
            "rank_gap":0
        },
        {
            "index":175,
            "아파트명":"용인행정타운두산위브3단지",
            "투자타입":"일반",
            "전용면적(m2)":"112.86",
            "전용면적(평)":"34평",
            "법정동주소":"경기도 용인시 처인구 삼가동 564",
            "도로명주소":"경기도 용인시 처인구 지삼로590번길 29",
            "세대수":50,
            "입주년차":60,
            "용적률점수":"--",
            "건폐율점수":"--",
            "세대당주차수":60,
            "난방방식":30,
            "공급면적":"--",
            "전용률":"--",
            "욕실수":100,
            "현관타입":100,
            "주거총점":61.5,
            "지역구공급총점":0.0,
            "역세권":80,
            "30분내 이동가능 거점":0,
            "1시간내 이동가능 거점":30,
            "교통총점":46.0,
            "백화점":0,
            "아울렛몰":80,
            "대형마트":0,
            "은행":0,
            "병원":10,
            "종합병원":100,
            "공원":100,
            "혐오시설":0,
            "인프라총점":32.0,
            "초등학군":89.98,
            "중학군":42.12,
            "학군총점":51.692,
            "인구수":28.45,
            "인구증감":6.97,
            "인구총점":22.006,
            "일자리":11.95,
            "소득수준":69.62,
            "일자리총점":29.251,
            "가치 총점":45.7538,
            "매매실거래년":20211213.0,
            "매매실거래가":65000.0,
            "전세실거래년":20220114.0,
            "전세실거래가":40000.0,
            "전세가율":74.77,
            "장기전세가율평균":71.2,
            "전세가율거품지수":-3.57,
            "검색코드":103431,
            "세대수":470.0,
            "준공년월":"2013-11-29",
            "준공년차":10.0,
            "가까운역이름":"삼가",
            "가까운역거리":361.04,
            "역세권여부":"역세권",
            "30분이내주요거점역":0,
            "30분거점역이름":"[]",
            "1시간이내주요거점역":3,
            "1시간거점역이름":"['강남', '수원시청', '수원']",
            "3km이내백화점수":0,
            "5km이내아울렛몰수":1,
            "1km이내대형먀트수":0,
            "500m이내은행수":0,
            "500m이내병원수":4,
            "5km이내대형병원수":2,
            "500m이내공원수":3,
            "3km이내혐오시설수":0,
            "초등학교학업성취도":89.98,
            "중학교학업성취도":69.2,
            "용적률":199,
            "건폐율":18,
            "Y":37.239265,
            "X":127.170029,
            "rank":2.0,
            "area_info":"34평(112.86), 34평(112.81), 34평(114.1), 44평(147.87), 45평(148.89), 54평(181.31), 55평(182.27), 56평(187.95)",
            "last_sales":"2021-12-13,65000.0,54평(181.31)",
            "rank_history":[
                [
                    "202202",
                    2
                ],
                [
                    "202201",
                    3
                ]
            ],
            "rank_gap":1
        },
        {
            "index":27,
            "아파트명":"김량장어울림",
            "투자타입":"일반",
            "전용면적(m2)":"78.41",
            "전용면적(평)":"23평",
            "법정동주소":"경기도 용인시 처인구 김량장동 526",
            "도로명주소":"경기도 용인시 처인구 금령로13번길 13",
            "세대수":50,
            "입주년차":60,
            "용적률점수":"--",
            "건폐율점수":"--",
            "세대당주차수":30,
            "난방방식":30,
            "공급면적":"--",
            "전용률":"--",
            "욕실수":100,
            "현관타입":100,
            "주거총점":57.0,
            "지역구공급총점":0.0,
            "역세권":80,
            "30분내 이동가능 거점":0,
            "1시간내 이동가능 거점":20,
            "교통총점":44.0,
            "백화점":0,
            "아울렛몰":0,
            "대형마트":80,
            "은행":0,
            "병원":60,
            "종합병원":80,
            "공원":100,
            "혐오시설":0,
            "인프라총점":37.0,
            "초등학군":90.02,
            "중학군":42.12,
            "학군총점":51.7,
            "인구수":28.45,
            "인구증감":6.97,
            "인구총점":22.006,
            "일자리":11.95,
            "소득수준":69.62,
            "일자리총점":29.251,
            "가치 총점":45.655,
            "매매실거래년":20220114.0,
            "매매실거래가":52000.0,
            "전세실거래년":20210506.0,
            "전세실거래가":30000.0,
            "전세가율":80.43,
            "장기전세가율평균":71.2,
            "전세가율거품지수":-9.23,
            "검색코드":27051,
            "세대수":484.0,
            "준공년월":"2009-11-24",
            "준공년차":14.0,
            "가까운역이름":"김량장",
            "가까운역거리":190.43,
            "역세권여부":"역세권",
            "30분이내주요거점역":0,
            "30분거점역이름":"[]",
            "1시간이내주요거점역":2,
            "1시간거점역이름":"['수원시청', '수원']",
            "3km이내백화점수":0,
            "5km이내아울렛몰수":0,
            "1km이내대형먀트수":1,
            "500m이내은행수":1,
            "500m이내병원수":23,
            "5km이내대형병원수":1,
            "500m이내공원수":11,
            "3km이내혐오시설수":0,
            "초등학교학업성취도":90.02,
            "중학교학업성취도":69.2,
            "용적률":219,
            "건폐율":20,
            "Y":37.236494,
            "X":127.196849,
            "rank":3.0,
            "area_info":"23평(78.41), 23평(78.45), 23평(79.2), 34평(112.69), 34평(113.78), 42평(140.6)",
            "last_sales":"2022-01-14,52000.0,34평(113.78)",
            "rank_history":[
                [
                    "202202",
                    3
                ],
                [
                    "202201",
                    2
                ]
            ],
            "rank_gap":-1
        },
        {
            "index":193,
            "아파트명":"행정타운두산위브2단지",
            "투자타입":"일반",
            "전용면적(m2)":"112.32",
            "전용면적(평)":"33평",
            "법정동주소":"경기도 용인시 처인구 삼가동 563",
            "도로명주소":"경기도 용인시 처인구 지삼로590번길 9",
            "세대수":50,
            "입주년차":60,
            "용적률점수":"--",
            "건폐율점수":"--",
            "세대당주차수":60,
            "난방방식":30,
            "공급면적":"--",
            "전용률":"--",
            "욕실수":100,
            "현관타입":100,
            "주거총점":61.5,
            "지역구공급총점":0.0,
            "역세권":80,
            "30분내 이동가능 거점":0,
            "1시간내 이동가능 거점":20,
            "교통총점":44.0,
            "백화점":0,
            "아울렛몰":80,
            "대형마트":0,
            "은행":0,
            "병원":10,
            "종합병원":100,
            "공원":100,
            "혐오시설":0,
            "인프라총점":32.0,
            "초등학군":89.98,
            "중학군":42.12,
            "학군총점":51.692,
            "인구수":28.45,
            "인구증감":6.97,
            "인구총점":22.006,
            "일자리":11.95,
            "소득수준":69.62,
            "일자리총점":29.251,
            "가치 총점":45.0538,
            "매매실거래년":20211113.0,
            "매매실거래가":65000.0,
            "전세실거래년":20211116.0,
            "전세실거래가":44000.0,
            "전세가율":81.48,
            "장기전세가율평균":71.2,
            "전세가율거품지수":-10.28,
            "검색코드":103430,
            "세대수":624.0,
            "준공년월":"2013-11-29",
            "준공년차":10.0,
            "가까운역이름":"삼가",
            "가까운역거리":256.31,
            "역세권여부":"역세권",
            "30분이내주요거점역":0,
            "30분거점역이름":"[]",
            "1시간이내주요거점역":2,
            "1시간거점역이름":"['수원시청', '수원']",
            "3km이내백화점수":0,
            "5km이내아울렛몰수":1,
            "1km이내대형먀트수":0,
            "500m이내은행수":0,
            "500m이내병원수":4,
            "5km이내대형병원수":2,
            "500m이내공원수":4,
            "3km이내혐오시설수":0,
            "초등학교학업성취도":89.98,
            "중학교학업성취도":69.2,
            "용적률":199,
            "건폐율":19,
            "Y":37.23981,
            "X":127.168096,
            "rank":4.0,
            "area_info":"33평(112.32), 33평(112.28), 34평(113.69), 44평(147.33), 44평(148.36), 54평(181.24), 55평(182.2), 56평(187.88)",
            "last_sales":"2021-11-13,65000.0,44평(148.36)",
            "rank_history":[
                [
                    "202202",
                    4
                ],
                [
                    "202201",
                    4
                ]
            ],
            "rank_gap":0
        },
        {
            "index":248,
            "아파트명":"우미린센트럴파크",
            "투자타입":"일반",
            "전용면적(m2)":"81.68",
            "전용면적(평)":"24평",
            "법정동주소":"경기도 용인시 처인구 역북동 736",
            "도로명주소":"경기도 용인시 처인구 명지로16번길 25",
            "세대수":90,
            "입주년차":80,
            "용적률점수":"--",
            "건폐율점수":"--",
            "세대당주차수":30,
            "난방방식":30,
            "공급면적":"--",
            "전용률":"--",
            "욕실수":100,
            "현관타입":100,
            "주거총점":75.0,
            "지역구공급총점":0.0,
            "역세권":50,
            "30분내 이동가능 거점":0,
            "1시간내 이동가능 거점":20,
            "교통총점":29.0,
            "백화점":0,
            "아울렛몰":0,
            "대형마트":80,
            "은행":0,
            "병원":60,
            "종합병원":80,
            "공원":100,
            "혐오시설":0,
            "인프라총점":37.0,
            "초등학군":89.98,
            "중학군":42.12,
            "학군총점":51.692,
            "인구수":28.45,
            "인구증감":6.97,
            "인구총점":22.006,
            "일자리":11.95,
            "소득수준":69.62,
            "일자리총점":29.251,
            "가치 총점":44.0038,
            "매매실거래년":20220115.0,
            "매매실거래가":55000.0,
            "전세실거래년":20211225.0,
            "전세실거래가":45000.0,
            "전세가율":77.99,
            "장기전세가율평균":71.2,
            "전세가율거품지수":-6.79,
            "검색코드":110227,
            "세대수":1260.0,
            "준공년월":"2017-11-24",
            "준공년차":6.0,
            "가까운역이름":"명지대",
            "가까운역거리":571.89,
            "역세권여부":"준역세권",
            "30분이내주요거점역":0,
            "30분거점역이름":"[]",
            "1시간이내주요거점역":2,
            "1시간거점역이름":"['수원시청', '수원']",
            "3km이내백화점수":0,
            "5km이내아울렛몰수":0,
            "1km이내대형먀트수":1,
            "500m이내은행수":1,
            "500m이내병원수":24,
            "5km이내대형병원수":1,
            "500m이내공원수":3,
            "3km이내혐오시설수":0,
            "초등학교학업성취도":89.98,
            "중학교학업성취도":69.2,
            "용적률":229,
            "건폐율":12,
            "Y":37.234232,
            "X":127.185849,
            "rank":5.0,
            "area_info":"24평(81.68), 25평(82.77), 30평(102.02), 31평(102.78), 34평(115.37), 34평(115.4), 34평(115.63), 34평(115.68), 35평(116.46)",
            "last_sales":"2022-01-15,55000.0,25평(82.77)",
            "rank_history":[
                [
                    "202202",
                    5
                ],
                [
                    "202201",
                    6
                ]
            ],
            "rank_gap":1
        },
        {
            "index":221,
            "아파트명":"역북신원아침도시",
            "투자타입":"일반",
            "전용면적(m2)":"80.7",
            "전용면적(평)":"24평",
            "법정동주소":"경기도 용인시 처인구 역북동 795",
            "도로명주소":"경기도 용인시 처인구 낙은로 11",
            "세대수":50,
            "입주년차":100,
            "용적률점수":"--",
            "건폐율점수":"--",
            "세대당주차수":30,
            "난방방식":30,
            "공급면적":"--",
            "전용률":"--",
            "욕실수":100,
            "현관타입":100,
            "주거총점":65.0,
            "지역구공급총점":0.0,
            "역세권":80,
            "30분내 이동가능 거점":0,
            "1시간내 이동가능 거점":20,
            "교통총점":44.0,
            "백화점":0,
            "아울렛몰":0,
            "대형마트":0,
            "은행":0,
            "병원":60,
            "종합병원":80,
            "공원":100,
            "혐오시설":0,
            "인프라총점":25.0,
            "초등학군":90.02,
            "중학군":44.7,
            "학군총점":53.764,
            "인구수":28.45,
            "인구증감":6.97,
            "인구총점":22.006,
            "일자리":11.95,
            "소득수준":69.62,
            "일자리총점":29.251,
            "가치 총점":43.9646,
            "매매실거래년":20211016.0,
            "매매실거래가":48500.0,
            "전세실거래년":20220121.0,
            "전세실거래가":35000.0,
            "전세가율":72.16,
            "장기전세가율평균":71.2,
            "전세가율거품지수":-0.96,
            "검색코드":114290,
            "세대수":452.0,
            "준공년월":"2019-02-01",
            "준공년차":4.0,
            "가까운역이름":"김량장",
            "가까운역거리":213.24,
            "역세권여부":"역세권",
            "30분이내주요거점역":0,
            "30분거점역이름":"[]",
            "1시간이내주요거점역":2,
            "1시간거점역이름":"['수원시청', '수원']",
            "3km이내백화점수":0,
            "5km이내아울렛몰수":0,
            "1km이내대형먀트수":0,
            "500m이내은행수":0,
            "500m이내병원수":18,
            "5km이내대형병원수":1,
            "500m이내공원수":8,
            "3km이내혐오시설수":0,
            "초등학교학업성취도":90.02,
            "중학교학업성취도":74.5,
            "용적률":249,
            "건폐율":20,
            "Y":37.238876,
            "X":127.19751,
            "rank":6.0,
            "area_info":"24평(80.7), 24평(81.9), 30평(100.83)",
            "last_sales":"2021-10-16,48500.0,24평(80.7)",
            "rank_history":[
                [
                    "202202",
                    6
                ],
                [
                    "202201",
                    5
                ]
            ],
            "rank_gap":-1
        },
        {
            "index":236,
            "아파트명":"역북지웰푸르지오",
            "투자타입":"일반",
            "전용면적(m2)":"80.97",
            "전용면적(평)":"24평",
            "법정동주소":"경기도 용인시 처인구 역북동 809",
            "도로명주소":"경기도 용인시 처인구 명지로40번길 35-16",
            "세대수":90,
            "입주년차":80,
            "용적률점수":"--",
            "건폐율점수":"--",
            "세대당주차수":30,
            "난방방식":30,
            "공급면적":"--",
            "전용률":"--",
            "욕실수":100,
            "현관타입":100,
            "주거총점":75.0,
            "지역구공급총점":0.0,
            "역세권":50,
            "30분내 이동가능 거점":0,
            "1시간내 이동가능 거점":10,
            "교통총점":27.0,
            "백화점":0,
            "아울렛몰":0,
            "대형마트":80,
            "은행":0,
            "병원":60,
            "종합병원":80,
            "공원":0,
            "혐오시설":0,
            "인프라총점":34.0,
            "초등학군":89.98,
            "중학군":42.12,
            "학군총점":51.692,
            "인구수":28.45,
            "인구증감":6.97,
            "인구총점":22.006,
            "일자리":11.95,
            "소득수준":69.62,
            "일자리총점":29.251,
            "가치 총점":42.4038,
            "매매실거래년":20220114.0,
            "매매실거래가":62000.0,
            "전세실거래년":20220117.0,
            "전세실거래가":42500.0,
            "전세가율":80.95,
            "장기전세가율평균":71.2,
            "전세가율거품지수":-9.75,
            "검색코드":110816,
            "세대수":1259.0,
            "준공년월":"2017-11-24",
            "준공년차":6.0,
            "가까운역이름":"명지대",
            "가까운역거리":998.92,
            "역세권여부":"준역세권",
            "30분이내주요거점역":0,
            "30분거점역이름":"[]",
            "1시간이내주요거점역":1,
            "1시간거점역이름":"['수원시청']",
            "3km이내백화점수":0,
            "5km이내아울렛몰수":0,
            "1km이내대형먀트수":1,
            "500m이내은행수":0,
            "500m이내병원수":14,
            "5km이내대형병원수":1,
            "500m이내공원수":0,
            "3km이내혐오시설수":0,
            "초등학교학업성취도":89.98,
            "중학교학업성취도":69.2,
            "용적률":229,
            "건폐율":12,
            "Y":37.23134,
            "X":127.182672,
            "rank":7.0,
            "area_info":"24평(80.97), 24평(81.65), 30평(100.42), 30평(100.81), 30평(100.92), 34평(113.5), 34평(113.73), 34평(114.66), 34평(114.3)",
            "last_sales":"2022-01-14,62000.0,30평(100.81)",
            "rank_history":[
                [
                    "202202",
                    7
                ],
                [
                    "202201",
                    8
                ]
            ],
            "rank_gap":1
        },
        {
            "index":6,
            "아파트명":"양우내안애에듀파크",
            "투자타입":"일반",
            "전용면적(m2)":"88.51",
            "전용면적(평)":"26평",
            "법정동주소":"경기도 용인시 처인구 고림동 1005",
            "도로명주소":"경기도 용인시 처인구 경안천로 112",
            "세대수":80,
            "입주년차":80,
            "용적률점수":"--",
            "건폐율점수":"--",
            "세대당주차수":30,
            "난방방식":30,
            "공급면적":"--",
            "전용률":"--",
            "욕실수":100,
            "현관타입":100,
            "주거총점":71.5,
            "지역구공급총점":0.0,
            "역세권":80,
            "30분내 이동가능 거점":0,
            "1시간내 이동가능 거점":20,
            "교통총점":44.0,
            "백화점":0,
            "아울렛몰":0,
            "대형마트":0,
            "은행":0,
            "병원":10,
            "종합병원":80,
            "공원":0,
            "혐오시설":0,
            "인프라총점":17.0,
            "초등학군":90.0,
            "중학군":37.8,
            "학군총점":48.24,
            "인구수":28.45,
            "인구증감":6.97,
            "인구총점":22.006,
            "일자리":11.95,
            "소득수준":69.62,
            "일자리총점":29.251,
            "가치 총점":42.036,
            "매매실거래년":20210830.0,
            "매매실거래가":61000.0,
            "전세실거래년":20210810.0,
            "전세실거래가":25200.0,
            "전세가율":49.41,
            "장기전세가율평균":71.2,
            "전세가율거품지수":21.79,
            "검색코드":113412,
            "세대수":737.0,
            "준공년월":"2018-04-27",
            "준공년차":5.0,
            "가까운역이름":"고진",
            "가까운역거리":412.05,
            "역세권여부":"역세권",
            "30분이내주요거점역":0,
            "30분거점역이름":"[]",
            "1시간이내주요거점역":2,
            "1시간거점역이름":"['수원시청', '수원']",
            "3km이내백화점수":0,
            "5km이내아울렛몰수":0,
            "1km이내대형먀트수":0,
            "500m이내은행수":0,
            "500m이내병원수":2,
            "5km이내대형병원수":1,
            "500m이내공원수":0,
            "3km이내혐오시설수":0,
            "초등학교학업성취도":90.0,
            "중학교학업성취도":63.0,
            "용적률":221,
            "건폐율":16,
            "Y":37.241178,
            "X":127.213539,
            "rank":8.0,
            "area_info":"26평(88.51), 30평(101.59), 30평(102.08), 34평(114.67)",
            "last_sales":"2021-08-30,61000.0,34평(114.67)",
            "rank_history":[
                [
                    "202202",
                    8
                ],
                [
                    "202201",
                    9
                ]
            ],
            "rank_gap":1
        },
        {
            "index":217,
            "아파트명":"보성",
            "투자타입":"일반",
            "전용면적(m2)":"109.18",
            "전용면적(평)":"33평",
            "법정동주소":"경기도 용인시 처인구 역북동 721-3",
            "도로명주소":"경기도 용인시 처인구 명지로 15-33",
            "세대수":0,
            "입주년차":20,
            "용적률점수":"--",
            "건폐율점수":"--",
            "세대당주차수":60,
            "난방방식":30,
            "공급면적":"--",
            "전용률":"--",
            "욕실수":100,
            "현관타입":100,
            "주거총점":36.0,
            "지역구공급총점":0.0,
            "역세권":80,
            "30분내 이동가능 거점":0,
            "1시간내 이동가능 거점":20,
            "교통총점":44.0,
            "백화점":0,
            "아울렛몰":0,
            "대형마트":80,
            "은행":0,
            "병원":60,
            "종합병원":80,
            "공원":100,
            "혐오시설":0,
            "인프라총점":37.0,
            "초등학군":90.02,
            "중학군":42.12,
            "학군총점":51.7,
            "인구수":28.45,
            "인구증감":6.97,
            "인구총점":22.006,
            "일자리":11.95,
            "소득수준":69.62,
            "일자리총점":29.251,
            "가치 총점":41.455,
            "매매실거래년":20210910.0,
            "매매실거래가":41900.0,
            "전세실거래년":20201119.0,
            "전세실거래가":24000.0,
            "전세가율":57.28,
            "장기전세가율평균":71.2,
            "전세가율거품지수":13.92,
            "검색코드":11515,
            "세대수":162.0,
            "준공년월":"2000-11-14",
            "준공년차":23.0,
            "가까운역이름":"명지대",
            "가까운역거리":307.44,
            "역세권여부":"역세권",
            "30분이내주요거점역":0,
            "30분거점역이름":"[]",
            "1시간이내주요거점역":2,
            "1시간거점역이름":"['수원시청', '수원']",
            "3km이내백화점수":0,
            "5km이내아울렛몰수":0,
            "1km이내대형먀트수":1,
            "500m이내은행수":1,
            "500m이내병원수":28,
            "5km이내대형병원수":1,
            "500m이내공원수":10,
            "3km이내혐오시설수":0,
            "초등학교학업성취도":90.02,
            "중학교학업성취도":69.2,
            "용적률":256,
            "건폐율":17,
            "Y":37.235237,
            "X":127.190867,
            "rank":9.0,
            "area_info":"33평(109.18), 44평(148.41)",
            "last_sales":"2021-09-10,41900.0,33평(109.18)",
            "rank_history":[
                [
                    "202202",
                    9
                ],
                [
                    "202201",
                    10
                ]
            ],
            "rank_gap":1
        },
        {
            "index":219,
            "아파트명":"신성",
            "투자타입":"일반",
            "전용면적(m2)":"67.53",
            "전용면적(평)":"20평",
            "법정동주소":"경기도 용인시 처인구 역북동 721-1",
            "도로명주소":"경기도 용인시 처인구 명지로 15-5",
            "세대수":50,
            "입주년차":0,
            "용적률점수":"--",
            "건폐율점수":"--",
            "세대당주차수":0,
            "난방방식":30,
            "공급면적":"--",
            "전용률":"--",
            "욕실수":50,
            "현관타입":100,
            "주거총점":35.5,
            "지역구공급총점":0.0,
            "역세권":80,
            "30분내 이동가능 거점":0,
            "1시간내 이동가능 거점":20,
            "교통총점":44.0,
            "백화점":0,
            "아울렛몰":0,
            "대형마트":80,
            "은행":0,
            "병원":60,
            "종합병원":80,
            "공원":100,
            "혐오시설":0,
            "인프라총점":37.0,
            "초등학군":90.02,
            "중학군":42.12,
            "학군총점":51.7,
            "인구수":28.45,
            "인구증감":6.97,
            "인구총점":22.006,
            "일자리":11.95,
            "소득수준":69.62,
            "일자리총점":29.251,
            "가치 총점":41.355,
            "매매실거래년":20220108.0,
            "매매실거래가":37000.0,
            "전세실거래년":20201201.0,
            "전세실거래가":14000.0,
            "전세가율":63.64,
            "장기전세가율평균":71.2,
            "전세가율거품지수":7.56,
            "검색코드":11511,
            "세대수":475.0,
            "준공년월":"1998-12-18",
            "준공년차":25.0,
            "가까운역이름":"명지대",
            "가까운역거리":297.88,
            "역세권여부":"역세권",
            "30분이내주요거점역":0,
            "30분거점역이름":"[]",
            "1시간이내주요거점역":2,
            "1시간거점역이름":"['수원시청', '수원']",
            "3km이내백화점수":0,
            "5km이내아울렛몰수":0,
            "1km이내대형먀트수":1,
            "500m이내은행수":1,
            "500m이내병원수":25,
            "5km이내대형병원수":1,
            "500m이내공원수":9,
            "3km이내혐오시설수":0,
            "초등학교학업성취도":90.02,
            "중학교학업성취도":69.2,
            "용적률":248,
            "건폐율":17,
            "Y":37.235354,
            "X":127.189536,
            "rank":10.0,
            "area_info":"20평(67.53), 24평(80.78)",
            "last_sales":"2022-01-08,37000.0,24평(80.78)",
            "rank_history":[
                [
                    "202202",
                    10
                ],
                [
                    "202201",
                    11
                ]
            ],
            "rank_gap":1
        },
        {
            "index":183,
            "아파트명":"진우",
            "투자타입":"일반",
            "전용면적(m2)":"82.32",
            "전용면적(평)":"24평",
            "법정동주소":"경기도 용인시 처인구 삼가동 265",
            "도로명주소":"경기도 용인시 처인구 중부대로 1144",
            "세대수":50,
            "입주년차":20,
            "용적률점수":"--",
            "건폐율점수":"--",
            "세대당주차수":0,
            "난방방식":30,
            "공급면적":"--",
            "전용률":"--",
            "욕실수":50,
            "현관타입":100,
            "주거총점":39.5,
            "지역구공급총점":0.0,
            "역세권":80,
            "30분내 이동가능 거점":0,
            "1시간내 이동가능 거점":30,
            "교통총점":46.0,
            "백화점":0,
            "아울렛몰":80,
            "대형마트":0,
            "은행":0,
            "병원":10,
            "종합병원":100,
            "공원":100,
            "혐오시설":0,
            "인프라총점":32.0,
            "초등학군":89.98,
            "중학군":42.12,
            "학군총점":51.692,
            "인구수":28.45,
            "인구증감":6.97,
            "인구총점":22.006,
            "일자리":11.95,
            "소득수준":69.62,
            "일자리총점":29.251,
            "가치 총점":41.3538,
            "매매실거래년":20211228.0,
            "매매실거래가":24500.0,
            "전세실거래년":20220107.0,
            "전세실거래가":18000.0,
            "전세가율":73.47,
            "장기전세가율평균":71.2,
            "전세가율거품지수":-2.27,
            "검색코드":9211,
            "세대수":582.0,
            "준공년월":"1999-03-13",
            "준공년차":24.0,
            "가까운역이름":"삼가",
            "가까운역거리":462.45,
            "역세권여부":"역세권",
            "30분이내주요거점역":0,
            "30분거점역이름":"[]",
            "1시간이내주요거점역":3,
            "1시간거점역이름":"['강남', '수원시청', '수원']",
            "3km이내백화점수":0,
            "5km이내아울렛몰수":1,
            "1km이내대형먀트수":0,
            "500m이내은행수":0,
            "500m이내병원수":4,
            "5km이내대형병원수":2,
            "500m이내공원수":3,
            "3km이내혐오시설수":0,
            "초등학교학업성취도":89.98,
            "중학교학업성취도":69.2,
            "용적률":242,
            "건폐율":30,
            "Y":37.239069,
            "X":127.171632,
            "rank":11.0,
            "area_info":"24평(82.32), 33평(110.47)",
            "last_sales":"2021-12-28,24500.0,24평(82.32)",
            "rank_history":[
                [
                    "202202",
                    11
                ],
                [
                    "202201",
                    12
                ]
            ],
            "rank_gap":1
        },
        {
            "index":292,
            "아파트명":"금전마을계룡리슈빌",
            "투자타입":"일반",
            "전용면적(m2)":"107.05",
            "전용면적(평)":"32평",
            "법정동주소":"경기도 용인시 처인구 포곡읍 둔전리 447",
            "도로명주소":"경기도 용인시 처인구 둔전로 15",
            "세대수":50,
            "입주년차":40,
            "용적률점수":"--",
            "건폐율점수":"--",
            "세대당주차수":30,
            "난방방식":30,
            "공급면적":"--",
            "전용률":"--",
            "욕실수":100,
            "현관타입":100,
            "주거총점":53.0,
            "지역구공급총점":0.0,
            "역세권":80,
            "30분내 이동가능 거점":0,
            "1시간내 이동가능 거점":20,
            "교통총점":44.0,
            "백화점":0,
            "아울렛몰":0,
            "대형마트":0,
            "은행":0,
            "병원":60,
            "종합병원":80,
            "공원":80,
            "혐오시설":0,
            "인프라총점":24.4,
            "초등학군":89.99,
            "중학군":40.4,
            "학군총점":50.318,
            "인구수":28.45,
            "인구증감":6.97,
            "인구총점":22.006,
            "일자리":11.95,
            "소득수준":69.62,
            "일자리총점":29.251,
            "가치 총점":40.8677,
            "매매실거래년":20211228.0,
            "매매실거래가":29000.0,
            "전세실거래년":20211230.0,
            "전세실거래가":35000.0,
            "전세가율":120.69,
            "장기전세가율평균":71.2,
            "전세가율거품지수":-49.49,
            "검색코드":18367,
            "세대수":441.0,
            "준공년월":"2006-04-05",
            "준공년차":17.0,
            "가까운역이름":"둔전",
            "가까운역거리":229.72,
            "역세권여부":"역세권",
            "30분이내주요거점역":0,
            "30분거점역이름":"[]",
            "1시간이내주요거점역":2,
            "1시간거점역이름":"['수원시청', '수원']",
            "3km이내백화점수":0,
            "5km이내아울렛몰수":0,
            "1km이내대형먀트수":0,
            "500m이내은행수":0,
            "500m이내병원수":16,
            "5km이내대형병원수":1,
            "500m이내공원수":1,
            "3km이내혐오시설수":0,
            "초등학교학업성취도":89.99,
            "중학교학업성취도":67.2,
            "용적률":184,
            "건폐율":18,
            "Y":37.266486,
            "X":127.216137,
            "rank":12.0,
            "area_info":"32평(107.05)",
            "last_sales":"2021-12-28,29000.0,32평(107.05)",
            "rank_history":[
                [
                    "202202",
                    12
                ],
                [
                    "202201",
                    13
                ]
            ],
            "rank_gap":1
        },
        {
            "index":216,
            "아파트명":"금강",
            "투자타입":"일반",
            "전용면적(m2)":"107.39",
            "전용면적(평)":"32평",
            "법정동주소":"경기도 용인시 처인구 역북동 721-2",
            "도로명주소":"경기도 용인시 처인구 명지로 15-29",
            "세대수":0,
            "입주년차":20,
            "용적률점수":"--",
            "건폐율점수":"--",
            "세대당주차수":30,
            "난방방식":30,
            "공급면적":"--",
            "전용률":"--",
            "욕실수":100,
            "현관타입":100,
            "주거총점":31.5,
            "지역구공급총점":0.0,
            "역세권":80,
            "30분내 이동가능 거점":0,
            "1시간내 이동가능 거점":20,
            "교통총점":44.0,
            "백화점":0,
            "아울렛몰":0,
            "대형마트":80,
            "은행":0,
            "병원":60,
            "종합병원":80,
            "공원":100,
            "혐오시설":0,
            "인프라총점":37.0,
            "초등학군":90.02,
            "중학군":42.12,
            "학군총점":51.7,
            "인구수":28.45,
            "인구증감":6.97,
            "인구총점":22.006,
            "일자리":11.95,
            "소득수준":69.62,
            "일자리총점":29.251,
            "가치 총점":40.555,
            "매매실거래년":20211231.0,
            "매매실거래가":46500.0,
            "전세실거래년":20210802.0,
            "전세실거래가":19000.0,
            "전세가율":40.86,
            "장기전세가율평균":71.2,
            "전세가율거품지수":30.34,
            "검색코드":11516,
            "세대수":150.0,
            "준공년월":"1999-04-14",
            "준공년차":24.0,
            "가까운역이름":"명지대",
            "가까운역거리":344.18,
            "역세권여부":"역세권",
            "30분이내주요거점역":0,
            "30분거점역이름":"[]",
            "1시간이내주요거점역":2,
            "1시간거점역이름":"['수원시청', '수원']",
            "3km이내백화점수":0,
            "5km이내아울렛몰수":0,
            "1km이내대형먀트수":1,
            "500m이내은행수":1,
            "500m이내병원수":27,
            "5km이내대형병원수":1,
            "500m이내공원수":9,
            "3km이내혐오시설수":0,
            "초등학교학업성취도":90.02,
            "중학교학업성취도":69.2,
            "용적률":257,
            "건폐율":21,
            "Y":37.234874,
            "X":127.190521,
            "rank":13.0,
            "area_info":"32평(107.39)",
            "last_sales":"2021-12-31,46500.0,32평(107.39)",
            "rank_history":[
                [
                    "202202",
                    13
                ],
                [
                    "202201",
                    14
                ]
            ],
            "rank_gap":1
        },
        {
            "index":33,
            "아파트명":"삼환",
            "투자타입":"일반",
            "전용면적(m2)":"108.45",
            "전용면적(평)":"32평",
            "법정동주소":"경기도 용인시 처인구 김량장동 502-2",
            "도로명주소":"경기도 용인시 처인구 중부대로1388번길 6-4",
            "세대수":0,
            "입주년차":20,
            "용적률점수":"--",
            "건폐율점수":"--",
            "세대당주차수":0,
            "난방방식":30,
            "공급면적":"--",
            "전용률":"--",
            "욕실수":100,
            "현관타입":100,
            "주거총점":27.0,
            "지역구공급총점":0.0,
            "역세권":80,
            "30분내 이동가능 거점":0,
            "1시간내 이동가능 거점":20,
            "교통총점":44.0,
            "백화점":0,
            "아울렛몰":0,
            "대형마트":80,
            "은행":0,
            "병원":60,
            "종합병원":80,
            "공원":100,
            "혐오시설":0,
            "인프라총점":37.0,
            "초등학군":90.02,
            "중학군":42.12,
            "학군총점":51.7,
            "인구수":28.45,
            "인구증감":6.97,
            "인구총점":22.006,
            "일자리":11.95,
            "소득수준":69.62,
            "일자리총점":29.251,
            "가치 총점":39.655,
            "매매실거래년":20211211.0,
            "매매실거래가":31500.0,
            "전세실거래년":20210610.0,
            "전세실거래가":29000.0,
            "전세가율":92.06,
            "장기전세가율평균":71.2,
            "전세가율거품지수":-20.86,
            "검색코드":8897,
            "세대수":180.0,
            "준공년월":"1999-11-30",
            "준공년차":24.0,
            "가까운역이름":"김량장",
            "가까운역거리":457.51,
            "역세권여부":"역세권",
            "30분이내주요거점역":0,
            "30분거점역이름":"[]",
            "1시간이내주요거점역":2,
            "1시간거점역이름":"['수원시청', '수원']",
            "3km이내백화점수":0,
            "5km이내아울렛몰수":0,
            "1km이내대형먀트수":1,
            "500m이내은행수":1,
            "500m이내병원수":21,
            "5km이내대형병원수":1,
            "500m이내공원수":7,
            "3km이내혐오시설수":0,
            "초등학교학업성취도":90.02,
            "중학교학업성취도":69.2,
            "용적률":253,
            "건폐율":14,
            "Y":37.233316,
            "X":127.197255,
            "rank":14.0,
            "area_info":"32평(108.45)",
            "last_sales":"2021-12-11,31500.0,32평(108.45)",
            "rank_history":[
                [
                    "202202",
                    14
                ],
                [
                    "202201",
                    16
                ]
            ],
            "rank_gap":2
        },
        {
            "index":48,
            "아파트명":"용인삼환나우빌",
            "투자타입":"일반",
            "전용면적(m2)":"109.15",
            "전용면적(평)":"33평",
            "법정동주소":"경기도 용인시 처인구 김량장동 516",
            "도로명주소":"경기도 용인시 처인구 중부대로 1348",
            "세대수":50,
            "입주년차":40,
            "용적률점수":"--",
            "건폐율점수":"--",
            "세대당주차수":30,
            "난방방식":30,
            "공급면적":"--",
            "전용률":"--",
            "욕실수":100,
            "현관타입":100,
            "주거총점":53.0,
            "지역구공급총점":0.0,
            "역세권":50,
            "30분내 이동가능 거점":0,
            "1시간내 이동가능 거점":20,
            "교통총점":29.0,
            "백화점":0,
            "아울렛몰":0,
            "대형마트":80,
            "은행":0,
            "병원":60,
            "종합병원":80,
            "공원":100,
            "혐오시설":0,
            "인프라총점":37.0,
            "초등학군":90.02,
            "중학군":42.12,
            "학군총점":51.7,
            "인구수":28.45,
            "인구증감":6.97,
            "인구총점":22.006,
            "일자리":11.95,
            "소득수준":69.62,
            "일자리총점":29.251,
            "가치 총점":39.605,
            "매매실거래년":20211009.0,
            "매매실거래가":49000.0,
            "전세실거래년":20220120.0,
            "전세실거래가":33000.0,
            "전세가율":67.35,
            "장기전세가율평균":71.2,
            "전세가율거품지수":3.85,
            "검색코드":25539,
            "세대수":458.0,
            "준공년월":"2008-08-08",
            "준공년차":15.0,
            "가까운역이름":"김량장",
            "가까운역거리":552.19,
            "역세권여부":"준역세권",
            "30분이내주요거점역":0,
            "30분거점역이름":"[]",
            "1시간이내주요거점역":2,
            "1시간거점역이름":"['수원시청', '수원']",
            "3km이내백화점수":0,
            "5km이내아울렛몰수":0,
            "1km이내대형먀트수":1,
            "500m이내은행수":0,
            "500m이내병원수":20,
            "5km이내대형병원수":1,
            "500m이내공원수":9,
            "3km이내혐오시설수":0,
            "초등학교학업성취도":90.02,
            "중학교학업성취도":69.2,
            "용적률":181,
            "건폐율":17,
            "Y":37.233434,
            "X":127.194785,
            "rank":15.0,
            "area_info":"33평(109.15), 46평(154.55)",
            "last_sales":"2021-10-09,49000.0,33평(109.15)",
            "rank_history":[
                [
                    "202202",
                    15
                ],
                [
                    "202201",
                    17
                ]
            ],
            "rank_gap":2
        },
        {
            "index":185,
            "아파트명":"풍림",
            "투자타입":"일반",
            "전용면적(m2)":"81.98",
            "전용면적(평)":"24평",
            "법정동주소":"경기도 용인시 처인구 삼가동 117",
            "도로명주소":"경기도 용인시 처인구 삼가로 28",
            "세대수":30,
            "입주년차":0,
            "용적률점수":"--",
            "건폐율점수":"--",
            "세대당주차수":0,
            "난방방식":30,
            "공급면적":"--",
            "전용률":"--",
            "욕실수":50,
            "현관타입":100,
            "주거총점":28.5,
            "지역구공급총점":0.0,
            "역세권":80,
            "30분내 이동가능 거점":0,
            "1시간내 이동가능 거점":20,
            "교통총점":44.0,
            "백화점":0,
            "아울렛몰":80,
            "대형마트":0,
            "은행":0,
            "병원":0,
            "종합병원":100,
            "공원":0,
            "혐오시설":0,
            "인프라총점":28.0,
            "초등학군":89.98,
            "중학군":54.58,
            "학군총점":61.66,
            "인구수":28.45,
            "인구증감":6.97,
            "인구총점":22.006,
            "일자리":11.95,
            "소득수준":69.62,
            "일자리총점":29.251,
            "가치 총점":38.749,
            "매매실거래년":20211220.0,
            "매매실거래가":26500.0,
            "전세실거래년":20220127.0,
            "전세실거래가":14200.0,
            "전세가율":51.64,
            "장기전세가율평균":71.2,
            "전세가율거품지수":19.56,
            "검색코드":9209,
            "세대수":377.0,
            "준공년월":"1998-12-19",
            "준공년차":25.0,
            "가까운역이름":"삼가",
            "가까운역거리":449.74,
            "역세권여부":"역세권",
            "30분이내주요거점역":0,
            "30분거점역이름":"[]",
            "1시간이내주요거점역":2,
            "1시간거점역이름":"['수원시청', '수원']",
            "3km이내백화점수":0,
            "5km이내아울렛몰수":1,
            "1km이내대형먀트수":0,
            "500m이내은행수":0,
            "500m이내병원수":0,
            "5km이내대형병원수":2,
            "500m이내공원수":0,
            "3km이내혐오시설수":0,
            "초등학교학업성취도":89.98,
            "중학교학업성취도":89.3,
            "용적률":223,
            "건폐율":15,
            "Y":37.246074,
            "X":127.167035,
            "rank":16.0,
            "area_info":"24평(81.98), 24평(82.2)",
            "last_sales":"2021-12-20,26500.0,24평(82.2)",
            "rank_history":[
                [
                    "202202",
                    16
                ],
                [
                    "202201",
                    18
                ]
            ],
            "rank_gap":2
        },
        {
            "index":34,
            "아파트명":"스위트홈(도시형)",
            "투자타입":"일반",
            "전용면적(m2)":"50.71",
            "전용면적(평)":"15평",
            "법정동주소":"경기도 용인시 처인구 김량장동 329-2",
            "도로명주소":"경기도 용인시 처인구 금령로12번길 12",
            "세대수":0,
            "입주년차":80,
            "용적률점수":"--",
            "건폐율점수":"--",
            "세대당주차수":0,
            "난방방식":30,
            "공급면적":"--",
            "전용률":"--",
            "욕실수":50,
            "현관타입":10,
            "주거총점":25.0,
            "지역구공급총점":0.0,
            "역세권":80,
            "30분내 이동가능 거점":0,
            "1시간내 이동가능 거점":0,
            "교통총점":40.0,
            "백화점":0,
            "아울렛몰":0,
            "대형마트":80,
            "은행":20,
            "병원":60,
            "종합병원":80,
            "공원":100,
            "혐오시설":0,
            "인프라총점":39.0,
            "초등학군":90.02,
            "중학군":42.12,
            "학군총점":51.7,
            "인구수":28.45,
            "인구증감":6.97,
            "인구총점":22.006,
            "일자리":11.95,
            "소득수준":69.62,
            "일자리총점":29.251,
            "가치 총점":38.455,
            "매매실거래년":20211225.0,
            "매매실거래가":18250.0,
            "전세실거래년":20210609.0,
            "전세실거래가":13100.0,
            "전세가율":89.73,
            "장기전세가율평균":71.2,
            "전세가율거품지수":-18.53,
            "검색코드":116026,
            "세대수":168.0,
            "준공년월":"2016-12-26",
            "준공년차":7.0,
            "가까운역이름":"김량장",
            "가까운역거리":356.78,
            "역세권여부":"역세권",
            "30분이내주요거점역":0,
            "30분거점역이름":"[]",
            "1시간이내주요거점역":0,
            "1시간거점역이름":"[]",
            "3km이내백화점수":0,
            "5km이내아울렛몰수":0,
            "1km이내대형먀트수":1,
            "500m이내은행수":2,
            "500m이내병원수":29,
            "5km이내대형병원수":1,
            "500m이내공원수":9,
            "3km이내혐오시설수":0,
            "초등학교학업성취도":90.02,
            "중학교학업성취도":69.2,
            "용적률":641,
            "건폐율":59,
            "Y":37.234064,
            "X":127.198273,
            "rank":17.0,
            "area_info":"15평(50.71), 17평(58.81), 17평(58.81), 19평(62.82), 19평(63.61), 19평(64.43), 19평(64.36), 19평(65.03), 20평(67.56), 20평(68.57), 20평(68.27)",
            "last_sales":"2021-12-25,18250.0,20평(68.57)",
            "rank_history":[
                [
                    "202202",
                    0
                ],
                [
                    "202201",
                    9999
                ]
            ],
            "rank_gap":9999
        },
        {
            "index":192,
            "아파트명":"행정타운늘푸른오스카빌3단지",
            "투자타입":"일반",
            "전용면적(m2)":"112.86",
            "전용면적(평)":"34평",
            "법정동주소":"경기도 용인시 처인구 삼가동 550",
            "도로명주소":"경기도 용인시 처인구 중부대로1158번길 12",
            "세대수":0,
            "입주년차":40,
            "용적률점수":"--",
            "건폐율점수":"--",
            "세대당주차수":30,
            "난방방식":30,
            "공급면적":"--",
            "전용률":"--",
            "욕실수":100,
            "현관타입":100,
            "주거총점":35.5,
            "지역구공급총점":0.0,
            "역세권":80,
            "30분내 이동가능 거점":0,
            "1시간내 이동가능 거점":0,
            "교통총점":40.0,
            "백화점":0,
            "아울렛몰":80,
            "대형마트":0,
            "은행":0,
            "병원":10,
            "종합병원":100,
            "공원":100,
            "혐오시설":0,
            "인프라총점":32.0,
            "초등학군":89.98,
            "중학군":42.12,
            "학군총점":51.692,
            "인구수":28.45,
            "인구증감":6.97,
            "인구총점":22.006,
            "일자리":11.95,
            "소득수준":69.62,
            "일자리총점":29.251,
            "가치 총점":38.4538,
            "매매실거래년":20211221.0,
            "매매실거래가":43900.0,
            "전세실거래년":20220115.0,
            "전세실거래가":15750.0,
            "전세가율":35.88,
            "장기전세가율평균":71.2,
            "전세가율거품지수":35.32,
            "검색코드":101051,
            "세대수":174.0,
            "준공년월":"2004-12-10",
            "준공년차":19.0,
            "가까운역이름":"삼가",
            "가까운역거리":466.21,
            "역세권여부":"역세권",
            "30분이내주요거점역":0,
            "30분거점역이름":"[]",
            "1시간이내주요거점역":0,
            "1시간거점역이름":"[]",
            "3km이내백화점수":0,
            "5km이내아울렛몰수":1,
            "1km이내대형먀트수":0,
            "500m이내은행수":0,
            "500m이내병원수":4,
            "5km이내대형병원수":2,
            "500m이내공원수":3,
            "3km이내혐오시설수":0,
            "초등학교학업성취도":89.98,
            "중학교학업성취도":69.2,
            "용적률":194,
            "건폐율":12,
            "Y":37.238302,
            "X":127.170265,
            "rank":18.0,
            "area_info":"34평(112.86)",
            "last_sales":"2021-12-21,43900.0,34평(112.86)",
            "rank_history":[
                [
                    "202202",
                    18
                ],
                [
                    "202201",
                    15
                ]
            ],
            "rank_gap":-3
        },
        {
            "index":57,
            "아파트명":"용인유메이드(도시형)",
            "투자타입":"일반",
            "전용면적(m2)":"24.71",
            "전용면적(평)":"7평",
            "법정동주소":"경기도 용인시 처인구 김량장동 254-158",
            "도로명주소":"경기도 용인시 처인구 금령로 43",
            "세대수":0,
            "입주년차":80,
            "용적률점수":"--",
            "건폐율점수":"--",
            "세대당주차수":0,
            "난방방식":30,
            "공급면적":"--",
            "전용률":"--",
            "욕실수":50,
            "현관타입":10,
            "주거총점":25.0,
            "지역구공급총점":0.0,
            "역세권":80,
            "30분내 이동가능 거점":0,
            "1시간내 이동가능 거점":0,
            "교통총점":40.0,
            "백화점":0,
            "아울렛몰":0,
            "대형마트":0,
            "은행":100,
            "병원":80,
            "종합병원":80,
            "공원":100,
            "혐오시설":0,
            "인프라총점":37.0,
            "초등학군":89.99,
            "중학군":44.7,
            "학군총점":53.758,
            "인구수":28.45,
            "인구증감":6.97,
            "인구총점":22.006,
            "일자리":11.95,
            "소득수준":69.62,
            "일자리총점":29.251,
            "가치 총점":38.1637,
            "매매실거래년":20211218.0,
            "매매실거래가":9000.0,
            "전세실거래년":20210804.0,
            "전세실거래가":7000.0,
            "전세가율":77.78,
            "장기전세가율평균":71.2,
            "전세가율거품지수":-6.58,
            "검색코드":111604,
            "세대수":299.0,
            "준공년월":"2017-02-10",
            "준공년차":6.0,
            "가까운역이름":"김량장",
            "가까운역거리":325.12,
            "역세권여부":"역세권",
            "30분이내주요거점역":0,
            "30분거점역이름":"[]",
            "1시간이내주요거점역":0,
            "1시간거점역이름":"[]",
            "3km이내백화점수":0,
            "5km이내아울렛몰수":0,
            "1km이내대형먀트수":0,
            "500m이내은행수":5,
            "500m이내병원수":48,
            "5km이내대형병원수":1,
            "500m이내공원수":7,
            "3km이내혐오시설수":0,
            "초등학교학업성취도":89.99,
            "중학교학업성취도":74.5,
            "용적률":643,
            "건폐율":59,
            "Y":37.235089,
            "X":127.201259,
            "rank":19.0,
            "area_info":"7평(24.71), 8평(28.3), 9평(30.97), 14평(49.44), 18평(62.08)",
            "last_sales":"2021-12-18,9000.0,7평(24.71)",
            "rank_history":[
                [
                    "202202",
                    0
                ],
                [
                    "202201",
                    9999
                ]
            ],
            "rank_gap":9999
        },
        {
            "index":172,
            "아파트명":"금령마을우남퍼스트빌",
            "투자타입":"일반",
            "전용면적(m2)":"109.98",
            "전용면적(평)":"33평",
            "법정동주소":"경기도 용인시 처인구 삼가동 537",
            "도로명주소":"경기도 용인시 처인구 금학로 91",
            "세대수":50,
            "입주년차":20,
            "용적률점수":"--",
            "건폐율점수":"--",
            "세대당주차수":30,
            "난방방식":30,
            "공급면적":"--",
            "전용률":"--",
            "욕실수":100,
            "현관타입":100,
            "주거총점":49.0,
            "지역구공급총점":0.0,
            "역세권":50,
            "30분내 이동가능 거점":0,
            "1시간내 이동가능 거점":30,
            "교통총점":31.0,
            "백화점":0,
            "아울렛몰":80,
            "대형마트":0,
            "은행":0,
            "병원":10,
            "종합병원":100,
            "공원":100,
            "혐오시설":0,
            "인프라총점":32.0,
            "초등학군":89.98,
            "중학군":42.12,
            "학군총점":51.692,
            "인구수":28.45,
            "인구증감":6.97,
            "인구총점":22.006,
            "일자리":11.95,
            "소득수준":69.62,
            "일자리총점":29.251,
            "가치 총점":38.0038,
            "매매실거래년":20211106.0,
            "매매실거래가":41000.0,
            "전세실거래년":20220107.0,
            "전세실거래가":20000.0,
            "전세가율":48.78,
            "장기전세가율평균":71.2,
            "전세가율거품지수":22.42,
            "검색코드":9200,
            "세대수":451.0,
            "준공년월":"2003-11-28",
            "준공년차":20.0,
            "가까운역이름":"삼가",
            "가까운역거리":511.09,
            "역세권여부":"준역세권",
            "30분이내주요거점역":0,
            "30분거점역이름":"[]",
            "1시간이내주요거점역":3,
            "1시간거점역이름":"['강남', '수원시청', '수원']",
            "3km이내백화점수":0,
            "5km이내아울렛몰수":1,
            "1km이내대형먀트수":0,
            "500m이내은행수":1,
            "500m이내병원수":4,
            "5km이내대형병원수":2,
            "500m이내공원수":2,
            "3km이내혐오시설수":0,
            "초등학교학업성취도":89.98,
            "중학교학업성취도":69.2,
            "용적률":199,
            "건폐율":14,
            "Y":37.240993,
            "X":127.173674,
            "rank":20.0,
            "area_info":"33평(109.98)",
            "last_sales":"2021-11-06,41000.0,33평(109.98)",
            "rank_history":[
                [
                    "202202",
                    20
                ],
                [
                    "202201",
                    19
                ]
            ],
            "rank_gap":-1
        },
        {
            "index":331,
            "아파트명":"신원1차",
            "투자타입":"일반",
            "전용면적(m2)":"80.41",
            "전용면적(평)":"24평",
            "법정동주소":"경기도 용인시 처인구 포곡읍 둔전리 385",
            "도로명주소":"경기도 용인시 처인구 포곡로 90",
            "세대수":50,
            "입주년차":0,
            "용적률점수":"--",
            "건폐율점수":"--",
            "세대당주차수":0,
            "난방방식":30,
            "공급면적":"--",
            "전용률":"--",
            "욕실수":50,
            "현관타입":100,
            "주거총점":35.5,
            "지역구공급총점":0.0,
            "역세권":80,
            "30분내 이동가능 거점":0,
            "1시간내 이동가능 거점":20,
            "교통총점":44.0,
            "백화점":0,
            "아울렛몰":0,
            "대형마트":0,
            "은행":0,
            "병원":60,
            "종합병원":80,
            "공원":80,
            "혐오시설":0,
            "인프라총점":24.4,
            "초등학군":89.99,
            "중학군":40.4,
            "학군총점":50.318,
            "인구수":28.45,
            "인구증감":6.97,
            "인구총점":22.006,
            "일자리":11.95,
            "소득수준":69.62,
            "일자리총점":29.251,
            "가치 총점":37.3677,
            "매매실거래년":20211201.0,
            "매매실거래가":32000.0,
            "전세실거래년":20211226.0,
            "전세실거래가":25000.0,
            "전세가율":78.12,
            "장기전세가율평균":71.2,
            "전세가율거품지수":-6.92,
            "검색코드":2538,
            "세대수":474.0,
            "준공년월":"1998-07-14",
            "준공년차":25.0,
            "가까운역이름":"둔전",
            "가까운역거리":248.34,
            "역세권여부":"역세권",
            "30분이내주요거점역":0,
            "30분거점역이름":"[]",
            "1시간이내주요거점역":2,
            "1시간거점역이름":"['수원시청', '수원']",
            "3km이내백화점수":0,
            "5km이내아울렛몰수":0,
            "1km이내대형먀트수":0,
            "500m이내은행수":0,
            "500m이내병원수":16,
            "5km이내대형병원수":1,
            "500m이내공원수":1,
            "3km이내혐오시설수":0,
            "초등학교학업성취도":89.99,
            "중학교학업성취도":67.2,
            "용적률":0,
            "건폐율":0,
            "Y":37.26805,
            "X":127.21615,
            "rank":21.0,
            "area_info":"24평(80.41), 33평(109.38)",
            "last_sales":"2021-12-01,32000.0,24평(80.41)",
            "rank_history":[
                [
                    "202202",
                    21
                ],
                [
                    "202201",
                    20
                ]
            ],
            "rank_gap":-1
        },
        {
            "index":337,
            "아파트명":"용인포곡삼성쉐르빌",
            "투자타입":"일반",
            "전용면적(m2)":"110.14",
            "전용면적(평)":"33평",
            "법정동주소":"경기도 용인시 처인구 포곡읍 둔전리 449",
            "도로명주소":"경기도 용인시 처인구 포곡로 159",
            "세대수":50,
            "입주년차":60,
            "용적률점수":"--",
            "건폐율점수":"--",
            "세대당주차수":60,
            "난방방식":30,
            "공급면적":"--",
            "전용률":"--",
            "욕실수":100,
            "현관타입":100,
            "주거총점":61.5,
            "지역구공급총점":0.0,
            "역세권":50,
            "30분내 이동가능 거점":0,
            "1시간내 이동가능 거점":0,
            "교통총점":25.0,
            "백화점":0,
            "아울렛몰":0,
            "대형마트":80,
            "은행":0,
            "병원":0,
            "종합병원":80,
            "공원":80,
            "혐오시설":-50,
            "인프라총점":29.4,
            "초등학군":89.99,
            "중학군":36.06,
            "학군총점":46.846,
            "인구수":28.45,
            "인구증감":6.97,
            "인구총점":22.006,
            "일자리":11.95,
            "소득수준":69.62,
            "일자리총점":29.251,
            "가치 총점":36.8969,
            "매매실거래년":20211211.0,
            "매매실거래가":48000.0,
            "전세실거래년":20211221.0,
            "전세실거래가":23100.0,
            "전세가율":48.12,
            "장기전세가율평균":71.2,
            "전세가율거품지수":23.08,
            "검색코드":102503,
            "세대수":469.0,
            "준공년월":"2012-09-11",
            "준공년차":11.0,
            "가까운역이름":"둔전",
            "가까운역거리":989.87,
            "역세권여부":"준역세권",
            "30분이내주요거점역":0,
            "30분거점역이름":"[]",
            "1시간이내주요거점역":0,
            "1시간거점역이름":"[]",
            "3km이내백화점수":0,
            "5km이내아울렛몰수":0,
            "1km이내대형먀트수":1,
            "500m이내은행수":0,
            "500m이내병원수":1,
            "5km이내대형병원수":1,
            "500m이내공원수":1,
            "3km이내혐오시설수":1,
            "초등학교학업성취도":89.99,
            "중학교학업성취도":60.1,
            "용적률":221,
            "건폐율":20,
            "Y":37.273691,
            "X":127.221091,
            "rank":22.0,
            "area_info":"33평(110.14), 33평(110.75), 33평(110.78), 45평(149.65), 45평(149.87), 60평(201.51), 61평(202.03)",
            "last_sales":"2021-12-11,48000.0,33평(110.14)",
            "rank_history":[
                [
                    "202202",
                    22
                ],
                [
                    "202201",
                    28
                ]
            ],
            "rank_gap":6
        },
        {
            "index":187,
            "아파트명":"행정타운늘푸른오스카빌1단지",
            "투자타입":"일반",
            "전용면적(m2)":"70.12",
            "전용면적(평)":"21평",
            "법정동주소":"경기도 용인시 처인구 삼가동 552",
            "도로명주소":"경기도 용인시 처인구 중부대로1158번길 12",
            "세대수":30,
            "입주년차":40,
            "용적률점수":"--",
            "건폐율점수":"--",
            "세대당주차수":30,
            "난방방식":30,
            "공급면적":"--",
            "전용률":"--",
            "욕실수":50,
            "현관타입":100,
            "주거총점":41.0,
            "지역구공급총점":0.0,
            "역세권":50,
            "30분내 이동가능 거점":0,
            "1시간내 이동가능 거점":30,
            "교통총점":31.0,
            "백화점":0,
            "아울렛몰":80,
            "대형마트":0,
            "은행":0,
            "병원":10,
            "종합병원":100,
            "공원":100,
            "혐오시설":0,
            "인프라총점":32.0,
            "초등학군":89.98,
            "중학군":42.12,
            "학군총점":51.692,
            "인구수":28.45,
            "인구증감":6.97,
            "인구총점":22.006,
            "일자리":11.95,
            "소득수준":69.62,
            "일자리총점":29.251,
            "가치 총점":36.4038,
            "매매실거래년":20211031.0,
            "매매실거래가":45000.0,
            "전세실거래년":20200311.0,
            "전세실거래가":14500.0,
            "전세가율":72.5,
            "장기전세가율평균":71.2,
            "전세가율거품지수":-1.3,
            "검색코드":101050,
            "세대수":315.0,
            "준공년월":"2004-12-10",
            "준공년차":19.0,
            "가까운역이름":"삼가",
            "가까운역거리":556.13,
            "역세권여부":"준역세권",
            "30분이내주요거점역":0,
            "30분거점역이름":"[]",
            "1시간이내주요거점역":3,
            "1시간거점역이름":"['강남', '수원시청', '수원']",
            "3km이내백화점수":0,
            "5km이내아울렛몰수":1,
            "1km이내대형먀트수":0,
            "500m이내은행수":1,
            "500m이내병원수":4,
            "5km이내대형병원수":2,
            "500m이내공원수":2,
            "3km이내혐오시설수":0,
            "초등학교학업성취도":89.98,
            "중학교학업성취도":69.2,
            "용적률":195,
            "건폐율":13,
            "Y":37.238707,
            "X":127.172673,
            "rank":23.0,
            "area_info":"21평(70.12), 34평(112.69)",
            "last_sales":"2021-10-31,45000.0,34평(112.69)",
            "rank_history":[
                [
                    "202202",
                    23
                ],
                [
                    "202201",
                    21
                ]
            ],
            "rank_gap":-2
        },
        {
            "index":45,
            "아파트명":"신우",
            "투자타입":"일반",
            "전용면적(m2)":"124.65",
            "전용면적(평)":"37평",
            "법정동주소":"경기도 용인시 처인구 김량장동 503-3",
            "도로명주소":"경기도 용인시 처인구 중부대로1388번길 12",
            "세대수":0,
            "입주년차":20,
            "용적률점수":"--",
            "건폐율점수":"--",
            "세대당주차수":60,
            "난방방식":30,
            "공급면적":"--",
            "전용률":"--",
            "욕실수":100,
            "현관타입":100,
            "주거총점":36.0,
            "지역구공급총점":0.0,
            "역세권":50,
            "30분내 이동가능 거점":0,
            "1시간내 이동가능 거점":20,
            "교통총점":29.0,
            "백화점":0,
            "아울렛몰":0,
            "대형마트":80,
            "은행":0,
            "병원":60,
            "종합병원":80,
            "공원":100,
            "혐오시설":0,
            "인프라총점":37.0,
            "초등학군":90.02,
            "중학군":42.12,
            "학군총점":51.7,
            "인구수":28.45,
            "인구증감":6.97,
            "인구총점":22.006,
            "일자리":11.95,
            "소득수준":69.62,
            "일자리총점":29.251,
            "가치 총점":36.205,
            "매매실거래년":20211101.0,
            "매매실거래가":39500.0,
            "전세실거래년":20211224.0,
            "전세실거래가":17000.0,
            "전세가율":43.04,
            "장기전세가율평균":71.2,
            "전세가율거품지수":28.16,
            "검색코드":8639,
            "세대수":176.0,
            "준공년월":"1999-10-29",
            "준공년차":24.0,
            "가까운역이름":"김량장",
            "가까운역거리":532.22,
            "역세권여부":"준역세권",
            "30분이내주요거점역":0,
            "30분거점역이름":"[]",
            "1시간이내주요거점역":2,
            "1시간거점역이름":"['수원시청', '수원']",
            "3km이내백화점수":0,
            "5km이내아울렛몰수":0,
            "1km이내대형먀트수":1,
            "500m이내은행수":1,
            "500m이내병원수":20,
            "5km이내대형병원수":1,
            "500m이내공원수":7,
            "3km이내혐오시설수":0,
            "초등학교학업성취도":90.02,
            "중학교학업성취도":69.2,
            "용적률":226,
            "건폐율":14,
            "Y":37.232552,
            "X":127.197612,
            "rank":24.0,
            "area_info":"37평(124.65)",
            "last_sales":"2021-11-01,39500.0,37평(124.65)",
            "rank_history":[
                [
                    "202202",
                    24
                ],
                [
                    "202201",
                    22
                ]
            ],
            "rank_gap":-2
        },
        {
            "index":230,
            "아파트명":"역북우남퍼스트빌2단지",
            "투자타입":"일반",
            "전용면적(m2)":"91.33",
            "전용면적(평)":"27평",
            "법정동주소":"경기도 용인시 처인구 역북동 787",
            "도로명주소":"경기도 용인시 처인구 낙은로 59",
            "세대수":50,
            "입주년차":80,
            "용적률점수":"--",
            "건폐율점수":"--",
            "세대당주차수":30,
            "난방방식":30,
            "공급면적":"--",
            "전용률":"--",
            "욕실수":100,
            "현관타입":100,
            "주거총점":61.0,
            "지역구공급총점":0.0,
            "역세권":50,
            "30분내 이동가능 거점":0,
            "1시간내 이동가능 거점":20,
            "교통총점":29.0,
            "백화점":0,
            "아울렛몰":0,
            "대형마트":0,
            "은행":0,
            "병원":0,
            "종합병원":80,
            "공원":100,
            "혐오시설":0,
            "인프라총점":19.0,
            "초등학군":90.02,
            "중학군":44.7,
            "학군총점":53.764,
            "인구수":28.45,
            "인구증감":6.97,
            "인구총점":22.006,
            "일자리":11.95,
            "소득수준":69.62,
            "일자리총점":29.251,
            "가치 총점":36.1146,
            "매매실거래년":"18000101",
            "매매실거래가":null,
            "전세실거래년":null,
            "전세실거래가":null,
            "전세가율":null,
            "장기전세가율평균":71.2,
            "전세가율거품지수":null,
            "검색코드":145475,
            "세대수":505.0,
            "준공년월":"2016-10-24",
            "준공년차":7.0,
            "가까운역이름":"김량장",
            "가까운역거리":573.71,
            "역세권여부":"준역세권",
            "30분이내주요거점역":0,
            "30분거점역이름":"[]",
            "1시간이내주요거점역":2,
            "1시간거점역이름":"['수원시청', '수원']",
            "3km이내백화점수":0,
            "5km이내아울렛몰수":0,
            "1km이내대형먀트수":0,
            "500m이내은행수":0,
            "500m이내병원수":1,
            "5km이내대형병원수":1,
            "500m이내공원수":5,
            "3km이내혐오시설수":0,
            "초등학교학업성취도":90.02,
            "중학교학업성취도":74.5,
            "용적률":174,
            "건폐율":17,
            "Y":37.241793,
            "X":127.195716,
            "rank":25.0,
            "area_info":"27평(91.33), 27평(92.04), 27평(92.42), 30평(99.19), 33평(110.73), 33평(111.5)",
            "last_sales":"1800-01-01,nan,27평(91.33)",
            "rank_history":[
                [
                    "202202",
                    25
                ],
                [
                    "202201",
                    23
                ]
            ],
            "rank_gap":-2
        },
        {
            "index":173,
            "아파트명":"용인행정타운두산위브1단지",
            "투자타입":"일반",
            "전용면적(m2)":"129.88",
            "전용면적(평)":"39평",
            "법정동주소":"경기도 용인시 처인구 삼가동 562",
            "도로명주소":"경기도 용인시 처인구 지삼로590번길 24",
            "세대수":0,
            "입주년차":60,
            "용적률점수":"--",
            "건폐율점수":"--",
            "세대당주차수":60,
            "난방방식":30,
            "공급면적":"--",
            "전용률":"--",
            "욕실수":100,
            "현관타입":100,
            "주거총점":44.0,
            "지역구공급총점":0.0,
            "역세권":50,
            "30분내 이동가능 거점":0,
            "1시간내 이동가능 거점":20,
            "교통총점":29.0,
            "백화점":0,
            "아울렛몰":80,
            "대형마트":0,
            "은행":0,
            "병원":0,
            "종합병원":100,
            "공원":100,
            "혐오시설":0,
            "인프라총점":31.0,
            "초등학군":89.98,
            "중학군":42.12,
            "학군총점":51.692,
            "인구수":28.45,
            "인구증감":6.97,
            "인구총점":22.006,
            "일자리":11.95,
            "소득수준":69.62,
            "일자리총점":29.251,
            "가치 총점":36.0038,
            "매매실거래년":20211225.0,
            "매매실거래가":56000.0,
            "전세실거래년":20211018.0,
            "전세실거래가":40000.0,
            "전세가율":71.43,
            "장기전세가율평균":71.2,
            "전세가율거품지수":-0.23,
            "검색코드":103429,
            "세대수":199.0,
            "준공년월":"2013-11-29",
            "준공년차":10.0,
            "가까운역이름":"삼가",
            "가까운역거리":504.44,
            "역세권여부":"준역세권",
            "30분이내주요거점역":0,
            "30분거점역이름":"[]",
            "1시간이내주요거점역":2,
            "1시간거점역이름":"['수원시청', '수원']",
            "3km이내백화점수":0,
            "5km이내아울렛몰수":1,
            "1km이내대형먀트수":0,
            "500m이내은행수":0,
            "500m이내병원수":0,
            "5km이내대형병원수":2,
            "500m이내공원수":4,
            "3km이내혐오시설수":0,
            "초등학교학업성취도":89.98,
            "중학교학업성취도":69.2,
            "용적률":149,
            "건폐율":14,
            "Y":37.238266,
            "X":127.165059,
            "rank":26.0,
            "area_info":"39평(129.88), 39평(129.35)",
            "last_sales":"2021-12-25,56000.0,39평(129.88)",
            "rank_history":[
                [
                    "202202",
                    26
                ],
                [
                    "202201",
                    24
                ]
            ],
            "rank_gap":-2
        },
        {
            "index":19,
            "아파트명":"용인고림지구2차양우내안애에듀퍼스트",
            "투자타입":"일반",
            "전용면적(m2)":"88.5",
            "전용면적(평)":"26평",
            "법정동주소":"경기도 용인시 처인구 고림동 1014",
            "도로명주소":"경기도 용인시 처인구 경안천로 196-1",
            "세대수":90,
            "입주년차":100,
            "용적률점수":"--",
            "건폐율점수":"--",
            "세대당주차수":30,
            "난방방식":30,
            "공급면적":"--",
            "전용률":"--",
            "욕실수":100,
            "현관타입":100,
            "주거총점":79.0,
            "지역구공급총점":0.0,
            "역세권":50,
            "30분내 이동가능 거점":0,
            "1시간내 이동가능 거점":0,
            "교통총점":25.0,
            "백화점":0,
            "아울렛몰":0,
            "대형마트":0,
            "은행":0,
            "병원":0,
            "종합병원":80,
            "공원":0,
            "혐오시설":-100,
            "인프라총점":14.0,
            "초등학군":90.01,
            "중학군":37.8,
            "학군총점":48.242,
            "인구수":28.45,
            "인구증감":6.97,
            "인구총점":22.006,
            "일자리":11.95,
            "소득수준":69.62,
            "일자리총점":29.251,
            "가치 총점":35.9863,
            "매매실거래년":20211118.0,
            "매매실거래가":61000.0,
            "전세실거래년":20211211.0,
            "전세실거래가":25200.0,
            "전세가율":49.7,
            "장기전세가율평균":71.2,
            "전세가율거품지수":21.5,
            "검색코드":115451,
            "세대수":1098.0,
            "준공년월":"2019-03-04",
            "준공년차":4.0,
            "가까운역이름":"고진",
            "가까운역거리":706.07,
            "역세권여부":"준역세권",
            "30분이내주요거점역":0,
            "30분거점역이름":"[]",
            "1시간이내주요거점역":0,
            "1시간거점역이름":"[]",
            "3km이내백화점수":0,
            "5km이내아울렛몰수":0,
            "1km이내대형먀트수":0,
            "500m이내은행수":0,
            "500m이내병원수":0,
            "5km이내대형병원수":1,
            "500m이내공원수":0,
            "3km이내혐오시설수":2,
            "초등학교학업성취도":90.01,
            "중학교학업성취도":63.0,
            "용적률":214,
            "건폐율":16,
            "Y":37.248956,
            "X":127.220325,
            "rank":27.0,
            "area_info":"26평(88.5), 31평(103.61), 31평(103.1), 35평(116.65), 35평(117.94)",
            "last_sales":"2021-11-18,61000.0,35평(117.94)",
            "rank_history":[
                [
                    "202202",
                    27
                ],
                [
                    "202201",
                    25
                ]
            ],
            "rank_gap":-2
        },
        {
            "index":344,
            "아파트명":"인정멜로디",
            "투자타입":"일반",
            "전용면적(m2)":"68.43",
            "전용면적(평)":"20평",
            "법정동주소":"경기도 용인시 처인구 포곡읍 둔전리 319",
            "도로명주소":"경기도 용인시 처인구 포곡로61번길 17",
            "세대수":80,
            "입주년차":0,
            "용적률점수":"--",
            "건폐율점수":"--",
            "세대당주차수":0,
            "난방방식":30,
            "공급면적":"--",
            "전용률":"--",
            "욕실수":50,
            "현관타입":10,
            "주거총점":37.0,
            "지역구공급총점":0.0,
            "역세권":80,
            "30분내 이동가능 거점":0,
            "1시간내 이동가능 거점":10,
            "교통총점":42.0,
            "백화점":0,
            "아울렛몰":0,
            "대형마트":0,
            "은행":0,
            "병원":30,
            "종합병원":80,
            "공원":0,
            "혐오시설":0,
            "인프라총점":19.0,
            "초등학군":89.99,
            "중학군":40.4,
            "학군총점":50.318,
            "인구수":28.45,
            "인구증감":6.97,
            "인구총점":22.006,
            "일자리":11.95,
            "소득수준":69.62,
            "일자리총점":29.251,
            "가치 총점":35.3477,
            "매매실거래년":20220111.0,
            "매매실거래가":19880.0,
            "전세실거래년":20211127.0,
            "전세실거래가":8400.0,
            "전세가율":42.25,
            "장기전세가율평균":71.2,
            "전세가율거품지수":28.95,
            "검색코드":9656,
            "세대수":831.0,
            "준공년월":"1998-07-14",
            "준공년차":25.0,
            "가까운역이름":"둔전",
            "가까운역거리":448.25,
            "역세권여부":"역세권",
            "30분이내주요거점역":0,
            "30분거점역이름":"[]",
            "1시간이내주요거점역":1,
            "1시간거점역이름":"['수원시청']",
            "3km이내백화점수":0,
            "5km이내아울렛몰수":0,
            "1km이내대형먀트수":0,
            "500m이내은행수":0,
            "500m이내병원수":8,
            "5km이내대형병원수":1,
            "500m이내공원수":0,
            "3km이내혐오시설수":0,
            "초등학교학업성취도":89.99,
            "중학교학업성취도":67.2,
            "용적률":245,
            "건폐율":17,
            "Y":37.270874,
            "X":127.212033,
            "rank":28.0,
            "area_info":"20평(68.43), 23평(77.97)",
            "last_sales":"2022-01-11,19880.0,20평(68.43)",
            "rank_history":[
                [
                    "202202",
                    28
                ],
                [
                    "202201",
                    26
                ]
            ],
            "rank_gap":-2
        },
        {
            "index":224,
            "아파트명":"역북우남퍼스트빌1단지",
            "투자타입":"일반",
            "전용면적(m2)":"91.58",
            "전용면적(평)":"27평",
            "법정동주소":"경기도 용인시 처인구 역북동 781",
            "도로명주소":"경기도 용인시 처인구 낙은로 60",
            "세대수":50,
            "입주년차":80,
            "용적률점수":"--",
            "건폐율점수":"--",
            "세대당주차수":30,
            "난방방식":30,
            "공급면적":"--",
            "전용률":"--",
            "욕실수":100,
            "현관타입":100,
            "주거총점":61.0,
            "지역구공급총점":0.0,
            "역세권":50,
            "30분내 이동가능 거점":0,
            "1시간내 이동가능 거점":10,
            "교통총점":27.0,
            "백화점":0,
            "아울렛몰":0,
            "대형마트":0,
            "은행":0,
            "병원":0,
            "종합병원":80,
            "공원":80,
            "혐오시설":0,
            "인프라총점":18.4,
            "초등학군":89.99,
            "중학군":44.7,
            "학군총점":53.758,
            "인구수":28.45,
            "인구증감":6.97,
            "인구총점":22.006,
            "일자리":11.95,
            "소득수준":69.62,
            "일자리총점":29.251,
            "가치 총점":35.2337,
            "매매실거래년":"18000101",
            "매매실거래가":null,
            "전세실거래년":null,
            "전세실거래가":null,
            "전세가율":null,
            "장기전세가율평균":71.2,
            "전세가율거품지수":null,
            "검색코드":145472,
            "세대수":409.0,
            "준공년월":"2016-10-24",
            "준공년차":7.0,
            "가까운역이름":"김량장",
            "가까운역거리":673.24,
            "역세권여부":"준역세권",
            "30분이내주요거점역":0,
            "30분거점역이름":"[]",
            "1시간이내주요거점역":1,
            "1시간거점역이름":"['수원시청']",
            "3km이내백화점수":0,
            "5km이내아울렛몰수":0,
            "1km이내대형먀트수":0,
            "500m이내은행수":0,
            "500m이내병원수":1,
            "5km이내대형병원수":1,
            "500m이내공원수":1,
            "3km이내혐오시설수":0,
            "초등학교학업성취도":89.99,
            "중학교학업성취도":74.5,
            "용적률":137,
            "건폐율":13,
            "Y":37.243138,
            "X":127.197025,
            "rank":29.0,
            "area_info":"27평(91.58), 27평(92.29), 28평(92.68), 29평(98.43), 33평(111.33), 33평(112.09)",
            "last_sales":"1800-01-01,nan,27평(91.58)",
            "rank_history":[
                [
                    "202202",
                    29
                ],
                [
                    "202201",
                    27
                ]
            ],
            "rank_gap":-2
        },
        {
            "index":333,
            "아파트명":"신원2차",
            "투자타입":"일반",
            "전용면적(m2)":"80.9",
            "전용면적(평)":"24평",
            "법정동주소":"경기도 용인시 처인구 포곡읍 둔전리 147",
            "도로명주소":"경기도 용인시 처인구 포곡로 98-1",
            "세대수":0,
            "입주년차":20,
            "용적률점수":"--",
            "건폐율점수":"--",
            "세대당주차수":0,
            "난방방식":30,
            "공급면적":"--",
            "전용률":"--",
            "욕실수":50,
            "현관타입":100,
            "주거총점":22.0,
            "지역구공급총점":0.0,
            "역세권":80,
            "30분내 이동가능 거점":0,
            "1시간내 이동가능 거점":10,
            "교통총점":42.0,
            "백화점":0,
            "아울렛몰":0,
            "대형마트":0,
            "은행":0,
            "병원":60,
            "종합병원":80,
            "공원":80,
            "혐오시설":0,
            "인프라총점":24.4,
            "초등학군":89.99,
            "중학군":40.4,
            "학군총점":50.318,
            "인구수":28.45,
            "인구증감":6.97,
            "인구총점":22.006,
            "일자리":11.95,
            "소득수준":69.62,
            "일자리총점":29.251,
            "가치 총점":33.9677,
            "매매실거래년":20211002.0,
            "매매실거래가":32000.0,
            "전세실거래년":20220115.0,
            "전세실거래가":27000.0,
            "전세가율":84.38,
            "장기전세가율평균":71.2,
            "전세가율거품지수":-13.18,
            "검색코드":9863,
            "세대수":296.0,
            "준공년월":"1999-12-20",
            "준공년차":24.0,
            "가까운역이름":"둔전",
            "가까운역거리":351.06,
            "역세권여부":"역세권",
            "30분이내주요거점역":0,
            "30분거점역이름":"[]",
            "1시간이내주요거점역":1,
            "1시간거점역이름":"['수원시청']",
            "3km이내백화점수":0,
            "5km이내아울렛몰수":0,
            "1km이내대형먀트수":0,
            "500m이내은행수":0,
            "500m이내병원수":16,
            "5km이내대형병원수":1,
            "500m이내공원수":1,
            "3km이내혐오시설수":0,
            "초등학교학업성취도":89.99,
            "중학교학업성취도":67.2,
            "용적률":202,
            "건폐율":14,
            "Y":37.26742,
            "X":127.21758,
            "rank":30.0,
            "area_info":"24평(80.9), 24평(80.92), 32평(109.0), 33평(109.36)",
            "last_sales":"2021-10-02,32000.0,24평(80.9)",
            "rank_history":[
                [
                    "202202",
                    30
                ],
                [
                    "202201",
                    30
                ]
            ],
            "rank_gap":0
        },
        {
            "index":258,
            "아파트명":"인정프린스1차",
            "투자타입":"일반",
            "전용면적(m2)":"71.34",
            "전용면적(평)":"21평",
            "법정동주소":"경기도 용인시 처인구 유방동 1007-1",
            "도로명주소":"경기도 용인시 처인구 금어로 6",
            "세대수":30,
            "입주년차":0,
            "용적률점수":"--",
            "건폐율점수":"--",
            "세대당주차수":0,
            "난방방식":30,
            "공급면적":"--",
            "전용률":"--",
            "욕실수":50,
            "현관타입":10,
            "주거총점":19.5,
            "지역구공급총점":0.0,
            "역세권":80,
            "30분내 이동가능 거점":0,
            "1시간내 이동가능 거점":20,
            "교통총점":44.0,
            "백화점":0,
            "아울렛몰":0,
            "대형마트":0,
            "은행":0,
            "병원":60,
            "종합병원":80,
            "공원":80,
            "혐오시설":-100,
            "인프라총점":22.4,
            "초등학군":89.99,
            "중학군":40.4,
            "학군총점":50.318,
            "인구수":28.45,
            "인구증감":6.97,
            "인구총점":22.006,
            "일자리":11.95,
            "소득수준":69.62,
            "일자리총점":29.251,
            "가치 총점":33.5677,
            "매매실거래년":20220106.0,
            "매매실거래가":20200.0,
            "전세실거래년":20220106.0,
            "전세실거래가":16000.0,
            "전세가율":79.21,
            "장기전세가율평균":71.2,
            "전세가율거품지수":-8.01,
            "검색코드":2226,
            "세대수":375.0,
            "준공년월":"1994-04-22",
            "준공년차":29.0,
            "가까운역이름":"둔전",
            "가까운역거리":313.17,
            "역세권여부":"역세권",
            "30분이내주요거점역":0,
            "30분거점역이름":"[]",
            "1시간이내주요거점역":2,
            "1시간거점역이름":"['수원시청', '수원']",
            "3km이내백화점수":0,
            "5km이내아울렛몰수":0,
            "1km이내대형먀트수":0,
            "500m이내은행수":0,
            "500m이내병원수":10,
            "5km이내대형병원수":1,
            "500m이내공원수":1,
            "3km이내혐오시설수":2,
            "초등학교학업성취도":89.99,
            "중학교학업성취도":67.2,
            "용적률":271,
            "건폐율":20,
            "Y":37.265171,
            "X":127.216275,
            "rank":31.0,
            "area_info":"21평(71.34), 23평(77.08)",
            "last_sales":"2022-01-06,20200.0,21평(71.34)",
            "rank_history":[
                [
                    "202202",
                    31
                ],
                [
                    "202201",
                    32
                ]
            ],
            "rank_gap":1
        },
        {
            "index":262,
            "아파트명":"인정프린스3차",
            "투자타입":"일반",
            "전용면적(m2)":"78.54",
            "전용면적(평)":"23평",
            "법정동주소":"경기도 용인시 처인구 유방동 1007-51",
            "도로명주소":"경기도 용인시 처인구 경안천로 368",
            "세대수":30,
            "입주년차":0,
            "용적률점수":"--",
            "건폐율점수":"--",
            "세대당주차수":0,
            "난방방식":30,
            "공급면적":"--",
            "전용률":"--",
            "욕실수":50,
            "현관타입":100,
            "주거총점":28.5,
            "지역구공급총점":0.0,
            "역세권":80,
            "30분내 이동가능 거점":0,
            "1시간내 이동가능 거점":10,
            "교통총점":42.0,
            "백화점":0,
            "아울렛몰":0,
            "대형마트":0,
            "은행":0,
            "병원":10,
            "종합병원":80,
            "공원":80,
            "혐오시설":-100,
            "인프라총점":17.4,
            "초등학군":89.99,
            "중학군":40.4,
            "학군총점":50.318,
            "인구수":28.45,
            "인구증감":6.97,
            "인구총점":22.006,
            "일자리":11.95,
            "소득수준":69.62,
            "일자리총점":29.251,
            "가치 총점":33.1677,
            "매매실거래년":20211127.0,
            "매매실거래가":22500.0,
            "전세실거래년":20211226.0,
            "전세실거래가":20000.0,
            "전세가율":88.89,
            "장기전세가율평균":71.2,
            "전세가율거품지수":-17.69,
            "검색코드":2228,
            "세대수":380.0,
            "준공년월":"1996-06-08",
            "준공년차":27.0,
            "가까운역이름":"둔전",
            "가까운역거리":449.1,
            "역세권여부":"역세권",
            "30분이내주요거점역":0,
            "30분거점역이름":"[]",
            "1시간이내주요거점역":1,
            "1시간거점역이름":"['수원시청']",
            "3km이내백화점수":0,
            "5km이내아울렛몰수":0,
            "1km이내대형먀트수":0,
            "500m이내은행수":0,
            "500m이내병원수":3,
            "5km이내대형병원수":1,
            "500m이내공원수":1,
            "3km이내혐오시설수":2,
            "초등학교학업성취도":89.99,
            "중학교학업성취도":67.2,
            "용적률":259,
            "건폐율":39,
            "Y":37.264022,
            "X":127.216997,
            "rank":32.0,
            "area_info":"23평(78.54)",
            "last_sales":"2021-11-27,22500.0,23평(78.54)",
            "rank_history":[
                [
                    "202202",
                    32
                ],
                [
                    "202201",
                    31
                ]
            ],
            "rank_gap":-1
        },
        {
            "index":260,
            "아파트명":"인정프린스2차",
            "투자타입":"일반",
            "전용면적(m2)":"75.79",
            "전용면적(평)":"22평",
            "법정동주소":"경기도 용인시 처인구 유방동 1007-50",
            "도로명주소":"경기도 용인시 처인구 경안천로 378",
            "세대수":30,
            "입주년차":0,
            "용적률점수":"--",
            "건폐율점수":"--",
            "세대당주차수":0,
            "난방방식":30,
            "공급면적":"--",
            "전용률":"--",
            "욕실수":50,
            "현관타입":100,
            "주거총점":28.5,
            "지역구공급총점":0.0,
            "역세권":80,
            "30분내 이동가능 거점":0,
            "1시간내 이동가능 거점":10,
            "교통총점":42.0,
            "백화점":0,
            "아울렛몰":0,
            "대형마트":0,
            "은행":0,
            "병원":10,
            "종합병원":80,
            "공원":80,
            "혐오시설":-100,
            "인프라총점":17.4,
            "초등학군":89.99,
            "중학군":40.4,
            "학군총점":50.318,
            "인구수":28.45,
            "인구증감":6.97,
            "인구총점":22.006,
            "일자리":11.95,
            "소득수준":69.62,
            "일자리총점":29.251,
            "가치 총점":33.1677,
            "매매실거래년":20211218.0,
            "매매실거래가":25000.0,
            "전세실거래년":20211218.0,
            "전세실거래가":21000.0,
            "전세가율":84.0,
            "장기전세가율평균":71.2,
            "전세가율거품지수":-12.8,
            "검색코드":2227,
            "세대수":330.0,
            "준공년월":"1995-06-02",
            "준공년차":28.0,
            "가까운역이름":"둔전",
            "가까운역거리":396.27,
            "역세권여부":"역세권",
            "30분이내주요거점역":0,
            "30분거점역이름":"[]",
            "1시간이내주요거점역":1,
            "1시간거점역이름":"['수원시청']",
            "3km이내백화점수":0,
            "5km이내아울렛몰수":0,
            "1km이내대형먀트수":0,
            "500m이내은행수":0,
            "500m이내병원수":4,
            "5km이내대형병원수":1,
            "500m이내공원수":1,
            "3km이내혐오시설수":2,
            "초등학교학업성취도":89.99,
            "중학교학업성취도":67.2,
            "용적률":289,
            "건폐율":15,
            "Y":37.264526,
            "X":127.2168,
            "rank":32.0,
            "area_info":"22평(75.79), 32평(108.29)",
            "last_sales":"2021-12-18,25000.0,22평(75.79)",
            "rank_history":[
                [
                    "202202",
                    32
                ],
                [
                    "202201",
                    31
                ]
            ],
            "rank_gap":-1
        },
        {
            "index":50,
            "아파트명":"용인웰메이드시티337(도시형)",
            "투자타입":"일반",
            "전용면적(m2)":"29.68",
            "전용면적(평)":"8평",
            "법정동주소":"경기도 용인시 처인구 김량장동 84-3",
            "도로명주소":"경기도 용인시 처인구 금령로106번길 14-8",
            "세대수":0,
            "입주년차":80,
            "용적률점수":"--",
            "건폐율점수":"--",
            "세대당주차수":0,
            "난방방식":30,
            "공급면적":"--",
            "전용률":"--",
            "욕실수":50,
            "현관타입":10,
            "주거총점":25.0,
            "지역구공급총점":0.0,
            "역세권":50,
            "30분내 이동가능 거점":0,
            "1시간내 이동가능 거점":0,
            "교통총점":25.0,
            "백화점":0,
            "아울렛몰":0,
            "대형마트":0,
            "은행":100,
            "병원":100,
            "종합병원":80,
            "공원":100,
            "혐오시설":0,
            "인프라총점":39.0,
            "초등학군":89.99,
            "중학군":37.94,
            "학군총점":48.35,
            "인구수":28.45,
            "인구증감":6.97,
            "인구총점":22.006,
            "일자리":11.95,
            "소득수준":69.62,
            "일자리총점":29.251,
            "가치 총점":32.7025,
            "매매실거래년":20211229.0,
            "매매실거래가":14000.0,
            "전세실거래년":20181212.0,
            "전세실거래가":8500.0,
            "전세가율":82.13,
            "장기전세가율평균":71.2,
            "전세가율거품지수":-10.93,
            "검색코드":113491,
            "세대수":299.0,
            "준공년월":"2018-09-14",
            "준공년차":5.0,
            "가까운역이름":"김량장",
            "가까운역거리":801.67,
            "역세권여부":"준역세권",
            "30분이내주요거점역":0,
            "30분거점역이름":"[]",
            "1시간이내주요거점역":0,
            "1시간거점역이름":"[]",
            "3km이내백화점수":0,
            "5km이내아울렛몰수":0,
            "1km이내대형먀트수":0,
            "500m이내은행수":6,
            "500m이내병원수":77,
            "5km이내대형병원수":1,
            "500m이내공원수":3,
            "3km이내혐오시설수":0,
            "초등학교학업성취도":89.99,
            "중학교학업성취도":61.5,
            "용적률":649,
            "건폐율":50,
            "Y":37.234657,
            "X":127.207232,
            "rank":33.0,
            "area_info":"8평(29.68), 9평(30.7), 10평(33.95), 10평(34.81), 10평(35.12), 18평(60.16), 18평(61.26)",
            "last_sales":"2021-12-29,14000.0,10평(34.81)",
            "rank_history":[
                [
                    "202202",
                    0
                ],
                [
                    "202201",
                    9999
                ]
            ],
            "rank_gap":9999
        },
        {
            "index":189,
            "아파트명":"행정타운늘푸른오스카빌2단지",
            "투자타입":"일반",
            "전용면적(m2)":"71.33",
            "전용면적(평)":"21평",
            "법정동주소":"경기도 용인시 처인구 삼가동 551",
            "도로명주소":"경기도 용인시 처인구 중부대로1158번길 12",
            "세대수":0,
            "입주년차":40,
            "용적률점수":"--",
            "건폐율점수":"--",
            "세대당주차수":30,
            "난방방식":30,
            "공급면적":"--",
            "전용률":"--",
            "욕실수":50,
            "현관타입":100,
            "주거총점":30.5,
            "지역구공급총점":0.0,
            "역세권":50,
            "30분내 이동가능 거점":0,
            "1시간내 이동가능 거점":0,
            "교통총점":25.0,
            "백화점":0,
            "아울렛몰":80,
            "대형마트":0,
            "은행":0,
            "병원":10,
            "종합병원":100,
            "공원":100,
            "혐오시설":0,
            "인프라총점":32.0,
            "초등학군":89.98,
            "중학군":42.12,
            "학군총점":51.692,
            "인구수":28.45,
            "인구증감":6.97,
            "인구총점":22.006,
            "일자리":11.95,
            "소득수준":69.62,
            "일자리총점":29.251,
            "가치 총점":32.2038,
            "매매실거래년":20211016.0,
            "매매실거래가":24000.0,
            "전세실거래년":20211218.0,
            "전세실거래가":22000.0,
            "전세가율":91.67,
            "장기전세가율평균":71.2,
            "전세가율거품지수":-20.47,
            "검색코드":10232,
            "세대수":186.0,
            "준공년월":"2004-12-10",
            "준공년차":19.0,
            "가까운역이름":"삼가",
            "가까운역거리":575.84,
            "역세권여부":"준역세권",
            "30분이내주요거점역":0,
            "30분거점역이름":"[]",
            "1시간이내주요거점역":0,
            "1시간거점역이름":"[]",
            "3km이내백화점수":0,
            "5km이내아울렛몰수":1,
            "1km이내대형먀트수":0,
            "500m이내은행수":0,
            "500m이내병원수":4,
            "5km이내대형병원수":2,
            "500m이내공원수":2,
            "3km이내혐오시설수":0,
            "초등학교학업성취도":89.98,
            "중학교학업성취도":69.2,
            "용적률":198,
            "건폐율":13,
            "Y":37.237798,
            "X":127.171668,
            "rank":34.0,
            "area_info":"21평(71.33), 31평(102.55), 34평(112.64)",
            "last_sales":"2021-10-16,24000.0,21평(71.33)",
            "rank_history":[
                [
                    "202202",
                    34
                ],
                [
                    "202201",
                    29
                ]
            ],
            "rank_gap":-5
        },
        {
            "index":211,
            "아파트명":"골드클래스",
            "투자타입":"일반",
            "전용면적(m2)":"80.4",
            "전용면적(평)":"24평",
            "법정동주소":"경기도 용인시 처인구 역북동 808",
            "도로명주소":"경기도 용인시 처인구 명지로40번길 35-29",
            "세대수":50,
            "입주년차":80,
            "용적률점수":"--",
            "건폐율점수":"--",
            "세대당주차수":30,
            "난방방식":30,
            "공급면적":"--",
            "전용률":"--",
            "욕실수":100,
            "현관타입":100,
            "주거총점":61.0,
            "지역구공급총점":0.0,
            "역세권":0,
            "30분내 이동가능 거점":0,
            "1시간내 이동가능 거점":10,
            "교통총점":2.0,
            "백화점":0,
            "아울렛몰":0,
            "대형마트":80,
            "은행":0,
            "병원":60,
            "종합병원":80,
            "공원":0,
            "혐오시설":0,
            "인프라총점":34.0,
            "초등학군":89.98,
            "중학군":42.12,
            "학군총점":51.692,
            "인구수":28.45,
            "인구증감":6.97,
            "인구총점":22.006,
            "일자리":11.95,
            "소득수준":69.62,
            "일자리총점":29.251,
            "가치 총점":30.8538,
            "매매실거래년":20211012.0,
            "매매실거래가":61000.0,
            "전세실거래년":20211230.0,
            "전세실거래가":26000.0,
            "전세가율":50.98,
            "장기전세가율평균":71.2,
            "전세가율거품지수":20.22,
            "검색코드":110119,
            "세대수":623.0,
            "준공년월":"2017-09-01",
            "준공년차":6.0,
            "가까운역이름":"명지대",
            "가까운역거리":1012.26,
            "역세권여부":"비역세권",
            "30분이내주요거점역":0,
            "30분거점역이름":"[]",
            "1시간이내주요거점역":1,
            "1시간거점역이름":"['수원시청']",
            "3km이내백화점수":0,
            "5km이내아울렛몰수":0,
            "1km이내대형먀트수":1,
            "500m이내은행수":0,
            "500m이내병원수":17,
            "5km이내대형병원수":1,
            "500m이내공원수":0,
            "3km이내혐오시설수":0,
            "초등학교학업성취도":89.98,
            "중학교학업성취도":69.2,
            "용적률":229,
            "건폐율":14,
            "Y":37.230138,
            "X":127.184453,
            "rank":35.0,
            "area_info":"24평(80.4), 24평(80.46), 24평(80.16), 33평(110.32), 33평(110.64)",
            "last_sales":"2021-10-12,61000.0,33평(110.64)",
            "rank_history":[
                [
                    "202202",
                    35
                ],
                [
                    "202201",
                    33
                ]
            ],
            "rank_gap":-2
        },
        {
            "index":0,
            "아파트명":"금평마을영화",
            "투자타입":"일반",
            "전용면적(m2)":"107.61",
            "전용면적(평)":"32평",
            "법정동주소":"경기도 용인시 처인구 고림동 1000",
            "도로명주소":"경기도 용인시 처인구 금어로 102",
            "세대수":50,
            "입주년차":20,
            "용적률점수":"--",
            "건폐율점수":"--",
            "세대당주차수":30,
            "난방방식":30,
            "공급면적":"--",
            "전용률":"--",
            "욕실수":100,
            "현관타입":100,
            "주거총점":49.0,
            "지역구공급총점":0.0,
            "역세권":50,
            "30분내 이동가능 거점":0,
            "1시간내 이동가능 거점":0,
            "교통총점":25.0,
            "백화점":0,
            "아울렛몰":0,
            "대형마트":0,
            "은행":0,
            "병원":0,
            "종합병원":80,
            "공원":0,
            "혐오시설":0,
            "인프라총점":16.0,
            "초등학군":89.99,
            "중학군":36.06,
            "학군총점":46.846,
            "인구수":28.45,
            "인구증감":6.97,
            "인구총점":22.006,
            "일자리":11.95,
            "소득수준":69.62,
            "일자리총점":29.251,
            "가치 총점":30.3769,
            "매매실거래년":20220125.0,
            "매매실거래가":30900.0,
            "전세실거래년":20211215.0,
            "전세실거래가":16800.0,
            "전세가율":54.37,
            "장기전세가율평균":71.2,
            "전세가율거품지수":16.83,
            "검색코드":10381,
            "세대수":428.0,
            "준공년월":"2003-12-23",
            "준공년차":20.0,
            "가까운역이름":"보평",
            "가까운역거리":975.4,
            "역세권여부":"준역세권",
            "30분이내주요거점역":0,
            "30분거점역이름":"[]",
            "1시간이내주요거점역":0,
            "1시간거점역이름":"[]",
            "3km이내백화점수":0,
            "5km이내아울렛몰수":0,
            "1km이내대형먀트수":0,
            "500m이내은행수":0,
            "500m이내병원수":0,
            "5km이내대형병원수":1,
            "500m이내공원수":0,
            "3km이내혐오시설수":0,
            "초등학교학업성취도":89.99,
            "중학교학업성취도":60.1,
            "용적률":236,
            "건폐율":56,
            "Y":37.26554,
            "X":127.225753,
            "rank":36.0,
            "area_info":"32평(107.61), 38평(126.71), 41평(138.63)",
            "last_sales":"2022-01-25,30900.0,32평(107.61)",
            "rank_history":[
                [
                    "202202",
                    36
                ],
                [
                    "202201",
                    34
                ]
            ],
            "rank_gap":-2
        },
        {
            "index":10,
            "아파트명":"영화I-nix",
            "투자타입":"일반",
            "전용면적(m2)":"84.67",
            "전용면적(평)":"25평",
            "법정동주소":"경기도 용인시 처인구 고림동 996",
            "도로명주소":"경기도 용인시 처인구 경안천로256번길 47-16",
            "세대수":50,
            "입주년차":20,
            "용적률점수":"--",
            "건폐율점수":"--",
            "세대당주차수":30,
            "난방방식":30,
            "공급면적":"--",
            "전용률":"--",
            "욕실수":100,
            "현관타입":100,
            "주거총점":49.0,
            "지역구공급총점":0.0,
            "역세권":50,
            "30분내 이동가능 거점":0,
            "1시간내 이동가능 거점":0,
            "교통총점":25.0,
            "백화점":0,
            "아울렛몰":0,
            "대형마트":0,
            "은행":0,
            "병원":10,
            "종합병원":80,
            "공원":0,
            "혐오시설":-100,
            "인프라총점":15.0,
            "초등학군":90.01,
            "중학군":37.8,
            "학군총점":48.242,
            "인구수":28.45,
            "인구증감":6.97,
            "인구총점":22.006,
            "일자리":11.95,
            "소득수준":69.62,
            "일자리총점":29.251,
            "가치 총점":30.2863,
            "매매실거래년":20211216.0,
            "매매실거래가":30800.0,
            "전세실거래년":20211016.0,
            "전세실거래가":18000.0,
            "전세가율":76.27,
            "장기전세가율평균":71.2,
            "전세가율거품지수":-5.07,
            "검색코드":17217,
            "세대수":513.0,
            "준공년월":"2002-06-26",
            "준공년차":21.0,
            "가까운역이름":"보평",
            "가까운역거리":975.47,
            "역세권여부":"준역세권",
            "30분이내주요거점역":0,
            "30분거점역이름":"[]",
            "1시간이내주요거점역":0,
            "1시간거점역이름":"[]",
            "3km이내백화점수":0,
            "5km이내아울렛몰수":0,
            "1km이내대형먀트수":0,
            "500m이내은행수":0,
            "500m이내병원수":2,
            "5km이내대형병원수":1,
            "500m이내공원수":0,
            "3km이내혐오시설수":2,
            "초등학교학업성취도":90.01,
            "중학교학업성취도":63.0,
            "용적률":198,
            "건폐율":12,
            "Y":37.252847,
            "X":127.226356,
            "rank":37.0,
            "area_info":"25평(84.67), 31평(103.46), 33평(111.33)",
            "last_sales":"2021-12-16,30800.0,33평(111.33)",
            "rank_history":[
                [
                    "202202",
                    37
                ],
                [
                    "202201",
                    35
                ]
            ],
            "rank_gap":-2
        },
        {
            "index":3,
            "아파트명":"보평마을삼정그린뷰",
            "투자타입":"일반",
            "전용면적(m2)":"97.01",
            "전용면적(평)":"29평",
            "법정동주소":"경기도 용인시 처인구 고림동 1001",
            "도로명주소":"경기도 용인시 처인구 금어로 74",
            "세대수":30,
            "입주년차":40,
            "용적률점수":"--",
            "건폐율점수":"--",
            "세대당주차수":30,
            "난방방식":30,
            "공급면적":"--",
            "전용률":"--",
            "욕실수":100,
            "현관타입":100,
            "주거총점":46.0,
            "지역구공급총점":0.0,
            "역세권":50,
            "30분내 이동가능 거점":0,
            "1시간내 이동가능 거점":0,
            "교통총점":25.0,
            "백화점":0,
            "아울렛몰":0,
            "대형마트":0,
            "은행":0,
            "병원":0,
            "종합병원":80,
            "공원":0,
            "혐오시설":-100,
            "인프라총점":14.0,
            "초등학군":89.99,
            "중학군":40.4,
            "학군총점":50.318,
            "인구수":28.45,
            "인구증감":6.97,
            "인구총점":22.006,
            "일자리":11.95,
            "소득수준":69.62,
            "일자리총점":29.251,
            "가치 총점":29.6977,
            "매매실거래년":20210917.0,
            "매매실거래가":29500.0,
            "전세실거래년":null,
            "전세실거래가":null,
            "전세가율":null,
            "장기전세가율평균":71.2,
            "전세가율거품지수":null,
            "검색코드":10201,
            "세대수":360.0,
            "준공년월":"2004-04-30",
            "준공년차":19.0,
            "가까운역이름":"보평",
            "가까운역거리":791.77,
            "역세권여부":"준역세권",
            "30분이내주요거점역":0,
            "30분거점역이름":"[]",
            "1시간이내주요거점역":0,
            "1시간거점역이름":"[]",
            "3km이내백화점수":0,
            "5km이내아울렛몰수":0,
            "1km이내대형먀트수":0,
            "500m이내은행수":0,
            "500m이내병원수":0,
            "5km이내대형병원수":1,
            "500m이내공원수":0,
            "3km이내혐오시설수":2,
            "초등학교학업성취도":89.99,
            "중학교학업성취도":67.2,
            "용적률":191,
            "건폐율":18,
            "Y":37.265169,
            "X":127.222848,
            "rank":38.0,
            "area_info":"29평(97.01), 29평(98.53), 32평(107.24)",
            "last_sales":"2021-09-17,29500.0,32평(107.24)",
            "rank_history":[
                [
                    "202202",
                    38
                ],
                [
                    "202201",
                    36
                ]
            ],
            "rank_gap":-2
        },
        {
            "index":271,
            "아파트명":"샘골마을풍성신미주1단지",
            "투자타입":"일반",
            "전용면적(m2)":"107.52",
            "전용면적(평)":"32평",
            "법정동주소":"경기도 용인시 처인구 이동읍 1119",
            "도로명주소":"경기도 용인시 처인구 백옥대로621번길 11",
            "세대수":80,
            "입주년차":40,
            "용적률점수":"--",
            "건폐율점수":"--",
            "세대당주차수":30,
            "난방방식":30,
            "공급면적":"--",
            "전용률":"--",
            "욕실수":100,
            "현관타입":100,
            "주거총점":63.5,
            "지역구공급총점":0.0,
            "역세권":0,
            "30분내 이동가능 거점":0,
            "1시간내 이동가능 거점":0,
            "교통총점":0.0,
            "백화점":0,
            "아울렛몰":0,
            "대형마트":80,
            "은행":0,
            "병원":30,
            "종합병원":80,
            "공원":0,
            "혐오시설":0,
            "인프라총점":31.0,
            "초등학군":89.99,
            "중학군":41.22,
            "학군총점":50.974,
            "인구수":28.45,
            "인구증감":6.97,
            "인구총점":22.006,
            "일자리":11.95,
            "소득수준":69.62,
            "일자리총점":29.251,
            "가치 총점":29.6461,
            "매매실거래년":20220127.0,
            "매매실거래가":28900.0,
            "전세실거래년":20220117.0,
            "전세실거래가":23000.0,
            "전세가율":79.58,
            "장기전세가율평균":71.2,
            "전세가율거품지수":-8.38,
            "검색코드":10941,
            "세대수":800.0,
            "준공년월":"2005-02-05",
            "준공년차":18.0,
            "가까운역이름":"김량장",
            "가까운역거리":4923.47,
            "역세권여부":"비역세권",
            "30분이내주요거점역":0,
            "30분거점역이름":"[]",
            "1시간이내주요거점역":0,
            "1시간거점역이름":"[]",
            "3km이내백화점수":0,
            "5km이내아울렛몰수":0,
            "1km이내대형먀트수":1,
            "500m이내은행수":0,
            "500m이내병원수":7,
            "5km이내대형병원수":1,
            "500m이내공원수":0,
            "3km이내혐오시설수":0,
            "초등학교학업성취도":89.99,
            "중학교학업성취도":67.5,
            "용적률":151,
            "건폐율":13,
            "Y":37.193153,
            "X":127.203841,
            "rank":39.0,
            "area_info":"32평(107.52)",
            "last_sales":"2022-01-27,28900.0,32평(107.52)",
            "rank_history":[
                [
                    "202202",
                    39
                ],
                [
                    "202201",
                    38
                ]
            ],
            "rank_gap":-1
        },
        {
            "index":305,
            "아파트명":"배머루마을인정베네치아빌리지",
            "투자타입":"일반",
            "전용면적(m2)":"82.71",
            "전용면적(평)":"25평",
            "법정동주소":"경기도 용인시 처인구 포곡읍 영문리 555",
            "도로명주소":"경기도 용인시 처인구 영문로 64",
            "세대수":30,
            "입주년차":20,
            "용적률점수":"--",
            "건폐율점수":"--",
            "세대당주차수":30,
            "난방방식":30,
            "공급면적":"--",
            "전용률":"--",
            "욕실수":100,
            "현관타입":100,
            "주거총점":42.0,
            "지역구공급총점":0.0,
            "역세권":50,
            "30분내 이동가능 거점":0,
            "1시간내 이동가능 거점":0,
            "교통총점":25.0,
            "백화점":0,
            "아울렛몰":0,
            "대형마트":0,
            "은행":0,
            "병원":0,
            "종합병원":80,
            "공원":0,
            "혐오시설":0,
            "인프라총점":16.0,
            "초등학군":89.99,
            "중학군":40.4,
            "학군총점":50.318,
            "인구수":28.45,
            "인구증감":6.97,
            "인구총점":22.006,
            "일자리":11.95,
            "소득수준":69.62,
            "일자리총점":29.251,
            "가치 총점":29.4977,
            "매매실거래년":20211112.0,
            "매매실거래가":34840.0,
            "전세실거래년":20210529.0,
            "전세실거래가":17000.0,
            "전세가율":85.0,
            "장기전세가율평균":71.2,
            "전세가율거품지수":-13.8,
            "검색코드":9850,
            "세대수":347.0,
            "준공년월":"2002-03-05",
            "준공년차":21.0,
            "가까운역이름":"둔전",
            "가까운역거리":663.66,
            "역세권여부":"준역세권",
            "30분이내주요거점역":0,
            "30분거점역이름":"[]",
            "1시간이내주요거점역":0,
            "1시간거점역이름":"[]",
            "3km이내백화점수":0,
            "5km이내아울렛몰수":0,
            "1km이내대형먀트수":0,
            "500m이내은행수":0,
            "500m이내병원수":0,
            "5km이내대형병원수":1,
            "500m이내공원수":0,
            "3km이내혐오시설수":0,
            "초등학교학업성취도":89.99,
            "중학교학업성취도":67.2,
            "용적률":197,
            "건폐율":17,
            "Y":37.272239,
            "X":127.209932,
            "rank":40.0,
            "area_info":"25평(82.71), 35평(117.61), 44평(148.17), 47평(158.14)",
            "last_sales":"2021-11-12,34840.0,47평(158.14)",
            "rank_history":[
                [
                    "202202",
                    40
                ],
                [
                    "202201",
                    37
                ]
            ],
            "rank_gap":-3
        },
        {
            "index":257,
            "아파트명":"성웅",
            "투자타입":"일반",
            "전용면적(m2)":"82.64",
            "전용면적(평)":"24평",
            "법정동주소":"경기도 용인시 처인구 유방동 181",
            "도로명주소":"경기도 용인시 처인구 영문로29번길 17",
            "세대수":0,
            "입주년차":0,
            "용적률점수":"--",
            "건폐율점수":"--",
            "세대당주차수":0,
            "난방방식":30,
            "공급면적":"--",
            "전용률":"--",
            "욕실수":100,
            "현관타입":100,
            "주거총점":23.0,
            "지역구공급총점":0.0,
            "역세권":50,
            "30분내 이동가능 거점":0,
            "1시간내 이동가능 거점":0,
            "교통총점":25.0,
            "백화점":0,
            "아울렛몰":0,
            "대형마트":0,
            "은행":0,
            "병원":0,
            "종합병원":80,
            "공원":0,
            "혐오시설":0,
            "인프라총점":16.0,
            "초등학군":89.99,
            "중학군":40.4,
            "학군총점":50.318,
            "인구수":28.45,
            "인구증감":6.97,
            "인구총점":22.006,
            "일자리":11.95,
            "소득수준":69.62,
            "일자리총점":29.251,
            "가치 총점":25.6977,
            "매매실거래년":20211106.0,
            "매매실거래가":19000.0,
            "전세실거래년":20211213.0,
            "전세실거래가":15000.0,
            "전세가율":78.95,
            "장기전세가율평균":71.2,
            "전세가율거품지수":-7.75,
            "검색코드":9678,
            "세대수":271.0,
            "준공년월":"1998-05-15",
            "준공년차":25.0,
            "가까운역이름":"둔전",
            "가까운역거리":579.25,
            "역세권여부":"준역세권",
            "30분이내주요거점역":0,
            "30분거점역이름":"[]",
            "1시간이내주요거점역":0,
            "1시간거점역이름":"[]",
            "3km이내백화점수":0,
            "5km이내아울렛몰수":0,
            "1km이내대형먀트수":0,
            "500m이내은행수":0,
            "500m이내병원수":0,
            "5km이내대형병원수":1,
            "500m이내공원수":0,
            "3km이내혐오시설수":0,
            "초등학교학업성취도":89.99,
            "중학교학업성취도":67.2,
            "용적률":181,
            "건폐율":79,
            "Y":37.26739,
            "X":127.207108,
            "rank":41.0,
            "area_info":"24평(82.64)",
            "last_sales":"2021-11-06,19000.0,24평(82.64)",
            "rank_history":[
                [
                    "202202",
                    41
                ],
                [
                    "202201",
                    39
                ]
            ],
            "rank_gap":-2
        },
        {
            "index":309,
            "아파트명":"상부목련",
            "투자타입":"일반",
            "전용면적(m2)":"55.05",
            "전용면적(평)":"16평",
            "법정동주소":"경기도 용인시 처인구 포곡읍 둔전리 121",
            "도로명주소":"경기도 용인시 처인구 포곡로118번길 41",
            "세대수":0,
            "입주년차":0,
            "용적률점수":"--",
            "건폐율점수":"--",
            "세대당주차수":0,
            "난방방식":30,
            "공급면적":"--",
            "전용률":"--",
            "욕실수":50,
            "현관타입":100,
            "주거총점":18.0,
            "지역구공급총점":0.0,
            "역세권":50,
            "30분내 이동가능 거점":0,
            "1시간내 이동가능 거점":0,
            "교통총점":25.0,
            "백화점":0,
            "아울렛몰":0,
            "대형마트":0,
            "은행":0,
            "병원":30,
            "종합병원":80,
            "공원":0,
            "혐오시설":0,
            "인프라총점":19.0,
            "초등학군":89.99,
            "중학군":40.4,
            "학군총점":50.318,
            "인구수":28.45,
            "인구증감":6.97,
            "인구총점":22.006,
            "일자리":11.95,
            "소득수준":69.62,
            "일자리총점":29.251,
            "가치 총점":25.5977,
            "매매실거래년":20211007.0,
            "매매실거래가":11000.0,
            "전세실거래년":null,
            "전세실거래가":null,
            "전세가율":null,
            "장기전세가율평균":71.2,
            "전세가율거품지수":null,
            "검색코드":124067,
            "세대수":108.0,
            "준공년월":"1995-03-17",
            "준공년차":28.0,
            "가까운역이름":"둔전",
            "가까운역거리":801.25,
            "역세권여부":"준역세권",
            "30분이내주요거점역":0,
            "30분거점역이름":"[]",
            "1시간이내주요거점역":0,
            "1시간거점역이름":"[]",
            "3km이내백화점수":0,
            "5km이내아울렛몰수":0,
            "1km이내대형먀트수":0,
            "500m이내은행수":0,
            "500m이내병원수":9,
            "5km이내대형병원수":1,
            "500m이내공원수":0,
            "3km이내혐오시설수":0,
            "초등학교학업성취도":89.99,
            "중학교학업성취도":67.2,
            "용적률":0,
            "건폐율":0,
            "Y":37.268261,
            "X":127.222566,
            "rank":42.0,
            "area_info":"16평(55.05), 19평(63.62), 19평(63.41), 21평(69.6), 22평(75.84), 23평(78.92), 23평(78.51), 24평(79.56), 23평(79.32), 24평(79.83), 23평(79.14), 24평(80.43), 24평(80.04), 24평(81.24), 24평(82.29), 24평(82.44), 25평(84.4), 26평(86.64), 26평(87.89), 26평(88.47), 27평(91.58), 39평(128.97)",
            "last_sales":"2021-10-07,11000.0,27평(91.58)",
            "rank_history":[
                [
                    "202202",
                    42
                ],
                [
                    "202201",
                    40
                ]
            ],
            "rank_gap":-2
        },
        {
            "index":280,
            "아파트명":"에이스카운티",
            "투자타입":"일반",
            "전용면적(m2)":"85.73",
            "전용면적(평)":"25평",
            "법정동주소":"경기도 용인시 처인구 이동읍 천리 1142",
            "도로명주소":"경기도 용인시 처인구 백옥대로 737",
            "세대수":50,
            "입주년차":80,
            "용적률점수":"--",
            "건폐율점수":"--",
            "세대당주차수":30,
            "난방방식":30,
            "공급면적":"--",
            "전용률":"--",
            "욕실수":100,
            "현관타입":100,
            "주거총점":61.0,
            "지역구공급총점":0.0,
            "역세권":0,
            "30분내 이동가능 거점":0,
            "1시간내 이동가능 거점":0,
            "교통총점":0.0,
            "백화점":0,
            "아울렛몰":0,
            "대형마트":0,
            "은행":0,
            "병원":0,
            "종합병원":80,
            "공원":0,
            "혐오시설":0,
            "인프라총점":16.0,
            "초등학군":90.0,
            "중학군":41.22,
            "학군총점":50.976,
            "인구수":28.45,
            "인구증감":6.97,
            "인구총점":22.006,
            "일자리":11.95,
            "소득수준":69.62,
            "일자리총점":29.251,
            "가치 총점":24.6464,
            "매매실거래년":20211002.0,
            "매매실거래가":30000.0,
            "전세실거래년":20211115.0,
            "전세실거래가":20000.0,
            "전세가율":69.69,
            "장기전세가율평균":71.2,
            "전세가율거품지수":1.51,
            "검색코드":108475,
            "세대수":430.0,
            "준공년월":"2016-08-08",
            "준공년차":7.0,
            "가까운역이름":"김량장",
            "가까운역거리":4004.21,
            "역세권여부":"비역세권",
            "30분이내주요거점역":0,
            "30분거점역이름":"[]",
            "1시간이내주요거점역":0,
            "1시간거점역이름":"[]",
            "3km이내백화점수":0,
            "5km이내아울렛몰수":0,
            "1km이내대형먀트수":0,
            "500m이내은행수":0,
            "500m이내병원수":0,
            "5km이내대형병원수":1,
            "500m이내공원수":0,
            "3km이내혐오시설수":0,
            "초등학교학업성취도":90.0,
            "중학교학업성취도":67.5,
            "용적률":152,
            "건폐율":17,
            "Y":37.202088,
            "X":127.208558,
            "rank":43.0,
            "area_info":"25평(85.73), 29평(99.02), 33평(111.78), 33평(111.62), 33평(112.01)",
            "last_sales":"2021-10-02,30000.0,33평(111.78)",
            "rank_history":[
                [
                    "202202",
                    43
                ],
                [
                    "202201",
                    41
                ]
            ],
            "rank_gap":-2
        },
        {
            "index":62,
            "아파트명":"현대",
            "투자타입":"일반",
            "전용면적(m2)":"77.65",
            "전용면적(평)":"23평",
            "법정동주소":"경기도 용인시 처인구 김량장동 4-2",
            "도로명주소":"경기도 용인시 처인구 백옥대로1068번길 12",
            "세대수":80,
            "입주년차":0,
            "용적률점수":"--",
            "건폐율점수":"--",
            "세대당주차수":0,
            "난방방식":30,
            "공급면적":"--",
            "전용률":"--",
            "욕실수":50,
            "현관타입":100,
            "주거총점":46.0,
            "지역구공급총점":0.0,
            "역세권":0,
            "30분내 이동가능 거점":0,
            "1시간내 이동가능 거점":0,
            "교통총점":0.0,
            "백화점":0,
            "아울렛몰":0,
            "대형마트":0,
            "은행":0,
            "병원":60,
            "종합병원":80,
            "공원":100,
            "혐오시설":0,
            "인프라총점":25.0,
            "초등학군":90.0,
            "중학군":37.94,
            "학군총점":48.352,
            "인구수":28.45,
            "인구증감":6.97,
            "인구총점":22.006,
            "일자리":11.95,
            "소득수준":69.62,
            "일자리총점":29.251,
            "가치 총점":23.9528,
            "매매실거래년":20211124.0,
            "매매실거래가":31000.0,
            "전세실거래년":20220120.0,
            "전세실거래가":16000.0,
            "전세가율":55.17,
            "장기전세가율평균":71.2,
            "전세가율거품지수":16.03,
            "검색코드":2531,
            "세대수":755.0,
            "준공년월":"1995-12-14",
            "준공년차":28.0,
            "가까운역이름":"김량장",
            "가까운역거리":1354.29,
            "역세권여부":"비역세권",
            "30분이내주요거점역":0,
            "30분거점역이름":"[]",
            "1시간이내주요거점역":0,
            "1시간거점역이름":"[]",
            "3km이내백화점수":0,
            "5km이내아울렛몰수":0,
            "1km이내대형먀트수":0,
            "500m이내은행수":1,
            "500m이내병원수":10,
            "5km이내대형병원수":1,
            "500m이내공원수":2,
            "3km이내혐오시설수":0,
            "초등학교학업성취도":90.0,
            "중학교학업성취도":61.5,
            "용적률":295,
            "건폐율":21,
            "Y":37.230528,
            "X":127.21154,
            "rank":44.0,
            "area_info":"23평(77.65), 33평(109.21)",
            "last_sales":"2021-11-24,31000.0,33평(109.21)",
            "rank_history":[
                [
                    "202202",
                    44
                ],
                [
                    "202201",
                    44
                ]
            ],
            "rank_gap":0
        },
        {
            "index":46,
            "아파트명":"에스원스마트빌3차(도시형)",
            "투자타입":"일반",
            "전용면적(m2)":"23.79",
            "전용면적(평)":"7평",
            "법정동주소":"경기도 용인시 처인구 김량장동 63-9",
            "도로명주소":"경기도 용인시 처인구 백옥대로 1104",
            "세대수":0,
            "입주년차":80,
            "용적률점수":"--",
            "건폐율점수":"--",
            "세대당주차수":0,
            "난방방식":30,
            "공급면적":"--",
            "전용률":"--",
            "욕실수":50,
            "현관타입":10,
            "주거총점":25.0,
            "지역구공급총점":0.0,
            "역세권":0,
            "30분내 이동가능 거점":0,
            "1시간내 이동가능 거점":0,
            "교통총점":0.0,
            "백화점":0,
            "아울렛몰":0,
            "대형마트":0,
            "은행":100,
            "병원":100,
            "종합병원":80,
            "공원":100,
            "혐오시설":0,
            "인프라총점":39.0,
            "초등학군":90.0,
            "중학군":37.94,
            "학군총점":48.352,
            "인구수":28.45,
            "인구증감":6.97,
            "인구총점":22.006,
            "일자리":11.95,
            "소득수준":69.62,
            "일자리총점":29.251,
            "가치 총점":23.9528,
            "매매실거래년":20220105.0,
            "매매실거래가":5950.0,
            "전세실거래년":20201222.0,
            "전세실거래가":7000.0,
            "전세가율":117.65,
            "장기전세가율평균":71.2,
            "전세가율거품지수":-46.45,
            "검색코드":106057,
            "세대수":299.0,
            "준공년월":"2014-06-30",
            "준공년차":9.0,
            "가까운역이름":"김량장",
            "가까운역거리":1000.91,
            "역세권여부":"비역세권",
            "30분이내주요거점역":0,
            "30분거점역이름":"[]",
            "1시간이내주요거점역":0,
            "1시간거점역이름":"[]",
            "3km이내백화점수":0,
            "5km이내아울렛몰수":0,
            "1km이내대형먀트수":0,
            "500m이내은행수":5,
            "500m이내병원수":66,
            "5km이내대형병원수":1,
            "500m이내공원수":2,
            "3km이내혐오시설수":0,
            "초등학교학업성취도":90.0,
            "중학교학업성취도":61.5,
            "용적률":549,
            "건폐율":69,
            "Y":37.234146,
            "X":127.209395,
            "rank":45.0,
            "area_info":"7평(23.79), 7평(24.21)",
            "last_sales":"2022-01-05,5950.0,7평(23.79)",
            "rank_history":[
                [
                    "202202",
                    0
                ],
                [
                    "202201",
                    9999
                ]
            ],
            "rank_gap":9999
        },
        {
            "index":272,
            "아파트명":"샘골마을풍성신미주2단지",
            "투자타입":"일반",
            "전용면적(m2)":"80.25",
            "전용면적(평)":"24평",
            "법정동주소":"경기도 용인시 처인구 이동읍 천리 1124",
            "도로명주소":"경기도 용인시 처인구 백옥대로587번길 7",
            "세대수":0,
            "입주년차":40,
            "용적률점수":"--",
            "건폐율점수":"--",
            "세대당주차수":30,
            "난방방식":30,
            "공급면적":"--",
            "전용률":"--",
            "욕실수":100,
            "현관타입":100,
            "주거총점":35.5,
            "지역구공급총점":0.0,
            "역세권":0,
            "30분내 이동가능 거점":0,
            "1시간내 이동가능 거점":0,
            "교통총점":0.0,
            "백화점":0,
            "아울렛몰":0,
            "대형마트":80,
            "은행":0,
            "병원":30,
            "종합병원":80,
            "공원":0,
            "혐오시설":-50,
            "인프라총점":30.0,
            "초등학군":89.99,
            "중학군":41.22,
            "학군총점":50.974,
            "인구수":28.45,
            "인구증감":6.97,
            "인구총점":22.006,
            "일자리":11.95,
            "소득수준":69.62,
            "일자리총점":29.251,
            "가치 총점":23.7461,
            "매매실거래년":20220115.0,
            "매매실거래가":21700.0,
            "전세실거래년":20210520.0,
            "전세실거래가":17000.0,
            "전세가율":78.34,
            "장기전세가율평균":71.2,
            "전세가율거품지수":-7.14,
            "검색코드":100416,
            "세대수":234.0,
            "준공년월":"2005-02-05",
            "준공년차":18.0,
            "가까운역이름":"김량장",
            "가까운역거리":5361.85,
            "역세권여부":"비역세권",
            "30분이내주요거점역":0,
            "30분거점역이름":"[]",
            "1시간이내주요거점역":0,
            "1시간거점역이름":"[]",
            "3km이내백화점수":0,
            "5km이내아울렛몰수":0,
            "1km이내대형먀트수":1,
            "500m이내은행수":0,
            "500m이내병원수":7,
            "5km이내대형병원수":1,
            "500m이내공원수":0,
            "3km이내혐오시설수":1,
            "초등학교학업성취도":89.99,
            "중학교학업성취도":67.5,
            "용적률":150,
            "건폐율":16,
            "Y":37.189267,
            "X":127.204817,
            "rank":46.0,
            "area_info":"24평(80.25)",
            "last_sales":"2022-01-15,21700.0,24평(80.25)",
            "rank_history":[
                [
                    "202202",
                    46
                ],
                [
                    "202201",
                    43
                ]
            ],
            "rank_gap":-3
        },
        {
            "index":162,
            "아파트명":"푸른마을용인자이",
            "투자타입":"일반",
            "전용면적(m2)":"110.08",
            "전용면적(평)":"33평",
            "법정동주소":"경기도 용인시 처인구 마평동 957",
            "도로명주소":"경기도 용인시 처인구 금학로 520",
            "세대수":50,
            "입주년차":40,
            "용적률점수":"--",
            "건폐율점수":"--",
            "세대당주차수":30,
            "난방방식":30,
            "공급면적":"--",
            "전용률":"--",
            "욕실수":100,
            "현관타입":100,
            "주거총점":53.0,
            "지역구공급총점":0.0,
            "역세권":0,
            "30분내 이동가능 거점":0,
            "1시간내 이동가능 거점":0,
            "교통총점":0.0,
            "백화점":0,
            "아울렛몰":0,
            "대형마트":0,
            "은행":0,
            "병원":10,
            "종합병원":80,
            "공원":80,
            "혐오시설":0,
            "인프라총점":19.4,
            "초등학군":90.0,
            "중학군":37.8,
            "학군총점":48.24,
            "인구수":28.45,
            "인구증감":6.97,
            "인구총점":22.006,
            "일자리":11.95,
            "소득수준":69.62,
            "일자리총점":29.251,
            "가치 총점":23.656,
            "매매실거래년":20211231.0,
            "매매실거래가":43000.0,
            "전세실거래년":20211130.0,
            "전세실거래가":35000.0,
            "전세가율":81.4,
            "장기전세가율평균":71.2,
            "전세가율거품지수":-10.2,
            "검색코드":19105,
            "세대수":502.0,
            "준공년월":"2006-03-23",
            "준공년차":17.0,
            "가까운역이름":"고진",
            "가까운역거리":1201.95,
            "역세권여부":"비역세권",
            "30분이내주요거점역":0,
            "30분거점역이름":"[]",
            "1시간이내주요거점역":0,
            "1시간거점역이름":"[]",
            "3km이내백화점수":0,
            "5km이내아울렛몰수":0,
            "1km이내대형먀트수":0,
            "500m이내은행수":0,
            "500m이내병원수":3,
            "5km이내대형병원수":1,
            "500m이내공원수":1,
            "3km이내혐오시설수":0,
            "초등학교학업성취도":90.0,
            "중학교학업성취도":63.0,
            "용적률":199,
            "건폐율":21,
            "Y":37.234446,
            "X":127.217979,
            "rank":47.0,
            "area_info":"33평(110.08)",
            "last_sales":"2021-12-31,43000.0,33평(110.08)",
            "rank_history":[
                [
                    "202202",
                    47
                ],
                [
                    "202201",
                    42
                ]
            ],
            "rank_gap":-5
        },
        {
            "index":285,
            "아파트명":"한천마을금광베네스타",
            "투자타입":"일반",
            "전용면적(m2)":"111.05",
            "전용면적(평)":"33평",
            "법정동주소":"경기도 용인시 처인구 이동읍 천리 1134",
            "도로명주소":"경기도 용인시 처인구 백옥대로 711",
            "세대수":50,
            "입주년차":40,
            "용적률점수":"--",
            "건폐율점수":"--",
            "세대당주차수":30,
            "난방방식":30,
            "공급면적":"--",
            "전용률":"--",
            "욕실수":100,
            "현관타입":100,
            "주거총점":53.0,
            "지역구공급총점":0.0,
            "역세권":0,
            "30분내 이동가능 거점":0,
            "1시간내 이동가능 거점":0,
            "교통총점":0.0,
            "백화점":0,
            "아울렛몰":0,
            "대형마트":0,
            "은행":0,
            "병원":0,
            "종합병원":80,
            "공원":0,
            "혐오시설":0,
            "인프라총점":16.0,
            "초등학군":90.0,
            "중학군":41.22,
            "학군총점":50.976,
            "인구수":28.45,
            "인구증감":6.97,
            "인구총점":22.006,
            "일자리":11.95,
            "소득수준":69.62,
            "일자리총점":29.251,
            "가치 총점":23.0464,
            "매매실거래년":20211214.0,
            "매매실거래가":29000.0,
            "전세실거래년":20211230.0,
            "전세실거래가":23000.0,
            "전세가율":79.31,
            "장기전세가율평균":71.2,
            "전세가율거품지수":-8.11,
            "검색코드":26651,
            "세대수":460.0,
            "준공년월":"2008-07-30",
            "준공년차":15.0,
            "가까운역이름":"김량장",
            "가까운역거리":4170.57,
            "역세권여부":"비역세권",
            "30분이내주요거점역":0,
            "30분거점역이름":"[]",
            "1시간이내주요거점역":0,
            "1시간거점역이름":"[]",
            "3km이내백화점수":0,
            "5km이내아울렛몰수":0,
            "1km이내대형먀트수":0,
            "500m이내은행수":0,
            "500m이내병원수":0,
            "5km이내대형병원수":1,
            "500m이내공원수":0,
            "3km이내혐오시설수":0,
            "초등학교학업성취도":90.0,
            "중학교학업성취도":67.5,
            "용적률":193,
            "건폐율":17,
            "Y":37.200434,
            "X":127.207798,
            "rank":48.0,
            "area_info":"33평(111.05), 33평(111.05), 33평(111.05), 33평(111.05)",
            "last_sales":"2021-12-14,29000.0,33평(111.05)",
            "rank_history":[
                [
                    "202202",
                    48
                ],
                [
                    "202201",
                    45
                ]
            ],
            "rank_gap":-3
        },
        {
            "index":13,
            "아파트명":"예원마을코아루",
            "투자타입":"일반",
            "전용면적(m2)":"79.45",
            "전용면적(평)":"24평",
            "법정동주소":"경기도 용인시 처인구 고림동 1002",
            "도로명주소":"경기도 용인시 처인구 한터로275번길 40",
            "세대수":50,
            "입주년차":40,
            "용적률점수":"--",
            "건폐율점수":"--",
            "세대당주차수":30,
            "난방방식":30,
            "공급면적":"--",
            "전용률":"--",
            "욕실수":100,
            "현관타입":100,
            "주거총점":53.0,
            "지역구공급총점":0.0,
            "역세권":0,
            "30분내 이동가능 거점":0,
            "1시간내 이동가능 거점":0,
            "교통총점":0.0,
            "백화점":0,
            "아울렛몰":0,
            "대형마트":0,
            "은행":0,
            "병원":0,
            "종합병원":80,
            "공원":0,
            "혐오시설":0,
            "인프라총점":16.0,
            "초등학군":90.01,
            "중학군":37.8,
            "학군총점":48.242,
            "인구수":28.45,
            "인구증감":6.97,
            "인구총점":22.006,
            "일자리":11.95,
            "소득수준":69.62,
            "일자리총점":29.251,
            "가치 총점":22.6363,
            "매매실거래년":20220117.0,
            "매매실거래가":25500.0,
            "전세실거래년":20220122.0,
            "전세실거래가":20000.0,
            "전세가율":100.0,
            "장기전세가율평균":71.2,
            "전세가율거품지수":-28.8,
            "검색코드":11471,
            "세대수":408.0,
            "준공년월":"2004-12-08",
            "준공년차":19.0,
            "가까운역이름":"보평",
            "가까운역거리":1637.97,
            "역세권여부":"비역세권",
            "30분이내주요거점역":0,
            "30분거점역이름":"[]",
            "1시간이내주요거점역":0,
            "1시간거점역이름":"[]",
            "3km이내백화점수":0,
            "5km이내아울렛몰수":0,
            "1km이내대형먀트수":0,
            "500m이내은행수":0,
            "500m이내병원수":0,
            "5km이내대형병원수":1,
            "500m이내공원수":0,
            "3km이내혐오시설수":0,
            "초등학교학업성취도":90.01,
            "중학교학업성취도":63.0,
            "용적률":156,
            "건폐율":13,
            "Y":37.25825,
            "X":127.236943,
            "rank":49.0,
            "area_info":"24평(79.45), 32평(108.03)",
            "last_sales":"2022-01-17,25500.0,32평(108.03)",
            "rank_history":[
                [
                    "202202",
                    49
                ],
                [
                    "202201",
                    48
                ]
            ],
            "rank_gap":-1
        },
        {
            "index":128,
            "아파트명":"e편한세상용인한숲시티6단지",
            "투자타입":"일반",
            "전용면적(m2)":"81.85",
            "전용면적(평)":"24평",
            "법정동주소":"경기도 용인시 처인구 남사읍 완장리 954",
            "도로명주소":"경기도 용인시 처인구 한숲로 84",
            "세대수":100,
            "입주년차":80,
            "용적률점수":"--",
            "건폐율점수":"--",
            "세대당주차수":30,
            "난방방식":30,
            "공급면적":"--",
            "전용률":"--",
            "욕실수":100,
            "현관타입":100,
            "주거총점":78.5,
            "지역구공급총점":0.0,
            "역세권":0,
            "30분내 이동가능 거점":0,
            "1시간내 이동가능 거점":0,
            "교통총점":0.0,
            "백화점":0,
            "아울렛몰":0,
            "대형마트":0,
            "은행":0,
            "병원":60,
            "종합병원":0,
            "공원":0,
            "혐오시설":0,
            "인프라총점":6.0,
            "초등학군":90.01,
            "중학군":19.98,
            "학군총점":33.986,
            "인구수":28.45,
            "인구증감":6.97,
            "인구총점":22.006,
            "일자리":11.95,
            "소득수준":69.62,
            "일자리총점":29.251,
            "가치 총점":22.5979,
            "매매실거래년":20211220.0,
            "매매실거래가":49500.0,
            "전세실거래년":20211218.0,
            "전세실거래가":28000.0,
            "전세가율":68.46,
            "장기전세가율평균":71.2,
            "전세가율거품지수":2.74,
            "검색코드":112133,
            "세대수":1784.0,
            "준공년월":"2018-06-27",
            "준공년차":5.0,
            "가까운역이름":"명지대",
            "가까운역거리":9381.23,
            "역세권여부":"비역세권",
            "30분이내주요거점역":0,
            "30분거점역이름":"[]",
            "1시간이내주요거점역":0,
            "1시간거점역이름":"[]",
            "3km이내백화점수":0,
            "5km이내아울렛몰수":0,
            "1km이내대형먀트수":0,
            "500m이내은행수":0,
            "500m이내병원수":11,
            "5km이내대형병원수":0,
            "500m이내공원수":0,
            "3km이내혐오시설수":0,
            "초등학교학업성취도":90.01,
            "중학교학업성취도":33.3,
            "용적률":219,
            "건폐율":14,
            "Y":37.15459,
            "X":127.174089,
            "rank":50.0,
            "area_info":"24평(81.85), 24평(81.34), 24평(81.25), 24평(82.04), 24평(82.26), 26평(88.89), 26평(88.81), 27평(89.41), 27평(89.6), 27평(89.82), 34평(113.77), 34평(114.01), 34평(114.34), 34평(115.55), 36평(121.45), 36평(121.78), 36평(121.21), 37평(122.99), 39평(131.89), 40평(132.41), 40평(132.76), 42평(139.85), 42평(139.34), 42평(140.2)",
            "last_sales":"2021-12-20,49500.0,34평(113.77)",
            "rank_history":[
                [
                    "202202",
                    50
                ],
                [
                    "202201",
                    49
                ]
            ],
            "rank_gap":-1
        },
        {
            "index":15,
            "아파트명":"예진피렌체빌리지2차",
            "투자타입":"일반",
            "전용면적(m2)":"115.91",
            "전용면적(평)":"35평",
            "법정동주소":"경기도 용인시 처인구 고림동 995",
            "도로명주소":"경기도 용인시 처인구 한터로152번길 15",
            "세대수":50,
            "입주년차":20,
            "용적률점수":"--",
            "건폐율점수":"--",
            "세대당주차수":30,
            "난방방식":30,
            "공급면적":"--",
            "전용률":"--",
            "욕실수":100,
            "현관타입":100,
            "주거총점":49.0,
            "지역구공급총점":0.0,
            "역세권":0,
            "30분내 이동가능 거점":0,
            "1시간내 이동가능 거점":0,
            "교통총점":0.0,
            "백화점":0,
            "아울렛몰":0,
            "대형마트":0,
            "은행":0,
            "병원":10,
            "종합병원":80,
            "공원":0,
            "혐오시설":0,
            "인프라총점":17.0,
            "초등학군":90.01,
            "중학군":37.8,
            "학군총점":48.242,
            "인구수":28.45,
            "인구증감":6.97,
            "인구총점":22.006,
            "일자리":11.95,
            "소득수준":69.62,
            "일자리총점":29.251,
            "가치 총점":22.1363,
            "매매실거래년":20220115.0,
            "매매실거래가":33500.0,
            "전세실거래년":20211221.0,
            "전세실거래가":29000.0,
            "전세가율":86.57,
            "장기전세가율평균":71.2,
            "전세가율거품지수":-15.37,
            "검색코드":9854,
            "세대수":416.0,
            "준공년월":"2001-04-20",
            "준공년차":22.0,
            "가까운역이름":"고진",
            "가까운역거리":1332.52,
            "역세권여부":"비역세권",
            "30분이내주요거점역":0,
            "30분거점역이름":"[]",
            "1시간이내주요거점역":0,
            "1시간거점역이름":"[]",
            "3km이내백화점수":0,
            "5km이내아울렛몰수":0,
            "1km이내대형먀트수":0,
            "500m이내은행수":0,
            "500m이내병원수":2,
            "5km이내대형병원수":1,
            "500m이내공원수":0,
            "3km이내혐오시설수":0,
            "초등학교학업성취도":90.01,
            "중학교학업성취도":63.0,
            "용적률":176,
            "건폐율":12,
            "Y":37.24663,
            "X":127.229136,
            "rank":51.0,
            "area_info":"35평(115.91), 53평(176.77)",
            "last_sales":"2022-01-15,33500.0,35평(115.91)",
            "rank_history":[
                [
                    "202202",
                    51
                ],
                [
                    "202201",
                    50
                ]
            ],
            "rank_gap":-1
        },
        {
            "index":17,
            "아파트명":"예진피렌체빌리지3차",
            "투자타입":"일반",
            "전용면적(m2)":"82.86",
            "전용면적(평)":"25평",
            "법정동주소":"경기도 용인시 처인구 고림동 997",
            "도로명주소":"경기도 용인시 처인구 한터로152번길 62",
            "세대수":50,
            "입주년차":20,
            "용적률점수":"--",
            "건폐율점수":"--",
            "세대당주차수":30,
            "난방방식":30,
            "공급면적":"--",
            "전용률":"--",
            "욕실수":100,
            "현관타입":100,
            "주거총점":49.0,
            "지역구공급총점":0.0,
            "역세권":0,
            "30분내 이동가능 거점":0,
            "1시간내 이동가능 거점":0,
            "교통총점":0.0,
            "백화점":0,
            "아울렛몰":0,
            "대형마트":0,
            "은행":0,
            "병원":0,
            "종합병원":80,
            "공원":0,
            "혐오시설":0,
            "인프라총점":16.0,
            "초등학군":90.01,
            "중학군":37.8,
            "학군총점":48.242,
            "인구수":28.45,
            "인구증감":6.97,
            "인구총점":22.006,
            "일자리":11.95,
            "소득수준":69.62,
            "일자리총점":29.251,
            "가치 총점":21.8363,
            "매매실거래년":20211231.0,
            "매매실거래가":30000.0,
            "전세실거래년":20220122.0,
            "전세실거래가":11000.0,
            "전세가율":36.67,
            "장기전세가율평균":71.2,
            "전세가율거품지수":34.53,
            "검색코드":9862,
            "세대수":516.0,
            "준공년월":"2003-07-01",
            "준공년차":20.0,
            "가까운역이름":"고진",
            "가까운역거리":1470.37,
            "역세권여부":"비역세권",
            "30분이내주요거점역":0,
            "30분거점역이름":"[]",
            "1시간이내주요거점역":0,
            "1시간거점역이름":"[]",
            "3km이내백화점수":0,
            "5km이내아울렛몰수":0,
            "1km이내대형먀트수":0,
            "500m이내은행수":0,
            "500m이내병원수":0,
            "5km이내대형병원수":1,
            "500m이내공원수":0,
            "3km이내혐오시설수":0,
            "초등학교학업성취도":90.01,
            "중학교학업성취도":63.0,
            "용적률":167,
            "건폐율":13,
            "Y":37.244586,
            "X":127.230859,
            "rank":52.0,
            "area_info":"25평(82.86), 33평(109.16)",
            "last_sales":"2021-12-31,30000.0,25평(82.86)",
            "rank_history":[
                [
                    "202202",
                    52
                ],
                [
                    "202201",
                    50
                ]
            ],
            "rank_gap":-2
        },
        {
            "index":66,
            "아파트명":"명지엘펜하임(실버주택)",
            "투자타입":"일반",
            "전용면적(m2)":"110.51",
            "전용면적(평)":"33평",
            "법정동주소":"경기도 용인시 처인구 남동 583",
            "도로명주소":"경기도 용인시 처인구 명지로116번길 9-70",
            "세대수":30,
            "입주년차":40,
            "용적률점수":"--",
            "건폐율점수":"--",
            "세대당주차수":30,
            "난방방식":30,
            "공급면적":"--",
            "전용률":"--",
            "욕실수":100,
            "현관타입":100,
            "주거총점":46.0,
            "지역구공급총점":0.0,
            "역세권":0,
            "30분내 이동가능 거점":0,
            "1시간내 이동가능 거점":0,
            "교통총점":0.0,
            "백화점":0,
            "아울렛몰":0,
            "대형마트":0,
            "은행":0,
            "병원":0,
            "종합병원":80,
            "공원":0,
            "혐오시설":0,
            "인프라총점":16.0,
            "초등학군":89.98,
            "중학군":42.12,
            "학군총점":51.692,
            "인구수":28.45,
            "인구증감":6.97,
            "인구총점":22.006,
            "일자리":11.95,
            "소득수준":69.62,
            "일자리총점":29.251,
            "가치 총점":21.7538,
            "매매실거래년":20181010.0,
            "매매실거래가":25000.0,
            "전세실거래년":20120515.0,
            "전세실거래가":17000.0,
            "전세가율":null,
            "장기전세가율평균":71.2,
            "전세가율거품지수":null,
            "검색코드":26050,
            "세대수":336.0,
            "준공년월":"2008-02-26",
            "준공년차":15.0,
            "가까운역이름":"명지대",
            "가까운역거리":1760.38,
            "역세권여부":"비역세권",
            "30분이내주요거점역":0,
            "30분거점역이름":"[]",
            "1시간이내주요거점역":0,
            "1시간거점역이름":"[]",
            "3km이내백화점수":0,
            "5km이내아울렛몰수":0,
            "1km이내대형먀트수":0,
            "500m이내은행수":0,
            "500m이내병원수":1,
            "5km이내대형병원수":1,
            "500m이내공원수":0,
            "3km이내혐오시설수":0,
            "초등학교학업성취도":89.98,
            "중학교학업성취도":69.2,
            "용적률":33,
            "건폐율":4,
            "Y":37.225179,
            "X":127.178567,
            "rank":53.0,
            "area_info":"33평(110.51), 39평(129.81)",
            "last_sales":"2018-10-10,25000.0,39평(129.81)",
            "rank_history":[
                [
                    "202202",
                    0
                ],
                [
                    "202201",
                    9999
                ]
            ],
            "rank_gap":9999
        },
        {
            "index":114,
            "아파트명":"e편한세상용인한숲시티5단지",
            "투자타입":"일반",
            "전용면적(m2)":"60.21",
            "전용면적(평)":"18평",
            "법정동주소":"경기도 용인시 처인구 남사읍 아곡리 681",
            "도로명주소":"경기도 용인시 처인구 한숲로 83",
            "세대수":100,
            "입주년차":80,
            "용적률점수":"--",
            "건폐율점수":"--",
            "세대당주차수":30,
            "난방방식":30,
            "공급면적":"--",
            "전용률":"--",
            "욕실수":50,
            "현관타입":100,
            "주거총점":73.5,
            "지역구공급총점":0.0,
            "역세권":0,
            "30분내 이동가능 거점":0,
            "1시간내 이동가능 거점":0,
            "교통총점":0.0,
            "백화점":0,
            "아울렛몰":0,
            "대형마트":0,
            "은행":0,
            "병원":60,
            "종합병원":0,
            "공원":0,
            "혐오시설":0,
            "인프라총점":6.0,
            "초등학군":90.01,
            "중학군":19.98,
            "학군총점":33.986,
            "인구수":28.45,
            "인구증감":6.97,
            "인구총점":22.006,
            "일자리":11.95,
            "소득수준":69.62,
            "일자리총점":29.251,
            "가치 총점":21.5979,
            "매매실거래년":20211203.0,
            "매매실거래가":60000.0,
            "전세실거래년":20220107.0,
            "전세실거래가":25000.0,
            "전세가율":91.91,
            "장기전세가율평균":71.2,
            "전세가율거품지수":-20.71,
            "검색코드":112132,
            "세대수":2336.0,
            "준공년월":"2018-06-27",
            "준공년차":5.0,
            "가까운역이름":"명지대",
            "가까운역거리":9242.75,
            "역세권여부":"비역세권",
            "30분이내주요거점역":0,
            "30분거점역이름":"[]",
            "1시간이내주요거점역":0,
            "1시간거점역이름":"[]",
            "3km이내백화점수":0,
            "5km이내아울렛몰수":0,
            "1km이내대형먀트수":0,
            "500m이내은행수":0,
            "500m이내병원수":11,
            "5km이내대형병원수":0,
            "500m이내공원수":0,
            "3km이내혐오시설수":0,
            "초등학교학업성취도":90.01,
            "중학교학업성취도":33.3,
            "용적률":219,
            "건폐율":13,
            "Y":37.156336,
            "X":127.170599,
            "rank":54.0,
            "area_info":"18평(60.21), 18평(60.0), 24평(81.55), 26평(89.06), 34평(113.31), 34평(113.07), 34평(113.63), 34평(114.85), 36평(120.7), 36평(120.46), 36평(121.03), 36평(122.24), 39평(131.6), 42평(138.99)",
            "last_sales":"2021-12-03,60000.0,42평(138.99)",
            "rank_history":[
                [
                    "202202",
                    54
                ],
                [
                    "202201",
                    51
                ]
            ],
            "rank_gap":-3
        },
        {
            "index":26,
            "아파트명":"인정피렌체빌리지1차",
            "투자타입":"일반",
            "전용면적(m2)":"79.28",
            "전용면적(평)":"23평",
            "법정동주소":"경기도 용인시 처인구 고림동 264-8",
            "도로명주소":"경기도 용인시 처인구 한터로152번길 45",
            "세대수":50,
            "입주년차":20,
            "용적률점수":"--",
            "건폐율점수":"--",
            "세대당주차수":30,
            "난방방식":30,
            "공급면적":"--",
            "전용률":"--",
            "욕실수":50,
            "현관타입":100,
            "주거총점":44.0,
            "지역구공급총점":0.0,
            "역세권":0,
            "30분내 이동가능 거점":0,
            "1시간내 이동가능 거점":0,
            "교통총점":0.0,
            "백화점":0,
            "아울렛몰":0,
            "대형마트":0,
            "은행":0,
            "병원":10,
            "종합병원":80,
            "공원":0,
            "혐오시설":0,
            "인프라총점":17.0,
            "초등학군":90.01,
            "중학군":37.8,
            "학군총점":48.242,
            "인구수":28.45,
            "인구증감":6.97,
            "인구총점":22.006,
            "일자리":11.95,
            "소득수준":69.62,
            "일자리총점":29.251,
            "가치 총점":21.1363,
            "매매실거래년":20211127.0,
            "매매실거래가":24800.0,
            "전세실거래년":20220120.0,
            "전세실거래가":21000.0,
            "전세가율":84.68,
            "장기전세가율평균":71.2,
            "전세가율거품지수":-13.48,
            "검색코드":9543,
            "세대수":639.0,
            "준공년월":"2000-01-25",
            "준공년차":23.0,
            "가까운역이름":"고진",
            "가까운역거리":1467.08,
            "역세권여부":"비역세권",
            "30분이내주요거점역":0,
            "30분거점역이름":"[]",
            "1시간이내주요거점역":0,
            "1시간거점역이름":"[]",
            "3km이내백화점수":0,
            "5km이내아울렛몰수":0,
            "1km이내대형먀트수":0,
            "500m이내은행수":0,
            "500m이내병원수":2,
            "5km이내대형병원수":1,
            "500m이내공원수":0,
            "3km이내혐오시설수":0,
            "초등학교학업성취도":90.01,
            "중학교학업성취도":63.0,
            "용적률":175,
            "건폐율":13,
            "Y":37.245685,
            "X":127.230791,
            "rank":55.0,
            "area_info":"23평(79.28)",
            "last_sales":"2021-11-27,24800.0,23평(79.28)",
            "rank_history":[
                [
                    "202202",
                    55
                ],
                [
                    "202201",
                    52
                ]
            ],
            "rank_gap":-3
        },
        {
            "index":170,
            "아파트명":"효천마을신안인스빌2단지",
            "투자타입":"일반",
            "전용면적(m2)":"90.81",
            "전용면적(평)":"27평",
            "법정동주소":"경기도 용인시 처인구 모현읍 일산리 671",
            "도로명주소":"경기도 용인시 처인구 문현로 326",
            "세대수":50,
            "입주년차":40,
            "용적률점수":"--",
            "건폐율점수":"--",
            "세대당주차수":30,
            "난방방식":30,
            "공급면적":"--",
            "전용률":"--",
            "욕실수":100,
            "현관타입":100,
            "주거총점":53.0,
            "지역구공급총점":0.0,
            "역세권":0,
            "30분내 이동가능 거점":0,
            "1시간내 이동가능 거점":0,
            "교통총점":0.0,
            "백화점":0,
            "아울렛몰":0,
            "대형마트":0,
            "은행":0,
            "병원":60,
            "종합병원":0,
            "공원":0,
            "혐오시설":0,
            "인프라총점":6.0,
            "초등학군":90.01,
            "중학군":42.0,
            "학군총점":51.602,
            "인구수":28.45,
            "인구증감":6.97,
            "인구총점":22.006,
            "일자리":11.95,
            "소득수준":69.62,
            "일자리총점":29.251,
            "가치 총점":20.1403,
            "매매실거래년":20220121.0,
            "매매실거래가":27000.0,
            "전세실거래년":20211111.0,
            "전세실거래가":17850.0,
            "전세가율":54.09,
            "장기전세가율평균":71.2,
            "전세가율거품지수":17.11,
            "검색코드":10454,
            "세대수":538.0,
            "준공년월":"2004-12-17",
            "준공년차":19.0,
            "가까운역이름":"초월",
            "가까운역거리":6339.76,
            "역세권여부":"비역세권",
            "30분이내주요거점역":0,
            "30분거점역이름":"[]",
            "1시간이내주요거점역":0,
            "1시간거점역이름":"[]",
            "3km이내백화점수":0,
            "5km이내아울렛몰수":0,
            "1km이내대형먀트수":0,
            "500m이내은행수":0,
            "500m이내병원수":11,
            "5km이내대형병원수":0,
            "500m이내공원수":0,
            "3km이내혐오시설수":0,
            "초등학교학업성취도":90.01,
            "중학교학업성취도":68.8,
            "용적률":197,
            "건폐율":14,
            "Y":37.336466,
            "X":127.245474,
            "rank":56.0,
            "area_info":"27평(90.81), 32평(107.31)",
            "last_sales":"2022-01-21,27000.0,32평(107.31)",
            "rank_history":[
                [
                    "202202",
                    56
                ],
                [
                    "202201",
                    46
                ]
            ],
            "rank_gap":-10
        },
        {
            "index":158,
            "아파트명":"용인두보",
            "투자타입":"일반",
            "전용면적(m2)":"80.3",
            "전용면적(평)":"24평",
            "법정동주소":"경기도 용인시 처인구 마평동 923",
            "도로명주소":"경기도 용인시 처인구 금령로173번길 14",
            "세대수":0,
            "입주년차":20,
            "용적률점수":"--",
            "건폐율점수":"--",
            "세대당주차수":30,
            "난방방식":30,
            "공급면적":"--",
            "전용률":"--",
            "욕실수":50,
            "현관타입":100,
            "주거총점":26.5,
            "지역구공급총점":0.0,
            "역세권":0,
            "30분내 이동가능 거점":0,
            "1시간내 이동가능 거점":10,
            "교통총점":2.0,
            "백화점":0,
            "아울렛몰":0,
            "대형마트":0,
            "은행":0,
            "병원":30,
            "종합병원":80,
            "공원":100,
            "혐오시설":0,
            "인프라총점":22.0,
            "초등학군":90.0,
            "중학군":37.8,
            "학군총점":48.24,
            "인구수":28.45,
            "인구증감":6.97,
            "인구총점":22.006,
            "일자리":11.95,
            "소득수준":69.62,
            "일자리총점":29.251,
            "가치 총점":19.836,
            "매매실거래년":20211012.0,
            "매매실거래가":29900.0,
            "전세실거래년":20211002.0,
            "전세실거래가":20000.0,
            "전세가율":93.02,
            "장기전세가율평균":71.2,
            "전세가율거품지수":-21.82,
            "검색코드":9370,
            "세대수":248.0,
            "준공년월":"1999-10-29",
            "준공년차":24.0,
            "가까운역이름":"고진",
            "가까운역거리":1030.57,
            "역세권여부":"비역세권",
            "30분이내주요거점역":0,
            "30분거점역이름":"[]",
            "1시간이내주요거점역":1,
            "1시간거점역이름":"['수원시청']",
            "3km이내백화점수":0,
            "5km이내아울렛몰수":0,
            "1km이내대형먀트수":0,
            "500m이내은행수":0,
            "500m이내병원수":5,
            "5km이내대형병원수":1,
            "500m이내공원수":2,
            "3km이내혐오시설수":0,
            "초등학교학업성취도":90.0,
            "중학교학업성취도":63.0,
            "용적률":358,
            "건폐율":58,
            "Y":37.235761,
            "X":127.216591,
            "rank":57.0,
            "area_info":"24평(80.3), 24평(81.02), 32평(108.75), 45평(152.01)",
            "last_sales":"2021-10-12,29900.0,32평(108.75)",
            "rank_history":[
                [
                    "202202",
                    57
                ],
                [
                    "202201",
                    58
                ]
            ],
            "rank_gap":1
        },
        {
            "index":100,
            "아파트명":"e편한세상용인한숲시티4단지",
            "투자타입":"일반",
            "전용면적(m2)":"80.86",
            "전용면적(평)":"24평",
            "법정동주소":"경기도 용인시 처인구 남사읍 완장리 952",
            "도로명주소":"경기도 용인시 처인구 한숲로 124",
            "세대수":80,
            "입주년차":80,
            "용적률점수":"--",
            "건폐율점수":"--",
            "세대당주차수":30,
            "난방방식":30,
            "공급면적":"--",
            "전용률":"--",
            "욕실수":100,
            "현관타입":100,
            "주거총점":71.5,
            "지역구공급총점":0.0,
            "역세권":0,
            "30분내 이동가능 거점":0,
            "1시간내 이동가능 거점":0,
            "교통총점":0.0,
            "백화점":0,
            "아울렛몰":0,
            "대형마트":0,
            "은행":0,
            "병원":10,
            "종합병원":0,
            "공원":0,
            "혐오시설":0,
            "인프라총점":1.0,
            "초등학군":90.01,
            "중학군":19.98,
            "학군총점":33.986,
            "인구수":28.45,
            "인구증감":6.97,
            "인구총점":22.006,
            "일자리":11.95,
            "소득수준":69.62,
            "일자리총점":29.251,
            "가치 총점":19.6979,
            "매매실거래년":20211107.0,
            "매매실거래가":30300.0,
            "전세실거래년":20211012.0,
            "전세실거래가":31000.0,
            "전세가율":81.58,
            "장기전세가율평균":71.2,
            "전세가율거품지수":-10.38,
            "검색코드":112131,
            "세대수":710.0,
            "준공년월":"2018-06-27",
            "준공년차":5.0,
            "가까운역이름":"명지대",
            "가까운역거리":8962.9,
            "역세권여부":"비역세권",
            "30분이내주요거점역":0,
            "30분거점역이름":"[]",
            "1시간이내주요거점역":0,
            "1시간거점역이름":"[]",
            "3km이내백화점수":0,
            "5km이내아울렛몰수":0,
            "1km이내대형먀트수":0,
            "500m이내은행수":0,
            "500m이내병원수":3,
            "5km이내대형병원수":0,
            "500m이내공원수":0,
            "3km이내혐오시설수":0,
            "초등학교학업성취도":90.01,
            "중학교학업성취도":33.3,
            "용적률":181,
            "건폐율":14,
            "Y":37.158153,
            "X":127.176124,
            "rank":58.0,
            "area_info":"24평(80.86), 24평(80.77), 24평(81.37), 24평(81.56), 26평(88.88), 26평(88.36), 26평(88.28), 26평(89.07), 34평(113.32), 34평(113.65), 34평(113.08), 36평(120.72), 36평(120.48), 36평(121.05)",
            "last_sales":"2021-11-07,30300.0,36평(121.05)",
            "rank_history":[
                [
                    "202202",
                    58
                ],
                [
                    "202201",
                    54
                ]
            ],
            "rank_gap":-4
        },
        {
            "index":273,
            "아파트명":"송전마을세광엔리치타워",
            "투자타입":"일반",
            "전용면적(m2)":"98.59",
            "전용면적(평)":"29평",
            "법정동주소":"경기도 용인시 처인구 이동읍 송전리 1227",
            "도로명주소":"경기도 용인시 처인구 경기동로705번길 28",
            "세대수":80,
            "입주년차":60,
            "용적률점수":"--",
            "건폐율점수":"--",
            "세대당주차수":30,
            "난방방식":30,
            "공급면적":"--",
            "전용률":"--",
            "욕실수":100,
            "현관타입":100,
            "주거총점":67.5,
            "지역구공급총점":0.0,
            "역세권":0,
            "30분내 이동가능 거점":0,
            "1시간내 이동가능 거점":0,
            "교통총점":0.0,
            "백화점":0,
            "아울렛몰":0,
            "대형마트":0,
            "은행":0,
            "병원":10,
            "종합병원":0,
            "공원":80,
            "혐오시설":0,
            "인프라총점":3.4,
            "초등학군":89.96,
            "중학군":19.98,
            "학군총점":33.976,
            "인구수":28.45,
            "인구증감":6.97,
            "인구총점":22.006,
            "일자리":11.95,
            "소득수준":69.62,
            "일자리총점":29.251,
            "가치 총점":19.6164,
            "매매실거래년":20210911.0,
            "매매실거래가":36000.0,
            "전세실거래년":20210221.0,
            "전세실거래가":18000.0,
            "전세가율":72.0,
            "장기전세가율평균":71.2,
            "전세가율거품지수":-0.8,
            "검색코드":100729,
            "세대수":782.0,
            "준공년월":"2010-04-30",
            "준공년차":13.0,
            "가까운역이름":"김량장",
            "가까운역거리":10943.97,
            "역세권여부":"비역세권",
            "30분이내주요거점역":0,
            "30분거점역이름":"[]",
            "1시간이내주요거점역":0,
            "1시간거점역이름":"[]",
            "3km이내백화점수":0,
            "5km이내아울렛몰수":0,
            "1km이내대형먀트수":0,
            "500m이내은행수":0,
            "500m이내병원수":4,
            "5km이내대형병원수":0,
            "500m이내공원수":1,
            "3km이내혐오시설수":0,
            "초등학교학업성취도":89.96,
            "중학교학업성취도":33.3,
            "용적률":199,
            "건폐율":17,
            "Y":37.138843,
            "X":127.201102,
            "rank":59.0,
            "area_info":"29평(98.59), 33평(109.43), 33평(110.33), 33평(110.65), 40평(132.73), 40평(133.5), 45평(151.62)",
            "last_sales":"2021-09-11,36000.0,45평(151.62)",
            "rank_history":[
                [
                    "202202",
                    59
                ],
                [
                    "202201",
                    55
                ]
            ],
            "rank_gap":-4
        },
        {
            "index":163,
            "아파트명":"용인모현스위첸",
            "투자타입":"일반",
            "전용면적(m2)":"110.44",
            "전용면적(평)":"33평",
            "법정동주소":"경기도 용인시 처인구 모현읍 왕산리 948",
            "도로명주소":"경기도 용인시 처인구 외대로54번길 12",
            "세대수":30,
            "입주년차":60,
            "용적률점수":"--",
            "건폐율점수":"--",
            "세대당주차수":30,
            "난방방식":30,
            "공급면적":"--",
            "전용률":"--",
            "욕실수":100,
            "현관타입":100,
            "주거총점":50.0,
            "지역구공급총점":0.0,
            "역세권":0,
            "30분내 이동가능 거점":0,
            "1시간내 이동가능 거점":0,
            "교통총점":0.0,
            "백화점":0,
            "아울렛몰":0,
            "대형마트":0,
            "은행":0,
            "병원":30,
            "종합병원":0,
            "공원":100,
            "혐오시설":0,
            "인프라총점":6.0,
            "초등학군":90.01,
            "중학군":42.0,
            "학군총점":51.602,
            "인구수":28.45,
            "인구증감":6.97,
            "인구총점":22.006,
            "일자리":11.95,
            "소득수준":69.62,
            "일자리총점":29.251,
            "가치 총점":19.5403,
            "매매실거래년":20220107.0,
            "매매실거래가":42500.0,
            "전세실거래년":20211120.0,
            "전세실거래가":24000.0,
            "전세가율":56.47,
            "장기전세가율평균":71.2,
            "전세가율거품지수":14.73,
            "검색코드":101726,
            "세대수":308.0,
            "준공년월":"2012-01-31",
            "준공년차":11.0,
            "가까운역이름":"초월",
            "가까운역거리":5930.45,
            "역세권여부":"비역세권",
            "30분이내주요거점역":0,
            "30분거점역이름":"[]",
            "1시간이내주요거점역":0,
            "1시간거점역이름":"[]",
            "3km이내백화점수":0,
            "5km이내아울렛몰수":0,
            "1km이내대형먀트수":0,
            "500m이내은행수":0,
            "500m이내병원수":7,
            "5km이내대형병원수":0,
            "500m이내공원수":2,
            "3km이내혐오시설수":0,
            "초등학교학업성취도":90.01,
            "중학교학업성취도":68.8,
            "용적률":227,
            "건폐율":19,
            "Y":37.334657,
            "X":127.254283,
            "rank":60.0,
            "area_info":"33평(110.44), 33평(110.07), 43평(143.7)",
            "last_sales":"2022-01-07,42500.0,33평(110.44)",
            "rank_history":[
                [
                    "202202",
                    60
                ],
                [
                    "202201",
                    47
                ]
            ],
            "rank_gap":-13
        },
        {
            "index":64,
            "아파트명":"구미마을삼라마이다스빌",
            "투자타입":"일반",
            "전용면적(m2)":"108.39",
            "전용면적(평)":"32평",
            "법정동주소":"경기도 용인시 처인구 남동 684",
            "도로명주소":"경기도 용인시 처인구 명지로 307",
            "세대수":0,
            "입주년차":40,
            "용적률점수":"--",
            "건폐율점수":"--",
            "세대당주차수":30,
            "난방방식":30,
            "공급면적":"--",
            "전용률":"--",
            "욕실수":100,
            "현관타입":100,
            "주거총점":35.5,
            "지역구공급총점":0.0,
            "역세권":0,
            "30분내 이동가능 거점":0,
            "1시간내 이동가능 거점":0,
            "교통총점":0.0,
            "백화점":0,
            "아울렛몰":0,
            "대형마트":0,
            "은행":0,
            "병원":10,
            "종합병원":80,
            "공원":0,
            "혐오시설":0,
            "인프라총점":17.0,
            "초등학군":90.0,
            "중학군":37.94,
            "학군총점":48.352,
            "인구수":28.45,
            "인구증감":6.97,
            "인구총점":22.006,
            "일자리":11.95,
            "소득수준":69.62,
            "일자리총점":29.251,
            "가치 총점":19.4528,
            "매매실거래년":20211207.0,
            "매매실거래가":32200.0,
            "전세실거래년":20201020.0,
            "전세실거래가":18000.0,
            "전세가율":55.9,
            "장기전세가율평균":71.2,
            "전세가율거품지수":15.3,
            "검색코드":13341,
            "세대수":159.0,
            "준공년월":"2004-01-02",
            "준공년차":19.0,
            "가까운역이름":"김량장",
            "가까운역거리":1408.93,
            "역세권여부":"비역세권",
            "30분이내주요거점역":0,
            "30분거점역이름":"[]",
            "1시간이내주요거점역":0,
            "1시간거점역이름":"[]",
            "3km이내백화점수":0,
            "5km이내아울렛몰수":0,
            "1km이내대형먀트수":0,
            "500m이내은행수":0,
            "500m이내병원수":3,
            "5km이내대형병원수":1,
            "500m이내공원수":0,
            "3km이내혐오시설수":0,
            "초등학교학업성취도":90.0,
            "중학교학업성취도":61.5,
            "용적률":132,
            "건폐율":13,
            "Y":37.227893,
            "X":127.209516,
            "rank":61.0,
            "area_info":"32평(108.39), 32평(108.64)",
            "last_sales":"2021-12-07,32200.0,32평(108.39)",
            "rank_history":[
                [
                    "202202",
                    61
                ],
                [
                    "202201",
                    56
                ]
            ],
            "rank_gap":-5
        },
        {
            "index":80,
            "아파트명":"e편한세상용인한숲시티3단지",
            "투자타입":"일반",
            "전용면적(m2)":"60.89",
            "전용면적(평)":"18평",
            "법정동주소":"경기도 용인시 처인구 남사읍 완장리 949",
            "도로명주소":"경기도 용인시 처인구 한숲로 123",
            "세대수":90,
            "입주년차":80,
            "용적률점수":"--",
            "건폐율점수":"--",
            "세대당주차수":30,
            "난방방식":30,
            "공급면적":"--",
            "전용률":"--",
            "욕실수":50,
            "현관타입":100,
            "주거총점":70.0,
            "지역구공급총점":0.0,
            "역세권":0,
            "30분내 이동가능 거점":0,
            "1시간내 이동가능 거점":0,
            "교통총점":0.0,
            "백화점":0,
            "아울렛몰":0,
            "대형마트":0,
            "은행":0,
            "병원":0,
            "종합병원":0,
            "공원":0,
            "혐오시설":0,
            "인프라총점":0.0,
            "초등학군":90.01,
            "중학군":19.98,
            "학군총점":33.986,
            "인구수":28.45,
            "인구증감":6.97,
            "인구총점":22.006,
            "일자리":11.95,
            "소득수준":69.62,
            "일자리총점":29.251,
            "가치 총점":19.0979,
            "매매실거래년":20220104.0,
            "매매실거래가":50000.0,
            "전세실거래년":20211223.0,
            "전세실거래가":23000.0,
            "전세가율":77.97,
            "장기전세가율평균":71.2,
            "전세가율거품지수":-6.77,
            "검색코드":112130,
            "세대수":1449.0,
            "준공년월":"2018-06-27",
            "준공년차":5.0,
            "가까운역이름":"명지대",
            "가까운역거리":8901.52,
            "역세권여부":"비역세권",
            "30분이내주요거점역":0,
            "30분거점역이름":"[]",
            "1시간이내주요거점역":0,
            "1시간거점역이름":"[]",
            "3km이내백화점수":0,
            "5km이내아울렛몰수":0,
            "1km이내대형먀트수":0,
            "500m이내은행수":0,
            "500m이내병원수":1,
            "5km이내대형병원수":0,
            "500m이내공원수":0,
            "3km이내혐오시설수":0,
            "초등학교학업성취도":90.01,
            "중학교학업성취도":33.3,
            "용적률":207,
            "건폐율":13,
            "Y":37.159084,
            "X":127.173151,
            "rank":62.0,
            "area_info":"18평(60.89), 18평(60.67), 24평(81.75), 24평(81.67), 24평(82.46), 24평(82.27), 27평(89.35), 27평(89.27), 27평(89.87), 27평(90.06), 34평(114.6), 34평(114.93), 34평(114.35), 35평(116.14), 36평(121.84), 36평(122.08), 37평(122.41), 37평(123.63), 40평(133.09), 42평(140.57)",
            "last_sales":"2022-01-04,50000.0,34평(114.6)",
            "rank_history":[
                [
                    "202202",
                    62
                ],
                [
                    "202201",
                    57
                ]
            ],
            "rank_gap":-5
        },
        {
            "index":263,
            "아파트명":"동아",
            "투자타입":"일반",
            "전용면적(m2)":"82.6",
            "전용면적(평)":"24평",
            "법정동주소":"경기도 용인시 처인구 이동읍 천리 118-1",
            "도로명주소":"경기도 용인시 처인구 이원로 22",
            "세대수":0,
            "입주년차":0,
            "용적률점수":"--",
            "건폐율점수":"--",
            "세대당주차수":0,
            "난방방식":30,
            "공급면적":"--",
            "전용률":"--",
            "욕실수":50,
            "현관타입":10,
            "주거총점":9.0,
            "지역구공급총점":0.0,
            "역세권":0,
            "30분내 이동가능 거점":0,
            "1시간내 이동가능 거점":0,
            "교통총점":0.0,
            "백화점":0,
            "아울렛몰":0,
            "대형마트":80,
            "은행":0,
            "병원":30,
            "종합병원":80,
            "공원":0,
            "혐오시설":0,
            "인프라총점":31.0,
            "초등학군":90.0,
            "중학군":41.22,
            "학군총점":50.976,
            "인구수":28.45,
            "인구증감":6.97,
            "인구총점":22.006,
            "일자리":11.95,
            "소득수준":69.62,
            "일자리총점":29.251,
            "가치 총점":18.7464,
            "매매실거래년":20211125.0,
            "매매실거래가":13900.0,
            "전세실거래년":20210618.0,
            "전세실거래가":12500.0,
            "전세가율":89.93,
            "장기전세가율평균":71.2,
            "전세가율거품지수":-18.73,
            "검색코드":10086,
            "세대수":202.0,
            "준공년월":"1993-12-30",
            "준공년차":30.0,
            "가까운역이름":"김량장",
            "가까운역거리":5395.48,
            "역세권여부":"비역세권",
            "30분이내주요거점역":0,
            "30분거점역이름":"[]",
            "1시간이내주요거점역":0,
            "1시간거점역이름":"[]",
            "3km이내백화점수":0,
            "5km이내아울렛몰수":0,
            "1km이내대형먀트수":1,
            "500m이내은행수":0,
            "500m이내병원수":7,
            "5km이내대형병원수":1,
            "500m이내공원수":0,
            "3km이내혐오시설수":0,
            "초등학교학업성취도":90.0,
            "중학교학업성취도":67.5,
            "용적률":287,
            "건폐율":23,
            "Y":37.189478,
            "X":127.209478,
            "rank":63.0,
            "area_info":"24평(82.6), 28평(94.54), 32평(107.61), 32평(108.88), 35평(118.06)",
            "last_sales":"2021-11-25,13900.0,24평(82.6)",
            "rank_history":[
                [
                    "202202",
                    63
                ],
                [
                    "202201",
                    60
                ]
            ],
            "rank_gap":-3
        },
        {
            "index":155,
            "아파트명":"마평우성",
            "투자타입":"일반",
            "전용면적(m2)":"82.92",
            "전용면적(평)":"25평",
            "법정동주소":"경기도 용인시 처인구 마평동 650-1",
            "도로명주소":"경기도 용인시 처인구 금령로173번길 5",
            "세대수":30,
            "입주년차":0,
            "용적률점수":"--",
            "건폐율점수":"--",
            "세대당주차수":0,
            "난방방식":30,
            "공급면적":"--",
            "전용률":"--",
            "욕실수":50,
            "현관타입":10,
            "주거총점":19.5,
            "지역구공급총점":0.0,
            "역세권":0,
            "30분내 이동가능 거점":0,
            "1시간내 이동가능 거점":10,
            "교통총점":2.0,
            "백화점":0,
            "아울렛몰":0,
            "대형마트":0,
            "은행":0,
            "병원":30,
            "종합병원":80,
            "공원":100,
            "혐오시설":0,
            "인프라총점":22.0,
            "초등학군":90.0,
            "중학군":37.8,
            "학군총점":48.24,
            "인구수":28.45,
            "인구증감":6.97,
            "인구총점":22.006,
            "일자리":11.95,
            "소득수준":69.62,
            "일자리총점":29.251,
            "가치 총점":18.436,
            "매매실거래년":20211204.0,
            "매매실거래가":24400.0,
            "전세실거래년":20211117.0,
            "전세실거래가":20000.0,
            "전세가율":81.97,
            "장기전세가율평균":71.2,
            "전세가율거품지수":-10.77,
            "검색코드":2532,
            "세대수":358.0,
            "준공년월":"1996-05-23",
            "준공년차":27.0,
            "가까운역이름":"고진",
            "가까운역거리":1087.99,
            "역세권여부":"비역세권",
            "30분이내주요거점역":0,
            "30분거점역이름":"[]",
            "1시간이내주요거점역":1,
            "1시간거점역이름":"['수원시청']",
            "3km이내백화점수":0,
            "5km이내아울렛몰수":0,
            "1km이내대형먀트수":0,
            "500m이내은행수":0,
            "500m이내병원수":5,
            "5km이내대형병원수":1,
            "500m이내공원수":2,
            "3km이내혐오시설수":0,
            "초등학교학업성취도":90.0,
            "중학교학업성취도":63.0,
            "용적률":348,
            "건폐율":28,
            "Y":37.23508,
            "X":127.21512,
            "rank":64.0,
            "area_info":"25평(82.92), 32평(107.68), 49평(163.02)",
            "last_sales":"2021-12-04,24400.0,25평(82.92)",
            "rank_history":[
                [
                    "202202",
                    64
                ],
                [
                    "202201",
                    62
                ]
            ],
            "rank_gap":-2
        },
        {
            "index":24,
            "아파트명":"이삭",
            "투자타입":"일반",
            "전용면적(m2)":"81.0",
            "전용면적(평)":"24평",
            "법정동주소":"경기도 용인시 처인구 고림동 411-1",
            "도로명주소":"경기도 용인시 처인구 경안천로256번길 47-14",
            "세대수":30,
            "입주년차":0,
            "용적률점수":"--",
            "건폐율점수":"--",
            "세대당주차수":30,
            "난방방식":30,
            "공급면적":"--",
            "전용률":"--",
            "욕실수":50,
            "현관타입":100,
            "주거총점":33.0,
            "지역구공급총점":0.0,
            "역세권":0,
            "30분내 이동가능 거점":0,
            "1시간내 이동가능 거점":0,
            "교통총점":0.0,
            "백화점":0,
            "아울렛몰":0,
            "대형마트":0,
            "은행":0,
            "병원":10,
            "종합병원":80,
            "공원":0,
            "혐오시설":-100,
            "인프라총점":15.0,
            "초등학군":90.01,
            "중학군":37.8,
            "학군총점":48.242,
            "인구수":28.45,
            "인구증감":6.97,
            "인구총점":22.006,
            "일자리":11.95,
            "소득수준":69.62,
            "일자리총점":29.251,
            "가치 총점":18.3363,
            "매매실거래년":20211224.0,
            "매매실거래가":25500.0,
            "전세실거래년":20210418.0,
            "전세실거래가":12000.0,
            "전세가율":51.06,
            "장기전세가율평균":71.2,
            "전세가율거품지수":20.14,
            "검색코드":9855,
            "세대수":300.0,
            "준공년월":"1998-12-24",
            "준공년차":25.0,
            "가까운역이름":"보평",
            "가까운역거리":1071.46,
            "역세권여부":"비역세권",
            "30분이내주요거점역":0,
            "30분거점역이름":"[]",
            "1시간이내주요거점역":0,
            "1시간거점역이름":"[]",
            "3km이내백화점수":0,
            "5km이내아울렛몰수":0,
            "1km이내대형먀트수":0,
            "500m이내은행수":0,
            "500m이내병원수":2,
            "5km이내대형병원수":1,
            "500m이내공원수":0,
            "3km이내혐오시설수":2,
            "초등학교학업성취도":90.01,
            "중학교학업성취도":63.0,
            "용적률":229,
            "건폐율":18,
            "Y":37.252439,
            "X":127.227364,
            "rank":65.0,
            "area_info":"24평(81.0), 32평(108.57)",
            "last_sales":"2021-12-24,25500.0,32평(108.57)",
            "rank_history":[
                [
                    "202202",
                    65
                ],
                [
                    "202201",
                    61
                ]
            ],
            "rank_gap":-4
        },
        {
            "index":202,
            "아파트명":"양지포레스토리",
            "투자타입":"일반",
            "전용면적(m2)":"90.6",
            "전용면적(평)":"27평",
            "법정동주소":"경기도 용인시 처인구 양지면 남곡리 898",
            "도로명주소":"경기도 용인시 처인구 은이로 85",
            "세대수":0,
            "입주년차":100,
            "용적률점수":"--",
            "건폐율점수":"--",
            "세대당주차수":30,
            "난방방식":30,
            "공급면적":"--",
            "전용률":"--",
            "욕실수":100,
            "현관타입":100,
            "주거총점":47.5,
            "지역구공급총점":0.0,
            "역세권":0,
            "30분내 이동가능 거점":0,
            "1시간내 이동가능 거점":0,
            "교통총점":0.0,
            "백화점":0,
            "아울렛몰":0,
            "대형마트":0,
            "은행":0,
            "병원":0,
            "종합병원":0,
            "공원":0,
            "혐오시설":0,
            "인프라총점":0.0,
            "초등학군":89.99,
            "중학군":43.54,
            "학군총점":52.83,
            "인구수":28.45,
            "인구증감":6.97,
            "인구총점":22.006,
            "일자리":11.95,
            "소득수준":69.62,
            "일자리총점":29.251,
            "가치 총점":17.4245,
            "매매실거래년":"18000101",
            "매매실거래가":null,
            "전세실거래년":null,
            "전세실거래가":null,
            "전세가율":null,
            "장기전세가율평균":71.2,
            "전세가율거품지수":null,
            "검색코드":125233,
            "세대수":174.0,
            "준공년월":"2019-02-18",
            "준공년차":4.0,
            "가까운역이름":"고진",
            "가까운역거리":6263.09,
            "역세권여부":"비역세권",
            "30분이내주요거점역":0,
            "30분거점역이름":"[]",
            "1시간이내주요거점역":0,
            "1시간거점역이름":"[]",
            "3km이내백화점수":0,
            "5km이내아울렛몰수":0,
            "1km이내대형먀트수":0,
            "500m이내은행수":0,
            "500m이내병원수":0,
            "5km이내대형병원수":0,
            "500m이내공원수":0,
            "3km이내혐오시설수":0,
            "초등학교학업성취도":89.99,
            "중학교학업성취도":71.7,
            "용적률":62,
            "건폐율":32,
            "Y":37.223815,
            "X":127.279883,
            "rank":66.0,
            "area_info":"27평(90.6), 27평(91.08), 27평(91.69), 27평(91.76), 28평(93.65), 29평(96.63), 29평(98.65), 34평(113.78), 34평(114.45)",
            "last_sales":"1800-01-01,nan,27평(90.6)",
            "rank_history":[
                [
                    "202202",
                    66
                ],
                [
                    "202201",
                    64
                ]
            ],
            "rank_gap":-2
        },
        {
            "index":68,
            "아파트명":"e편한세상용인한숲시티2단지",
            "투자타입":"일반",
            "전용면적(m2)":"80.38",
            "전용면적(평)":"24평",
            "법정동주소":"경기도 용인시 처인구 남사읍 완장리 945",
            "도로명주소":"경기도 용인시 처인구 한숲로 137",
            "세대수":50,
            "입주년차":80,
            "용적률점수":"--",
            "건폐율점수":"--",
            "세대당주차수":30,
            "난방방식":30,
            "공급면적":"--",
            "전용률":"--",
            "욕실수":100,
            "현관타입":100,
            "주거총점":61.0,
            "지역구공급총점":0.0,
            "역세권":0,
            "30분내 이동가능 거점":0,
            "1시간내 이동가능 거점":0,
            "교통총점":0.0,
            "백화점":0,
            "아울렛몰":0,
            "대형마트":0,
            "은행":0,
            "병원":0,
            "종합병원":0,
            "공원":0,
            "혐오시설":0,
            "인프라총점":0.0,
            "초등학군":90.01,
            "중학군":19.98,
            "학군총점":33.986,
            "인구수":28.45,
            "인구증감":6.97,
            "인구총점":22.006,
            "일자리":11.95,
            "소득수준":69.62,
            "일자리총점":29.251,
            "가치 총점":17.2979,
            "매매실거래년":20211211.0,
            "매매실거래가":45200.0,
            "전세실거래년":20201027.0,
            "전세실거래가":24000.0,
            "전세가율":67.04,
            "장기전세가율평균":71.2,
            "전세가율거품지수":4.16,
            "검색코드":112129,
            "세대수":446.0,
            "준공년월":"2018-06-27",
            "준공년차":5.0,
            "가까운역이름":"명지대",
            "가까운역거리":8671.93,
            "역세권여부":"비역세권",
            "30분이내주요거점역":0,
            "30분거점역이름":"[]",
            "1시간이내주요거점역":0,
            "1시간거점역이름":"[]",
            "3km이내백화점수":0,
            "5km이내아울렛몰수":0,
            "1km이내대형먀트수":0,
            "500m이내은행수":0,
            "500m이내병원수":0,
            "5km이내대형병원수":0,
            "500m이내공원수":0,
            "3km이내혐오시설수":0,
            "초등학교학업성취도":90.01,
            "중학교학업성취도":33.3,
            "용적률":171,
            "건폐율":18,
            "Y":37.161062,
            "X":127.174008,
            "rank":67.0,
            "area_info":"24평(80.38), 24평(81.08), 24평(81.3), 26평(87.84), 26평(88.55), 26평(88.77), 34평(112.65), 34평(112.97), 34평(112.41), 36평(119.76), 36평(120.0), 36평(120.32)",
            "last_sales":"2021-12-11,45200.0,34평(112.41)",
            "rank_history":[
                [
                    "202202",
                    67
                ],
                [
                    "202201",
                    63
                ]
            ],
            "rank_gap":-4
        },
        {
            "index":152,
            "아파트명":"라이프",
            "투자타입":"일반",
            "전용면적(m2)":"75.2",
            "전용면적(평)":"22평",
            "법정동주소":"경기도 용인시 처인구 마평동 605-1",
            "도로명주소":"경기도 용인시 처인구 동부로 7",
            "세대수":0,
            "입주년차":0,
            "용적률점수":"--",
            "건폐율점수":"--",
            "세대당주차수":0,
            "난방방식":30,
            "공급면적":"--",
            "전용률":"--",
            "욕실수":50,
            "현관타입":10,
            "주거총점":9.0,
            "지역구공급총점":0.0,
            "역세권":0,
            "30분내 이동가능 거점":0,
            "1시간내 이동가능 거점":10,
            "교통총점":2.0,
            "백화점":0,
            "아울렛몰":0,
            "대형마트":0,
            "은행":0,
            "병원":60,
            "종합병원":80,
            "공원":100,
            "혐오시설":0,
            "인프라총점":25.0,
            "초등학군":90.0,
            "중학군":37.94,
            "학군총점":48.352,
            "인구수":28.45,
            "인구증감":6.97,
            "인구총점":22.006,
            "일자리":11.95,
            "소득수준":69.62,
            "일자리총점":29.251,
            "가치 총점":17.2528,
            "매매실거래년":20211209.0,
            "매매실거래가":15000.0,
            "전세실거래년":20211113.0,
            "전세실거래가":10000.0,
            "전세가율":66.67,
            "장기전세가율평균":71.2,
            "전세가율거품지수":4.53,
            "검색코드":2212,
            "세대수":290.0,
            "준공년월":"1993-06-11",
            "준공년차":30.0,
            "가까운역이름":"고진",
            "가까운역거리":1441.13,
            "역세권여부":"비역세권",
            "30분이내주요거점역":0,
            "30분거점역이름":"[]",
            "1시간이내주요거점역":1,
            "1시간거점역이름":"['수원시청']",
            "3km이내백화점수":0,
            "5km이내아울렛몰수":0,
            "1km이내대형먀트수":0,
            "500m이내은행수":0,
            "500m이내병원수":11,
            "5km이내대형병원수":1,
            "500m이내공원수":2,
            "3km이내혐오시설수":0,
            "초등학교학업성취도":90.0,
            "중학교학업성취도":61.5,
            "용적률":317,
            "건폐율":23,
            "Y":37.23188,
            "X":127.21438,
            "rank":68.0,
            "area_info":"22평(75.2), 29평(97.83), 32평(105.88)",
            "last_sales":"2021-12-09,15000.0,22평(75.2)",
            "rank_history":[
                [
                    "202202",
                    68
                ],
                [
                    "202201",
                    66
                ]
            ],
            "rank_gap":-2
        },
        {
            "index":168,
            "아파트명":"효천마을신안인스빌1단지",
            "투자타입":"일반",
            "전용면적(m2)":"90.73",
            "전용면적(평)":"27평",
            "법정동주소":"경기도 용인시 처인구 모현읍 일산리 669",
            "도로명주소":"경기도 용인시 처인구 문현로 326",
            "세대수":30,
            "입주년차":40,
            "용적률점수":"--",
            "건폐율점수":"--",
            "세대당주차수":30,
            "난방방식":30,
            "공급면적":"--",
            "전용률":"--",
            "욕실수":100,
            "현관타입":100,
            "주거총점":46.0,
            "지역구공급총점":0.0,
            "역세권":0,
            "30분내 이동가능 거점":0,
            "1시간내 이동가능 거점":0,
            "교통총점":0.0,
            "백화점":0,
            "아울렛몰":0,
            "대형마트":0,
            "은행":0,
            "병원":0,
            "종합병원":0,
            "공원":0,
            "혐오시설":0,
            "인프라총점":0.0,
            "초등학군":90.01,
            "중학군":42.0,
            "학군총점":51.602,
            "인구수":28.45,
            "인구증감":6.97,
            "인구총점":22.006,
            "일자리":11.95,
            "소득수준":69.62,
            "일자리총점":29.251,
            "가치 총점":16.9403,
            "매매실거래년":20220108.0,
            "매매실거래가":37790.0,
            "전세실거래년":20210403.0,
            "전세실거래가":24000.0,
            "전세가율":109.09,
            "장기전세가율평균":71.2,
            "전세가율거품지수":-37.89,
            "검색코드":10453,
            "세대수":324.0,
            "준공년월":"2004-12-17",
            "준공년차":19.0,
            "가까운역이름":"초월",
            "가까운역거리":6419.07,
            "역세권여부":"비역세권",
            "30분이내주요거점역":0,
            "30분거점역이름":"[]",
            "1시간이내주요거점역":0,
            "1시간거점역이름":"[]",
            "3km이내백화점수":0,
            "5km이내아울렛몰수":0,
            "1km이내대형먀트수":0,
            "500m이내은행수":0,
            "500m이내병원수":1,
            "5km이내대형병원수":0,
            "500m이내공원수":0,
            "3km이내혐오시설수":0,
            "초등학교학업성취도":90.01,
            "중학교학업성취도":68.8,
            "용적률":188,
            "건폐율":12,
            "Y":37.337076,
            "X":127.243617,
            "rank":69.0,
            "area_info":"27평(90.73), 32평(107.2)",
            "last_sales":"2022-01-08,37790.0,32평(107.2)",
            "rank_history":[
                [
                    "202202",
                    69
                ],
                [
                    "202201",
                    53
                ]
            ],
            "rank_gap":-16
        },
        {
            "index":289,
            "아파트명":"계수마을수목원우림필유",
            "투자타입":"일반",
            "전용면적(m2)":"81.6",
            "전용면적(평)":"24평",
            "법정동주소":"경기도 용인시 처인구 포곡읍 삼계리 672",
            "도로명주소":"경기도 용인시 처인구 백옥대로1898번길 34",
            "세대수":30,
            "입주년차":40,
            "용적률점수":"--",
            "건폐율점수":"--",
            "세대당주차수":30,
            "난방방식":30,
            "공급면적":"--",
            "전용률":"--",
            "욕실수":100,
            "현관타입":100,
            "주거총점":46.0,
            "지역구공급총점":0.0,
            "역세권":0,
            "30분내 이동가능 거점":0,
            "1시간내 이동가능 거점":0,
            "교통총점":0.0,
            "백화점":0,
            "아울렛몰":0,
            "대형마트":0,
            "은행":0,
            "병원":0,
            "종합병원":0,
            "공원":0,
            "혐오시설":0,
            "인프라총점":0.0,
            "초등학군":90.0,
            "중학군":36.06,
            "학군총점":46.848,
            "인구수":28.45,
            "인구증감":6.97,
            "인구총점":22.006,
            "일자리":11.95,
            "소득수준":69.62,
            "일자리총점":29.251,
            "가치 총점":16.2272,
            "매매실거래년":20210914.0,
            "매매실거래가":33000.0,
            "전세실거래년":20220105.0,
            "전세실거래가":20000.0,
            "전세가율":111.11,
            "장기전세가율평균":71.2,
            "전세가율거품지수":-39.91,
            "검색코드":19434,
            "세대수":346.0,
            "준공년월":"2007-02-27",
            "준공년차":16.0,
            "가까운역이름":"둔전",
            "가까운역거리":3788.67,
            "역세권여부":"비역세권",
            "30분이내주요거점역":0,
            "30분거점역이름":"[]",
            "1시간이내주요거점역":0,
            "1시간거점역이름":"[]",
            "3km이내백화점수":0,
            "5km이내아울렛몰수":0,
            "1km이내대형먀트수":0,
            "500m이내은행수":0,
            "500m이내병원수":0,
            "5km이내대형병원수":0,
            "500m이내공원수":0,
            "3km이내혐오시설수":0,
            "초등학교학업성취도":90.0,
            "중학교학업성취도":60.1,
            "용적률":206,
            "건폐율":18,
            "Y":37.294907,
            "X":127.238299,
            "rank":70.0,
            "area_info":"24평(81.6), 33평(110.64), 39평(129.18)",
            "last_sales":"2021-09-14,33000.0,39평(129.18)",
            "rank_history":[
                [
                    "202202",
                    70
                ],
                [
                    "202201",
                    65
                ]
            ],
            "rank_gap":-5
        },
        {
            "index":201,
            "아파트명":"양지마을신원아침도시",
            "투자타입":"일반",
            "전용면적(m2)":"105.86",
            "전용면적(평)":"32평",
            "법정동주소":"경기도 용인시 처인구 양지면 907",
            "도로명주소":"경기도 용인시 처인구 교동로 1",
            "세대수":0,
            "입주년차":40,
            "용적률점수":"--",
            "건폐율점수":"--",
            "세대당주차수":30,
            "난방방식":30,
            "공급면적":"--",
            "전용률":"--",
            "욕실수":100,
            "현관타입":100,
            "주거총점":35.5,
            "지역구공급총점":0.0,
            "역세권":0,
            "30분내 이동가능 거점":0,
            "1시간내 이동가능 거점":0,
            "교통총점":0.0,
            "백화점":0,
            "아울렛몰":0,
            "대형마트":0,
            "은행":0,
            "병원":30,
            "종합병원":0,
            "공원":0,
            "혐오시설":0,
            "인프라총점":3.0,
            "초등학군":89.99,
            "중학군":43.54,
            "학군총점":52.83,
            "인구수":28.45,
            "인구증감":6.97,
            "인구총점":22.006,
            "일자리":11.95,
            "소득수준":69.62,
            "일자리총점":29.251,
            "가치 총점":15.9245,
            "매매실거래년":20220105.0,
            "매매실거래가":34000.0,
            "전세실거래년":20210409.0,
            "전세실거래가":25000.0,
            "전세가율":73.53,
            "장기전세가율평균":71.2,
            "전세가율거품지수":-2.33,
            "검색코드":25749,
            "세대수":156.0,
            "준공년월":"2007-08-24",
            "준공년차":16.0,
            "가까운역이름":"고진",
            "가까운역거리":6353.99,
            "역세권여부":"비역세권",
            "30분이내주요거점역":0,
            "30분거점역이름":"[]",
            "1시간이내주요거점역":0,
            "1시간거점역이름":"[]",
            "3km이내백화점수":0,
            "5km이내아울렛몰수":0,
            "1km이내대형먀트수":0,
            "500m이내은행수":0,
            "500m이내병원수":9,
            "5km이내대형병원수":0,
            "500m이내공원수":0,
            "3km이내혐오시설수":0,
            "초등학교학업성취도":89.99,
            "중학교학업성취도":71.7,
            "용적률":196,
            "건폐율":19,
            "Y":37.235076,
            "X":127.284973,
            "rank":71.0,
            "area_info":"32평(105.86)",
            "last_sales":"2022-01-05,34000.0,32평(105.86)",
            "rank_history":[
                [
                    "202202",
                    71
                ],
                [
                    "202201",
                    67
                ]
            ],
            "rank_gap":-4
        },
        {
            "index":166,
            "아파트명":"풍산햇빛마을",
            "투자타입":"일반",
            "전용면적(m2)":"78.61",
            "전용면적(평)":"23평",
            "법정동주소":"경기도 용인시 처인구 모현읍 왕산리 464-2",
            "도로명주소":"경기도 용인시 처인구 백옥대로2332번길 21-8",
            "세대수":30,
            "입주년차":20,
            "용적률점수":"--",
            "건폐율점수":"--",
            "세대당주차수":0,
            "난방방식":30,
            "공급면적":"--",
            "전용률":"--",
            "욕실수":50,
            "현관타입":100,
            "주거총점":32.5,
            "지역구공급총점":0.0,
            "역세권":0,
            "30분내 이동가능 거점":0,
            "1시간내 이동가능 거점":0,
            "교통총점":0.0,
            "백화점":0,
            "아울렛몰":0,
            "대형마트":0,
            "은행":0,
            "병원":30,
            "종합병원":0,
            "공원":80,
            "혐오시설":0,
            "인프라총점":5.4,
            "초등학군":90.01,
            "중학군":42.0,
            "학군총점":51.602,
            "인구수":28.45,
            "인구증감":6.97,
            "인구총점":22.006,
            "일자리":11.95,
            "소득수준":69.62,
            "일자리총점":29.251,
            "가치 총점":15.8603,
            "매매실거래년":20220106.0,
            "매매실거래가":20800.0,
            "전세실거래년":20220110.0,
            "전세실거래가":18000.0,
            "전세가율":86.54,
            "장기전세가율평균":71.2,
            "전세가율거품지수":-15.34,
            "검색코드":10074,
            "세대수":330.0,
            "준공년월":"2000-03-24",
            "준공년차":23.0,
            "가까운역이름":"초월",
            "가까운역거리":6381.23,
            "역세권여부":"비역세권",
            "30분이내주요거점역":0,
            "30분거점역이름":"[]",
            "1시간이내주요거점역":0,
            "1시간거점역이름":"[]",
            "3km이내백화점수":0,
            "5km이내아울렛몰수":0,
            "1km이내대형먀트수":0,
            "500m이내은행수":0,
            "500m이내병원수":6,
            "5km이내대형병원수":0,
            "500m이내공원수":1,
            "3km이내혐오시설수":0,
            "초등학교학업성취도":90.01,
            "중학교학업성취도":68.8,
            "용적률":303,
            "건폐율":22,
            "Y":37.332394,
            "X":127.249837,
            "rank":72.0,
            "area_info":"23평(78.61), 31평(104.04)",
            "last_sales":"2022-01-06,20800.0,23평(78.61)",
            "rank_history":[
                [
                    "202202",
                    72
                ],
                [
                    "202201",
                    59
                ]
            ],
            "rank_gap":-13
        },
        {
            "index":268,
            "아파트명":"라이프타워",
            "투자타입":"일반",
            "전용면적(m2)":"79.5",
            "전용면적(평)":"24평",
            "법정동주소":"경기도 용인시 처인구 이동읍 천리 56-4",
            "도로명주소":"경기도 용인시 처인구 이원로 101",
            "세대수":0,
            "입주년차":0,
            "용적률점수":"--",
            "건폐율점수":"--",
            "세대당주차수":0,
            "난방방식":30,
            "공급면적":"--",
            "전용률":"--",
            "욕실수":50,
            "현관타입":10,
            "주거총점":9.0,
            "지역구공급총점":0.0,
            "역세권":0,
            "30분내 이동가능 거점":0,
            "1시간내 이동가능 거점":0,
            "교통총점":0.0,
            "백화점":0,
            "아울렛몰":0,
            "대형마트":0,
            "은행":0,
            "병원":0,
            "종합병원":80,
            "공원":0,
            "혐오시설":0,
            "인프라총점":16.0,
            "초등학군":90.0,
            "중학군":41.22,
            "학군총점":50.976,
            "인구수":28.45,
            "인구증감":6.97,
            "인구총점":22.006,
            "일자리":11.95,
            "소득수준":69.62,
            "일자리총점":29.251,
            "가치 총점":14.2464,
            "매매실거래년":20211013.0,
            "매매실거래가":13900.0,
            "전세실거래년":20200622.0,
            "전세실거래가":6500.0,
            "전세가율":73.86,
            "장기전세가율평균":71.2,
            "전세가율거품지수":-2.66,
            "검색코드":13446,
            "세대수":139.0,
            "준공년월":"1995-03-23",
            "준공년차":28.0,
            "가까운역이름":"김량장",
            "가까운역거리":5777.54,
            "역세권여부":"비역세권",
            "30분이내주요거점역":0,
            "30분거점역이름":"[]",
            "1시간이내주요거점역":0,
            "1시간거점역이름":"[]",
            "3km이내백화점수":0,
            "5km이내아울렛몰수":0,
            "1km이내대형먀트수":0,
            "500m이내은행수":0,
            "500m이내병원수":0,
            "5km이내대형병원수":1,
            "500m이내공원수":0,
            "3km이내혐오시설수":0,
            "초등학교학업성취도":90.0,
            "중학교학업성취도":67.5,
            "용적률":281,
            "건폐율":21,
            "Y":37.187542,
            "X":127.217787,
            "rank":73.0,
            "area_info":"24평(79.5), 27평(89.54), 31평(102.92)",
            "last_sales":"2021-10-13,13900.0,31평(102.92)",
            "rank_history":[
                [
                    "202202",
                    73
                ],
                [
                    "202201",
                    68
                ]
            ],
            "rank_gap":-5
        },
        {
            "index":293,
            "아파트명":"대명",
            "투자타입":"일반",
            "전용면적(m2)":"69.9",
            "전용면적(평)":"21평",
            "법정동주소":"경기도 용인시 처인구 포곡읍 삼계리 369-7",
            "도로명주소":"경기도 용인시 처인구 포곡로326번길 39-1",
            "세대수":0,
            "입주년차":0,
            "용적률점수":"--",
            "건폐율점수":"--",
            "세대당주차수":0,
            "난방방식":30,
            "공급면적":"--",
            "전용률":"--",
            "욕실수":50,
            "현관타입":100,
            "주거총점":18.0,
            "지역구공급총점":0.0,
            "역세권":0,
            "30분내 이동가능 거점":0,
            "1시간내 이동가능 거점":0,
            "교통총점":0.0,
            "백화점":0,
            "아울렛몰":0,
            "대형마트":0,
            "은행":0,
            "병원":0,
            "종합병원":0,
            "공원":80,
            "혐오시설":0,
            "인프라총점":2.4,
            "초등학군":90.0,
            "중학군":36.06,
            "학군총점":46.848,
            "인구수":28.45,
            "인구증감":6.97,
            "인구총점":22.006,
            "일자리":11.95,
            "소득수준":69.62,
            "일자리총점":29.251,
            "가치 총점":11.3472,
            "매매실거래년":20150822.0,
            "매매실거래가":8500.0,
            "전세실거래년":null,
            "전세실거래가":null,
            "전세가율":null,
            "장기전세가율평균":71.2,
            "전세가율거품지수":null,
            "검색코드":103953,
            "세대수":167.0,
            "준공년월":"1995-10-30",
            "준공년차":28.0,
            "가까운역이름":"둔전",
            "가까운역거리":2925.96,
            "역세권여부":"비역세권",
            "30분이내주요거점역":0,
            "30분거점역이름":"[]",
            "1시간이내주요거점역":0,
            "1시간거점역이름":"[]",
            "3km이내백화점수":0,
            "5km이내아울렛몰수":0,
            "1km이내대형먀트수":0,
            "500m이내은행수":0,
            "500m이내병원수":0,
            "5km이내대형병원수":0,
            "500m이내공원수":1,
            "3km이내혐오시설수":0,
            "초등학교학업성취도":90.0,
            "중학교학업성취도":60.1,
            "용적률":187,
            "건폐율":48,
            "Y":37.285957,
            "X":127.236641,
            "rank":74.0,
            "area_info":"21평(69.9), 23평(76.65), 23평(78.55), 24평(81.92), 25평(85.14), 26평(86.23), 26평(88.95), 27평(89.7), 27평(89.69), 27평(90.23), 27평(91.03), 28평(94.98)",
            "last_sales":"2015-08-22,8500.0,27평(90.23)",
            "rank_history":[
                [
                    "202202",
                    74
                ],
                [
                    "202201",
                    69
                ]
            ],
            "rank_gap":-5
        }
    ]
}