{
    "schema":{
        "fields":[
            {
                "name":"index",
                "type":"integer"
            },
            {
                "name":"아파트명",
                "type":"string"
            },
            {
                "name":"투자타입",
                "type":"string"
            },
            {
                "name":"전용면적(m2)",
                "type":"string"
            },
            {
                "name":"전용면적(평)",
                "type":"string"
            },
            {
                "name":"법정동주소",
                "type":"string"
            },
            {
                "name":"도로명주소",
                "type":"string"
            },
            {
                "name":"세대수",
                "type":"integer"
            },
            {
                "name":"입주년차",
                "type":"string"
            },
            {
                "name":"용적률점수",
                "type":"string"
            },
            {
                "name":"건폐율점수",
                "type":"string"
            },
            {
                "name":"세대당주차수",
                "type":"string"
            },
            {
                "name":"난방방식",
                "type":"string"
            },
            {
                "name":"공급면적",
                "type":"string"
            },
            {
                "name":"전용률",
                "type":"string"
            },
            {
                "name":"욕실수",
                "type":"string"
            },
            {
                "name":"현관타입",
                "type":"string"
            },
            {
                "name":"주거총점",
                "type":"number"
            },
            {
                "name":"지역구공급총점",
                "type":"number"
            },
            {
                "name":"역세권",
                "type":"integer"
            },
            {
                "name":"30분내 이동가능 거점",
                "type":"integer"
            },
            {
                "name":"1시간내 이동가능 거점",
                "type":"integer"
            },
            {
                "name":"교통총점",
                "type":"number"
            },
            {
                "name":"백화점",
                "type":"integer"
            },
            {
                "name":"아울렛몰",
                "type":"integer"
            },
            {
                "name":"대형마트",
                "type":"integer"
            },
            {
                "name":"은행",
                "type":"integer"
            },
            {
                "name":"병원",
                "type":"integer"
            },
            {
                "name":"종합병원",
                "type":"integer"
            },
            {
                "name":"공원",
                "type":"integer"
            },
            {
                "name":"혐오시설",
                "type":"integer"
            },
            {
                "name":"인프라총점",
                "type":"number"
            },
            {
                "name":"초등학군",
                "type":"number"
            },
            {
                "name":"중학군",
                "type":"number"
            },
            {
                "name":"학군총점",
                "type":"number"
            },
            {
                "name":"인구수",
                "type":"number"
            },
            {
                "name":"인구증감",
                "type":"number"
            },
            {
                "name":"인구총점",
                "type":"number"
            },
            {
                "name":"일자리",
                "type":"number"
            },
            {
                "name":"소득수준",
                "type":"number"
            },
            {
                "name":"일자리총점",
                "type":"number"
            },
            {
                "name":"가치 총점",
                "type":"number"
            },
            {
                "name":"매매실거래년",
                "type":"string"
            },
            {
                "name":"매매실거래가",
                "type":"number"
            },
            {
                "name":"전세실거래년",
                "type":"number"
            },
            {
                "name":"전세실거래가",
                "type":"number"
            },
            {
                "name":"전세가율",
                "type":"number"
            },
            {
                "name":"장기전세가율평균",
                "type":"number"
            },
            {
                "name":"전세가율거품지수",
                "type":"number"
            },
            {
                "name":"검색코드",
                "type":"integer"
            },
            {
                "name":"세대수",
                "type":"number"
            },
            {
                "name":"준공년월",
                "type":"string"
            },
            {
                "name":"준공년차",
                "type":"number"
            },
            {
                "name":"가까운역이름",
                "type":"string"
            },
            {
                "name":"가까운역거리",
                "type":"number"
            },
            {
                "name":"역세권여부",
                "type":"string"
            },
            {
                "name":"30분이내주요거점역",
                "type":"integer"
            },
            {
                "name":"30분거점역이름",
                "type":"string"
            },
            {
                "name":"1시간이내주요거점역",
                "type":"integer"
            },
            {
                "name":"1시간거점역이름",
                "type":"string"
            },
            {
                "name":"3km이내백화점수",
                "type":"integer"
            },
            {
                "name":"5km이내아울렛몰수",
                "type":"integer"
            },
            {
                "name":"1km이내대형먀트수",
                "type":"integer"
            },
            {
                "name":"500m이내은행수",
                "type":"integer"
            },
            {
                "name":"500m이내병원수",
                "type":"integer"
            },
            {
                "name":"5km이내대형병원수",
                "type":"integer"
            },
            {
                "name":"500m이내공원수",
                "type":"integer"
            },
            {
                "name":"3km이내혐오시설수",
                "type":"integer"
            },
            {
                "name":"초등학교학업성취도",
                "type":"number"
            },
            {
                "name":"중학교학업성취도",
                "type":"number"
            },
            {
                "name":"용적률",
                "type":"integer"
            },
            {
                "name":"건폐율",
                "type":"integer"
            },
            {
                "name":"Y",
                "type":"number"
            },
            {
                "name":"X",
                "type":"number"
            },
            {
                "name":"rank",
                "type":"number"
            },
            {
                "name":"area_info",
                "type":"string"
            },
            {
                "name":"last_sales",
                "type":"string"
            },
            {
                "name":"rank_history",
                "type":"string"
            },
            {
                "name":"rank_gap",
                "type":"integer"
            }
        ],
        "primaryKey":[
            "index"
        ],
        "pandas_version":"1.4.0"
    },
    "data":[
        {
            "index":151,
            "아파트명":"한국1차",
            "투자타입":"재건축",
            "전용면적(m2)":"58.43",
            "전용면적(평)":"17평",
            "법정동주소":"경기도 양주시 덕정동 286-9",
            "도로명주소":"경기도 양주시 회정로109번길 60",
            "세대수":0,
            "입주년차":"--",
            "용적률점수":60,
            "건폐율점수":0,
            "세대당주차수":"--",
            "난방방식":"--",
            "공급면적":50,
            "전용률":60,
            "욕실수":"--",
            "현관타입":"--",
            "주거총점":29.5,
            "지역구공급총점":0.0,
            "역세권":80,
            "30분내 이동가능 거점":0,
            "1시간내 이동가능 거점":0,
            "교통총점":40.0,
            "백화점":0,
            "아울렛몰":0,
            "대형마트":80,
            "은행":0,
            "병원":60,
            "종합병원":0,
            "공원":100,
            "혐오시설":0,
            "인프라총점":21.0,
            "초등학군":89.98,
            "중학군":39.64,
            "학군총점":49.708,
            "인구수":25.02,
            "인구증감":19.02,
            "인구총점":23.22,
            "일자리":14.22,
            "소득수준":50.35,
            "일자리총점":25.059,
            "가치 총점":33.6562,
            "매매실거래년":20211030.0,
            "매매실거래가":19800.0,
            "전세실거래년":20211113.0,
            "전세실거래가":12000.0,
            "전세가율":60.61,
            "장기전세가율평균":65.83,
            "전세가율거품지수":5.22,
            "검색코드":13372,
            "세대수":156.0,
            "준공년월":"1989-12-01",
            "준공년차":34.0,
            "가까운역이름":"덕정",
            "가까운역거리":477.12,
            "역세권여부":"역세권",
            "30분이내주요거점역":0,
            "30분거점역이름":"[]",
            "1시간이내주요거점역":0,
            "1시간거점역이름":"[]",
            "3km이내백화점수":0,
            "5km이내아울렛몰수":0,
            "1km이내대형먀트수":1,
            "500m이내은행수":1,
            "500m이내병원수":26,
            "5km이내대형병원수":0,
            "500m이내공원수":4,
            "3km이내혐오시설수":0,
            "초등학교학업성취도":89.98,
            "중학교학업성취도":65.4,
            "용적률":180,
            "건폐율":0,
            "Y":37.83938,
            "X":127.063781,
            "rank":1.0,
            "area_info":"17평(58.43), 20평(67.12)",
            "last_sales":"2021-10-30,19800.0,17평(58.43)",
            "rank_history":[
                [
                    "202202",
                    1
                ],
                [
                    "202201",
                    4
                ]
            ],
            "rank_gap":3
        },
        {
            "index":50,
            "아파트명":"해동마을유승한내들",
            "투자타입":"일반",
            "전용면적(m2)":"108.86",
            "전용면적(평)":"32평",
            "법정동주소":"경기도 양주시 광사동 658",
            "도로명주소":"경기도 양주시 고읍로 118-16",
            "세대수":50,
            "입주년차":60,
            "용적률점수":"--",
            "건폐율점수":"--",
            "세대당주차수":30,
            "난방방식":100,
            "공급면적":"--",
            "전용률":"--",
            "욕실수":100,
            "현관타입":100,
            "주거총점":64.0,
            "지역구공급총점":0.0,
            "역세권":0,
            "30분내 이동가능 거점":0,
            "1시간내 이동가능 거점":20,
            "교통총점":4.0,
            "백화점":0,
            "아울렛몰":0,
            "대형마트":80,
            "은행":20,
            "병원":60,
            "종합병원":80,
            "공원":100,
            "혐오시설":0,
            "인프라총점":39.0,
            "초등학군":90.0,
            "중학군":41.02,
            "학군총점":50.816,
            "인구수":25.02,
            "인구증감":19.02,
            "인구총점":23.22,
            "일자리":14.22,
            "소득수준":50.35,
            "일자리총점":25.059,
            "가치 총점":33.5224,
            "매매실거래년":20211208.0,
            "매매실거래가":42700.0,
            "전세실거래년":20211218.0,
            "전세실거래가":19950.0,
            "전세가율":46.72,
            "장기전세가율평균":65.83,
            "전세가율거품지수":19.11,
            "검색코드":100480,
            "세대수":470.0,
            "준공년월":"2009-10-30",
            "준공년차":14.0,
            "가까운역이름":"덕계",
            "가까운역거리":3482.25,
            "역세권여부":"비역세권",
            "30분이내주요거점역":0,
            "30분거점역이름":"[]",
            "1시간이내주요거점역":2,
            "1시간거점역이름":"['역삼', '잠실']",
            "3km이내백화점수":0,
            "5km이내아울렛몰수":0,
            "1km이내대형먀트수":1,
            "500m이내은행수":2,
            "500m이내병원수":28,
            "5km이내대형병원수":1,
            "500m이내공원수":6,
            "3km이내혐오시설수":0,
            "초등학교학업성취도":90.0,
            "중학교학업성취도":66.3,
            "용적률":200,
            "건폐율":23,
            "Y":37.794455,
            "X":127.081902,
            "rank":2.0,
            "area_info":"32평(108.86), 32평(108.11), 33평(110.96)",
            "last_sales":"2021-12-08,42700.0,32평(108.86)",
            "rank_history":[
                [
                    "202202",
                    2
                ],
                [
                    "202201",
                    14
                ]
            ],
            "rank_gap":12
        },
        {
            "index":272,
            "아파트명":"양주옥정신도시대방노블랜드더시그니처",
            "투자타입":"일반",
            "전용면적(m2)":"95.93",
            "전용면적(평)":"29평",
            "법정동주소":"경기도 양주시 옥정동 968",
            "도로명주소":"경기도 양주시 회천남로 54",
            "세대수":90,
            "입주년차":100,
            "용적률점수":"--",
            "건폐율점수":"--",
            "세대당주차수":60,
            "난방방식":100,
            "공급면적":"--",
            "전용률":"--",
            "욕실수":100,
            "현관타입":100,
            "주거총점":90.5,
            "지역구공급총점":0.0,
            "역세권":0,
            "30분내 이동가능 거점":0,
            "1시간내 이동가능 거점":0,
            "교통총점":0.0,
            "백화점":0,
            "아울렛몰":0,
            "대형마트":0,
            "은행":0,
            "병원":80,
            "종합병원":80,
            "공원":100,
            "혐오시설":0,
            "인프라총점":27.0,
            "초등학군":90.01,
            "중학군":35.74,
            "학군총점":46.594,
            "인구수":25.02,
            "인구증감":19.02,
            "인구총점":23.22,
            "일자리":14.22,
            "소득수준":50.35,
            "일자리총점":25.059,
            "가치 총점":33.1891,
            "매매실거래년":20210531.0,
            "매매실거래가":65600.0,
            "전세실거래년":20210816.0,
            "전세실거래가":39000.0,
            "전세가율":63.93,
            "장기전세가율평균":65.83,
            "전세가율거품지수":1.9,
            "검색코드":122004,
            "세대수":1483.0,
            "준공년월":"2021-01-14",
            "준공년차":2.0,
            "가까운역이름":"덕계",
            "가까운역거리":3581.41,
            "역세권여부":"비역세권",
            "30분이내주요거점역":0,
            "30분거점역이름":"[]",
            "1시간이내주요거점역":0,
            "1시간거점역이름":"[]",
            "3km이내백화점수":0,
            "5km이내아울렛몰수":0,
            "1km이내대형먀트수":0,
            "500m이내은행수":0,
            "500m이내병원수":38,
            "5km이내대형병원수":1,
            "500m이내공원수":5,
            "3km이내혐오시설수":0,
            "초등학교학업성취도":90.01,
            "중학교학업성취도":56.9,
            "용적률":199,
            "건폐율":12,
            "Y":37.819671,
            "X":127.097231,
            "rank":3.0,
            "area_info":"29평(95.93), 29평(96.33), 29평(96.74), 29평(96.92), 33평(109.88), 33평(110.11), 33평(110.66), 33평(110.26), 42평(140.75), 42평(141.37), 42평(141.29)",
            "last_sales":"2021-05-31,65600.0,33평(109.88)",
            "rank_history":[
                [
                    "202202",
                    3
                ],
                [
                    "202201",
                    5
                ]
            ],
            "rank_gap":2
        },
        {
            "index":108,
            "아파트명":"양주2차금광포란재",
            "투자타입":"일반",
            "전용면적(m2)":"109.6",
            "전용면적(평)":"33평",
            "법정동주소":"경기도 양주시 덕계동 424-1",
            "도로명주소":"경기도 양주시 평화로1438번길 11-12",
            "세대수":50,
            "입주년차":20,
            "용적률점수":"--",
            "건폐율점수":"--",
            "세대당주차수":30,
            "난방방식":30,
            "공급면적":"--",
            "전용률":"--",
            "욕실수":100,
            "현관타입":100,
            "주거총점":49.0,
            "지역구공급총점":0.0,
            "역세권":50,
            "30분내 이동가능 거점":0,
            "1시간내 이동가능 거점":0,
            "교통총점":25.0,
            "백화점":0,
            "아울렛몰":0,
            "대형마트":80,
            "은행":20,
            "병원":60,
            "종합병원":0,
            "공원":100,
            "혐오시설":0,
            "인프라총점":23.0,
            "초등학군":90.02,
            "중학군":39.66,
            "학군총점":49.732,
            "인구수":25.02,
            "인구증감":19.02,
            "인구총점":23.22,
            "일자리":14.22,
            "소득수준":50.35,
            "일자리총점":25.059,
            "가치 총점":32.9098,
            "매매실거래년":20210829.0,
            "매매실거래가":37300.0,
            "전세실거래년":20211203.0,
            "전세실거래가":20000.0,
            "전세가율":53.62,
            "장기전세가율평균":65.83,
            "전세가율거품지수":12.21,
            "검색코드":20486,
            "세대수":408.0,
            "준공년월":"2002-09-26",
            "준공년차":21.0,
            "가까운역이름":"덕계",
            "가까운역거리":665.02,
            "역세권여부":"준역세권",
            "30분이내주요거점역":0,
            "30분거점역이름":"[]",
            "1시간이내주요거점역":0,
            "1시간거점역이름":"[]",
            "3km이내백화점수":0,
            "5km이내아울렛몰수":0,
            "1km이내대형먀트수":1,
            "500m이내은행수":2,
            "500m이내병원수":22,
            "5km이내대형병원수":0,
            "500m이내공원수":4,
            "3km이내혐오시설수":0,
            "초등학교학업성취도":90.02,
            "중학교학업성취도":66.1,
            "용적률":185,
            "건폐율":14,
            "Y":37.818908,
            "X":127.048934,
            "rank":4.0,
            "area_info":"33평(109.6)",
            "last_sales":"2021-08-29,37300.0,33평(109.6)",
            "rank_history":[
                [
                    "202202",
                    4
                ],
                [
                    "202201",
                    6
                ]
            ],
            "rank_gap":2
        },
        {
            "index":158,
            "아파트명":"은빛마을유승한내들",
            "투자타입":"일반",
            "전용면적(m2)":"79.81",
            "전용면적(평)":"24평",
            "법정동주소":"경기도 양주시 만송동 697",
            "도로명주소":"경기도 양주시 고읍북로 28-8",
            "세대수":50,
            "입주년차":60,
            "용적률점수":"--",
            "건폐율점수":"--",
            "세대당주차수":30,
            "난방방식":100,
            "공급면적":"--",
            "전용률":"--",
            "욕실수":100,
            "현관타입":100,
            "주거총점":64.0,
            "지역구공급총점":0.0,
            "역세권":0,
            "30분내 이동가능 거점":0,
            "1시간내 이동가능 거점":10,
            "교통총점":2.0,
            "백화점":0,
            "아울렛몰":0,
            "대형마트":80,
            "은행":20,
            "병원":60,
            "종합병원":80,
            "공원":100,
            "혐오시설":0,
            "인프라총점":39.0,
            "초등학군":89.99,
            "중학군":41.02,
            "학군총점":50.814,
            "인구수":25.02,
            "인구증감":19.02,
            "인구총점":23.22,
            "일자리":14.22,
            "소득수준":50.35,
            "일자리총점":25.059,
            "가치 총점":32.8221,
            "매매실거래년":20220122.0,
            "매매실거래가":33500.0,
            "전세실거래년":null,
            "전세실거래가":null,
            "전세가율":null,
            "장기전세가율평균":65.83,
            "전세가율거품지수":null,
            "검색코드":100393,
            "세대수":412.0,
            "준공년월":"2009-10-13",
            "준공년차":14.0,
            "가까운역이름":"덕계",
            "가까운역거리":3331.85,
            "역세권여부":"비역세권",
            "30분이내주요거점역":0,
            "30분거점역이름":"[]",
            "1시간이내주요거점역":1,
            "1시간거점역이름":"['잠실']",
            "3km이내백화점수":0,
            "5km이내아울렛몰수":0,
            "1km이내대형먀트수":1,
            "500m이내은행수":2,
            "500m이내병원수":29,
            "5km이내대형병원수":1,
            "500m이내공원수":3,
            "3km이내혐오시설수":0,
            "초등학교학업성취도":89.99,
            "중학교학업성취도":66.3,
            "용적률":201,
            "건폐율":24,
            "Y":37.797267,
            "X":127.083264,
            "rank":5.0,
            "area_info":"24평(79.81), 24평(79.38), 25평(83.47)",
            "last_sales":"2022-01-22,33500.0,25평(83.47)",
            "rank_history":[
                [
                    "202202",
                    5
                ],
                [
                    "202201",
                    17
                ]
            ],
            "rank_gap":12
        },
        {
            "index":254,
            "아파트명":"e편한세상옥정에듀써밋",
            "투자타입":"일반",
            "전용면적(m2)":"93.28",
            "전용면적(평)":"28평",
            "법정동주소":"경기도 양주시 옥정동 1051",
            "도로명주소":"경기도 양주시 옥정동로1길 63",
            "세대수":90,
            "입주년차":80,
            "용적률점수":"--",
            "건폐율점수":"--",
            "세대당주차수":60,
            "난방방식":100,
            "공급면적":"--",
            "전용률":"--",
            "욕실수":100,
            "현관타입":100,
            "주거총점":86.5,
            "지역구공급총점":0.0,
            "역세권":0,
            "30분내 이동가능 거점":0,
            "1시간내 이동가능 거점":0,
            "교통총점":0.0,
            "백화점":0,
            "아울렛몰":0,
            "대형마트":0,
            "은행":0,
            "병원":80,
            "종합병원":80,
            "공원":100,
            "혐오시설":0,
            "인프라총점":27.0,
            "초등학군":90.01,
            "중학군":35.74,
            "학군총점":46.594,
            "인구수":25.02,
            "인구증감":19.02,
            "인구총점":23.22,
            "일자리":14.22,
            "소득수준":50.35,
            "일자리총점":25.059,
            "가치 총점":32.3891,
            "매매실거래년":20211028.0,
            "매매실거래가":60000.0,
            "전세실거래년":20220124.0,
            "전세실거래가":20000.0,
            "전세가율":37.74,
            "장기전세가율평균":65.83,
            "전세가율거품지수":28.09,
            "검색코드":115230,
            "세대수":1160.0,
            "준공년월":"2018-05-24",
            "준공년차":5.0,
            "가까운역이름":"덕계",
            "가까운역거리":3232.0,
            "역세권여부":"비역세권",
            "30분이내주요거점역":0,
            "30분거점역이름":"[]",
            "1시간이내주요거점역":0,
            "1시간거점역이름":"[]",
            "3km이내백화점수":0,
            "5km이내아울렛몰수":0,
            "1km이내대형먀트수":0,
            "500m이내은행수":0,
            "500m이내병원수":38,
            "5km이내대형병원수":1,
            "500m이내공원수":9,
            "3km이내혐오시설수":0,
            "초등학교학업성취도":90.01,
            "중학교학업성취도":56.9,
            "용적률":179,
            "건폐율":13,
            "Y":37.816632,
            "X":127.093205,
            "rank":6.0,
            "area_info":"28평(93.28), 28평(93.82), 28평(93.99), 30평(101.8), 30평(101.94), 30평(102.44), 34평(113.31), 34평(113.53), 34평(114.06)",
            "last_sales":"2021-10-28,60000.0,34평(114.06)",
            "rank_history":[
                [
                    "202202",
                    6
                ],
                [
                    "202201",
                    7
                ]
            ],
            "rank_gap":1
        },
        {
            "index":97,
            "아파트명":"범양2단지(범양마더빌)",
            "투자타입":"일반",
            "전용면적(m2)":"108.35",
            "전용면적(평)":"32평",
            "법정동주소":"경기도 양주시 덕계동 853",
            "도로명주소":"경기도 양주시 평화로 1476-24",
            "세대수":30,
            "입주년차":40,
            "용적률점수":"--",
            "건폐율점수":"--",
            "세대당주차수":30,
            "난방방식":30,
            "공급면적":"--",
            "전용률":"--",
            "욕실수":100,
            "현관타입":100,
            "주거총점":46.0,
            "지역구공급총점":0.0,
            "역세권":50,
            "30분내 이동가능 거점":0,
            "1시간내 이동가능 거점":0,
            "교통총점":25.0,
            "백화점":0,
            "아울렛몰":0,
            "대형마트":80,
            "은행":20,
            "병원":60,
            "종합병원":0,
            "공원":100,
            "혐오시설":0,
            "인프라총점":23.0,
            "초등학군":90.03,
            "중학군":39.66,
            "학군총점":49.734,
            "인구수":25.02,
            "인구증감":19.02,
            "인구총점":23.22,
            "일자리":14.22,
            "소득수준":50.35,
            "일자리총점":25.059,
            "가치 총점":32.3101,
            "매매실거래년":20211118.0,
            "매매실거래가":30000.0,
            "전세실거래년":20211201.0,
            "전세실거래가":11000.0,
            "전세가율":36.67,
            "장기전세가율평균":65.83,
            "전세가율거품지수":29.16,
            "검색코드":19069,
            "세대수":356.0,
            "준공년월":"2006-04-28",
            "준공년차":17.0,
            "가까운역이름":"덕계",
            "가까운역거리":583.58,
            "역세권여부":"준역세권",
            "30분이내주요거점역":0,
            "30분거점역이름":"[]",
            "1시간이내주요거점역":0,
            "1시간거점역이름":"[]",
            "3km이내백화점수":0,
            "5km이내아울렛몰수":0,
            "1km이내대형먀트수":1,
            "500m이내은행수":2,
            "500m이내병원수":12,
            "5km이내대형병원수":0,
            "500m이내공원수":4,
            "3km이내혐오시설수":0,
            "초등학교학업성취도":90.03,
            "중학교학업성취도":66.1,
            "용적률":199,
            "건폐율":19,
            "Y":37.821202,
            "X":127.050801,
            "rank":7.0,
            "area_info":"32평(108.35)",
            "last_sales":"2021-11-18,30000.0,32평(108.35)",
            "rank_history":[
                [
                    "202202",
                    7
                ],
                [
                    "202201",
                    10
                ]
            ],
            "rank_gap":3
        },
        {
            "index":134,
            "아파트명":"양주서희스타힐스2단지",
            "투자타입":"일반",
            "전용면적(m2)":"81.08",
            "전용면적(평)":"24평",
            "법정동주소":"경기도 양주시 덕정동 540",
            "도로명주소":"경기도 양주시 화합로1325번길 22-33",
            "세대수":80,
            "입주년차":80,
            "용적률점수":"--",
            "건폐율점수":"--",
            "세대당주차수":60,
            "난방방식":30,
            "공급면적":"--",
            "전용률":"--",
            "욕실수":100,
            "현관타입":100,
            "주거총점":76.0,
            "지역구공급총점":0.0,
            "역세권":50,
            "30분내 이동가능 거점":0,
            "1시간내 이동가능 거점":0,
            "교통총점":25.0,
            "백화점":0,
            "아울렛몰":0,
            "대형마트":0,
            "은행":0,
            "병원":0,
            "종합병원":0,
            "공원":100,
            "혐오시설":0,
            "인프라총점":3.0,
            "초등학군":90.02,
            "중학군":39.64,
            "학군총점":49.716,
            "인구수":25.02,
            "인구증감":19.02,
            "인구총점":23.22,
            "일자리":14.22,
            "소득수준":50.35,
            "일자리총점":25.059,
            "가치 총점":32.3074,
            "매매실거래년":20211105.0,
            "매매실거래가":60000.0,
            "전세실거래년":20211023.0,
            "전세실거래가":31000.0,
            "전세가율":62.5,
            "장기전세가율평균":65.83,
            "전세가율거품지수":3.33,
            "검색코드":104289,
            "세대수":821.0,
            "준공년월":"2014-05-19",
            "준공년차":9.0,
            "가까운역이름":"덕정",
            "가까운역거리":709.38,
            "역세권여부":"준역세권",
            "30분이내주요거점역":0,
            "30분거점역이름":"[]",
            "1시간이내주요거점역":0,
            "1시간거점역이름":"[]",
            "3km이내백화점수":0,
            "5km이내아울렛몰수":0,
            "1km이내대형먀트수":0,
            "500m이내은행수":0,
            "500m이내병원수":1,
            "5km이내대형병원수":0,
            "500m이내공원수":2,
            "3km이내혐오시설수":0,
            "초등학교학업성취도":90.02,
            "중학교학업성취도":65.4,
            "용적률":221,
            "건폐율":19,
            "Y":37.848806,
            "X":127.065105,
            "rank":8.0,
            "area_info":"24평(81.08), 24평(81.05), 28평(94.09), 28평(95.61), 33평(111.48), 33평(111.47), 33평(111.36)",
            "last_sales":"2021-11-05,60000.0,33평(111.47)",
            "rank_history":[
                [
                    "202202",
                    8
                ],
                [
                    "202201",
                    1
                ]
            ],
            "rank_gap":-7
        },
        {
            "index":42,
            "아파트명":"해동마을신도브래뉴",
            "투자타입":"일반",
            "전용면적(m2)":"108.71",
            "전용면적(평)":"32평",
            "법정동주소":"경기도 양주시 광사동 713",
            "도로명주소":"경기도 양주시 고읍남로39번길 48",
            "세대수":80,
            "입주년차":60,
            "용적률점수":"--",
            "건폐율점수":"--",
            "세대당주차수":60,
            "난방방식":30,
            "공급면적":"--",
            "전용률":"--",
            "욕실수":100,
            "현관타입":50,
            "주거총점":67.0,
            "지역구공급총점":0.0,
            "역세권":0,
            "30분내 이동가능 거점":0,
            "1시간내 이동가능 거점":0,
            "교통총점":0.0,
            "백화점":0,
            "아울렛몰":0,
            "대형마트":80,
            "은행":0,
            "병원":60,
            "종합병원":80,
            "공원":100,
            "혐오시설":0,
            "인프라총점":37.0,
            "초등학군":90.0,
            "중학군":41.02,
            "학군총점":50.816,
            "인구수":25.02,
            "인구증감":19.02,
            "인구총점":23.22,
            "일자리":14.22,
            "소득수준":50.35,
            "일자리총점":25.059,
            "가치 총점":32.1224,
            "매매실거래년":20211105.0,
            "매매실거래가":64500.0,
            "전세실거래년":20220120.0,
            "전세실거래가":29000.0,
            "전세가율":72.86,
            "장기전세가율평균":65.83,
            "전세가율거품지수":-7.03,
            "검색코드":27358,
            "세대수":744.0,
            "준공년월":"2009-11-27",
            "준공년차":14.0,
            "가까운역이름":"덕계",
            "가까운역거리":3528.59,
            "역세권여부":"비역세권",
            "30분이내주요거점역":0,
            "30분거점역이름":"[]",
            "1시간이내주요거점역":0,
            "1시간거점역이름":"[]",
            "3km이내백화점수":0,
            "5km이내아울렛몰수":0,
            "1km이내대형먀트수":1,
            "500m이내은행수":1,
            "500m이내병원수":25,
            "5km이내대형병원수":1,
            "500m이내공원수":5,
            "3km이내혐오시설수":0,
            "초등학교학업성취도":90.0,
            "중학교학업성취도":66.3,
            "용적률":199,
            "건폐율":20,
            "Y":37.791859,
            "X":127.078335,
            "rank":9.0,
            "area_info":"32평(108.71), 33평(109.79), 33평(109.94), 49평(163.46), 49평(163.46), 50평(166.31), 59평(197.38), 78평(258.09)",
            "last_sales":"2021-11-05,64500.0,59평(197.38)",
            "rank_history":[
                [
                    "202202",
                    9
                ],
                [
                    "202201",
                    20
                ]
            ],
            "rank_gap":11
        },
        {
            "index":161,
            "아파트명":"은빛마을한양수자인",
            "투자타입":"일반",
            "전용면적(m2)":"124.72",
            "전용면적(평)":"37평",
            "법정동주소":"경기도 양주시 만송동 696",
            "도로명주소":"경기도 양주시 고읍로 117-7",
            "세대수":50,
            "입주년차":60,
            "용적률점수":"--",
            "건폐율점수":"--",
            "세대당주차수":60,
            "난방방식":100,
            "공급면적":"--",
            "전용률":"--",
            "욕실수":100,
            "현관타입":50,
            "주거총점":63.5,
            "지역구공급총점":0.0,
            "역세권":0,
            "30분내 이동가능 거점":0,
            "1시간내 이동가능 거점":0,
            "교통총점":0.0,
            "백화점":0,
            "아울렛몰":0,
            "대형마트":80,
            "은행":20,
            "병원":60,
            "종합병원":80,
            "공원":100,
            "혐오시설":0,
            "인프라총점":39.0,
            "초등학군":89.99,
            "중학군":41.02,
            "학군총점":50.814,
            "인구수":25.02,
            "인구증감":19.02,
            "인구총점":23.22,
            "일자리":14.22,
            "소득수준":50.35,
            "일자리총점":25.059,
            "가치 총점":32.0221,
            "매매실거래년":20211228.0,
            "매매실거래가":53500.0,
            "전세실거래년":20211120.0,
            "전세실거래가":21000.0,
            "전세가율":47.19,
            "장기전세가율평균":65.83,
            "전세가율거품지수":18.64,
            "검색코드":27357,
            "세대수":434.0,
            "준공년월":"2010-01-05",
            "준공년차":13.0,
            "가까운역이름":"덕계",
            "가까운역거리":3424.85,
            "역세권여부":"비역세권",
            "30분이내주요거점역":0,
            "30분거점역이름":"[]",
            "1시간이내주요거점역":0,
            "1시간거점역이름":"[]",
            "3km이내백화점수":0,
            "5km이내아울렛몰수":0,
            "1km이내대형먀트수":1,
            "500m이내은행수":2,
            "500m이내병원수":28,
            "5km이내대형병원수":1,
            "500m이내공원수":5,
            "3km이내혐오시설수":0,
            "초등학교학업성취도":89.99,
            "중학교학업성취도":66.3,
            "용적률":201,
            "건폐율":22,
            "Y":37.795668,
            "X":127.082671,
            "rank":10.0,
            "area_info":"37평(124.72), 37평(124.72), 37평(125.29), 45평(149.04), 56평(185.35)",
            "last_sales":"2021-12-28,53500.0,45평(149.04)",
            "rank_history":[
                [
                    "202202",
                    10
                ],
                [
                    "202201",
                    22
                ]
            ],
            "rank_gap":12
        },
        {
            "index":21,
            "아파트명":"산내들마을우미린",
            "투자타입":"일반",
            "전용면적(m2)":"109.71",
            "전용면적(평)":"33평",
            "법정동주소":"경기도 양주시 고읍동 451",
            "도로명주소":"경기도 양주시 고읍로35번길 8",
            "세대수":50,
            "입주년차":60,
            "용적률점수":"--",
            "건폐율점수":"--",
            "세대당주차수":30,
            "난방방식":100,
            "공급면적":"--",
            "전용률":"--",
            "욕실수":100,
            "현관타입":50,
            "주거총점":59.0,
            "지역구공급총점":0.0,
            "역세권":0,
            "30분내 이동가능 거점":0,
            "1시간내 이동가능 거점":10,
            "교통총점":2.0,
            "백화점":0,
            "아울렛몰":0,
            "대형마트":80,
            "은행":20,
            "병원":60,
            "종합병원":80,
            "공원":100,
            "혐오시설":0,
            "인프라총점":39.0,
            "초등학군":89.99,
            "중학군":41.02,
            "학군총점":50.814,
            "인구수":25.02,
            "인구증감":19.02,
            "인구총점":23.22,
            "일자리":14.22,
            "소득수준":50.35,
            "일자리총점":25.059,
            "가치 총점":31.8221,
            "매매실거래년":20210918.0,
            "매매실거래가":47000.0,
            "전세실거래년":20200709.0,
            "전세실거래가":12000.0,
            "전세가율":30.11,
            "장기전세가율평균":65.83,
            "전세가율거품지수":35.72,
            "검색코드":27853,
            "세대수":513.0,
            "준공년월":"2009-08-27",
            "준공년차":14.0,
            "가까운역이름":"덕계",
            "가까운역거리":2919.86,
            "역세권여부":"비역세권",
            "30분이내주요거점역":0,
            "30분거점역이름":"[]",
            "1시간이내주요거점역":1,
            "1시간거점역이름":"['잠실']",
            "3km이내백화점수":0,
            "5km이내아울렛몰수":0,
            "1km이내대형먀트수":1,
            "500m이내은행수":2,
            "500m이내병원수":29,
            "5km이내대형병원수":1,
            "500m이내공원수":4,
            "3km이내혐오시설수":0,
            "초등학교학업성취도":89.99,
            "중학교학업성취도":66.3,
            "용적률":190,
            "건폐율":21,
            "Y":37.799035,
            "X":127.078814,
            "rank":11.0,
            "area_info":"33평(109.71), 33평(110.14), 33평(110.67), 34평(112.44), 34평(112.53), 34평(113.07), 34평(113.7)",
            "last_sales":"2021-09-18,47000.0,34평(113.07)",
            "rank_history":[
                [
                    "202202",
                    11
                ],
                [
                    "202201",
                    8
                ]
            ],
            "rank_gap":-3
        },
        {
            "index":28,
            "아파트명":"산내들마을한양수자인",
            "투자타입":"일반",
            "전용면적(m2)":"109.22",
            "전용면적(평)":"33평",
            "법정동주소":"경기도 양주시 고읍동 440",
            "도로명주소":"경기도 양주시 고읍로 11-7",
            "세대수":50,
            "입주년차":60,
            "용적률점수":"--",
            "건폐율점수":"--",
            "세대당주차수":60,
            "난방방식":100,
            "공급면적":"--",
            "전용률":"--",
            "욕실수":100,
            "현관타입":100,
            "주거총점":68.5,
            "지역구공급총점":0.0,
            "역세권":0,
            "30분내 이동가능 거점":0,
            "1시간내 이동가능 거점":10,
            "교통총점":2.0,
            "백화점":0,
            "아울렛몰":0,
            "대형마트":80,
            "은행":0,
            "병원":0,
            "종합병원":80,
            "공원":100,
            "혐오시설":0,
            "인프라총점":31.0,
            "초등학군":89.99,
            "중학군":41.02,
            "학군총점":50.814,
            "인구수":25.02,
            "인구증감":19.02,
            "인구총점":23.22,
            "일자리":14.22,
            "소득수준":50.35,
            "일자리총점":25.059,
            "가치 총점":31.3221,
            "매매실거래년":20211029.0,
            "매매실거래가":45000.0,
            "전세실거래년":20211221.0,
            "전세실거래가":30000.0,
            "전세가율":66.67,
            "장기전세가율평균":65.83,
            "전세가율거품지수":-0.84,
            "검색코드":27356,
            "세대수":598.0,
            "준공년월":"2009-11-10",
            "준공년차":14.0,
            "가까운역이름":"덕계",
            "가까운역거리":2748.66,
            "역세권여부":"비역세권",
            "30분이내주요거점역":0,
            "30분거점역이름":"[]",
            "1시간이내주요거점역":1,
            "1시간거점역이름":"['잠실']",
            "3km이내백화점수":0,
            "5km이내아울렛몰수":0,
            "1km이내대형먀트수":1,
            "500m이내은행수":0,
            "500m이내병원수":1,
            "5km이내대형병원수":1,
            "500m이내공원수":3,
            "3km이내혐오시설수":0,
            "초등학교학업성취도":89.99,
            "중학교학업성취도":66.3,
            "용적률":202,
            "건폐율":21,
            "Y":37.802498,
            "X":127.080349,
            "rank":12.0,
            "area_info":"33평(109.22), 33평(111.84), 34평(112.53), 37평(122.82), 38평(128.13), 45평(149.53)",
            "last_sales":"2021-10-29,45000.0,33평(109.22)",
            "rank_history":[
                [
                    "202202",
                    12
                ],
                [
                    "202201",
                    9
                ]
            ],
            "rank_gap":-3
        },
        {
            "index":126,
            "아파트명":"봉우마을주공5단지",
            "투자타입":"일반",
            "전용면적(m2)":"69.41",
            "전용면적(평)":"20평",
            "법정동주소":"경기도 양주시 덕정동 235",
            "도로명주소":"경기도 양주시 고암길 354",
            "세대수":100,
            "입주년차":20,
            "용적률점수":"--",
            "건폐율점수":"--",
            "세대당주차수":0,
            "난방방식":30,
            "공급면적":"--",
            "전용률":"--",
            "욕실수":50,
            "현관타입":100,
            "주거총점":57.0,
            "지역구공급총점":0.0,
            "역세권":50,
            "30분내 이동가능 거점":0,
            "1시간내 이동가능 거점":0,
            "교통총점":25.0,
            "백화점":0,
            "아울렛몰":0,
            "대형마트":0,
            "은행":0,
            "병원":60,
            "종합병원":0,
            "공원":100,
            "혐오시설":0,
            "인프라총점":9.0,
            "초등학군":89.98,
            "중학군":44.54,
            "학군총점":53.628,
            "인구수":25.02,
            "인구증감":19.02,
            "인구총점":23.22,
            "일자리":14.22,
            "소득수준":50.35,
            "일자리총점":25.059,
            "가치 총점":30.8942,
            "매매실거래년":20211230.0,
            "매매실거래가":27900.0,
            "전세실거래년":20211204.0,
            "전세실거래가":20000.0,
            "전세가율":64.94,
            "장기전세가율평균":65.83,
            "전세가율거품지수":0.89,
            "검색코드":11140,
            "세대수":1732.0,
            "준공년월":"2000-08-01",
            "준공년차":23.0,
            "가까운역이름":"덕정",
            "가까운역거리":787.44,
            "역세권여부":"준역세권",
            "30분이내주요거점역":0,
            "30분거점역이름":"[]",
            "1시간이내주요거점역":0,
            "1시간거점역이름":"[]",
            "3km이내백화점수":0,
            "5km이내아울렛몰수":0,
            "1km이내대형먀트수":0,
            "500m이내은행수":1,
            "500m이내병원수":27,
            "5km이내대형병원수":0,
            "500m이내공원수":6,
            "3km이내혐오시설수":0,
            "초등학교학업성취도":89.98,
            "중학교학업성취도":72.5,
            "용적률":214,
            "건폐율":16,
            "Y":37.836732,
            "X":127.064962,
            "rank":13.0,
            "area_info":"20평(69.41), 25평(82.96), 24평(82.55)",
            "last_sales":"2021-12-30,27900.0,25평(82.96)",
            "rank_history":[
                [
                    "202202",
                    13
                ],
                [
                    "202201",
                    3
                ]
            ],
            "rank_gap":-10
        },
        {
            "index":142,
            "아파트명":"은동마을주공1단지",
            "투자타입":"일반",
            "전용면적(m2)":"110.62",
            "전용면적(평)":"33평",
            "법정동주소":"경기도 양주시 덕정동 164",
            "도로명주소":"경기도 양주시 화합로1426번길 39",
            "세대수":80,
            "입주년차":20,
            "용적률점수":"--",
            "건폐율점수":"--",
            "세대당주차수":30,
            "난방방식":30,
            "공급면적":"--",
            "전용률":"--",
            "욕실수":100,
            "현관타입":100,
            "주거총점":59.5,
            "지역구공급총점":0.0,
            "역세권":50,
            "30분내 이동가능 거점":0,
            "1시간내 이동가능 거점":0,
            "교통총점":25.0,
            "백화점":0,
            "아울렛몰":0,
            "대형마트":0,
            "은행":0,
            "병원":60,
            "종합병원":0,
            "공원":100,
            "혐오시설":0,
            "인프라총점":9.0,
            "초등학군":90.0,
            "중학군":39.64,
            "학군총점":49.712,
            "인구수":25.02,
            "인구증감":19.02,
            "인구총점":23.22,
            "일자리":14.22,
            "소득수준":50.35,
            "일자리총점":25.059,
            "가치 총점":30.8068,
            "매매실거래년":20220122.0,
            "매매실거래가":43000.0,
            "전세실거래년":20220103.0,
            "전세실거래가":26000.0,
            "전세가율":60.47,
            "장기전세가율평균":65.83,
            "전세가율거품지수":5.36,
            "검색코드":11158,
            "세대수":792.0,
            "준공년월":"2001-01-29",
            "준공년차":22.0,
            "가까운역이름":"덕정",
            "가까운역거리":746.26,
            "역세권여부":"준역세권",
            "30분이내주요거점역":0,
            "30분거점역이름":"[]",
            "1시간이내주요거점역":0,
            "1시간거점역이름":"[]",
            "3km이내백화점수":0,
            "5km이내아울렛몰수":0,
            "1km이내대형먀트수":0,
            "500m이내은행수":0,
            "500m이내병원수":25,
            "5km이내대형병원수":0,
            "500m이내공원수":7,
            "3km이내혐오시설수":0,
            "초등학교학업성취도":90.0,
            "중학교학업성취도":65.4,
            "용적률":216,
            "건폐율":14,
            "Y":37.839643,
            "X":127.068493,
            "rank":14.0,
            "area_info":"33평(110.62), 33평(110.81)",
            "last_sales":"2022-01-22,43000.0,33평(110.62)",
            "rank_history":[
                [
                    "202202",
                    14
                ],
                [
                    "202201",
                    2
                ]
            ],
            "rank_gap":-12
        },
        {
            "index":53,
            "아파트명":"해동마을한양수자인",
            "투자타입":"일반",
            "전용면적(m2)":"80.99",
            "전용면적(평)":"24평",
            "법정동주소":"경기도 양주시 광사동 712",
            "도로명주소":"경기도 양주시 고읍남로39번길 84",
            "세대수":80,
            "입주년차":60,
            "용적률점수":"--",
            "건폐율점수":"--",
            "세대당주차수":30,
            "난방방식":30,
            "공급면적":"--",
            "전용률":"--",
            "욕실수":100,
            "현관타입":50,
            "주거총점":62.5,
            "지역구공급총점":0.0,
            "역세권":0,
            "30분내 이동가능 거점":0,
            "1시간내 이동가능 거점":0,
            "교통총점":0.0,
            "백화점":0,
            "아울렛몰":0,
            "대형마트":80,
            "은행":0,
            "병원":0,
            "종합병원":100,
            "공원":100,
            "혐오시설":0,
            "인프라총점":35.0,
            "초등학군":90.0,
            "중학군":41.02,
            "학군총점":50.816,
            "인구수":25.02,
            "인구증감":19.02,
            "인구총점":23.22,
            "일자리":14.22,
            "소득수준":50.35,
            "일자리총점":25.059,
            "가치 총점":30.6224,
            "매매실거래년":20211123.0,
            "매매실거래가":32000.0,
            "전세실거래년":20220126.0,
            "전세실거래가":16500.0,
            "전세가율":51.56,
            "장기전세가율평균":65.83,
            "전세가율거품지수":14.27,
            "검색코드":27552,
            "세대수":764.0,
            "준공년월":"2010-07-28",
            "준공년차":13.0,
            "가까운역이름":"양주",
            "가까운역거리":3423.1,
            "역세권여부":"비역세권",
            "30분이내주요거점역":0,
            "30분거점역이름":"[]",
            "1시간이내주요거점역":0,
            "1시간거점역이름":"[]",
            "3km이내백화점수":0,
            "5km이내아울렛몰수":0,
            "1km이내대형먀트수":1,
            "500m이내은행수":0,
            "500m이내병원수":0,
            "5km이내대형병원수":2,
            "500m이내공원수":6,
            "3km이내혐오시설수":0,
            "초등학교학업성취도":90.0,
            "중학교학업성취도":66.3,
            "용적률":194,
            "건폐율":20,
            "Y":37.788936,
            "X":127.07903,
            "rank":15.0,
            "area_info":"24평(80.99), 24평(81.43), 34평(114.25), 34평(114.52)",
            "last_sales":"2021-11-23,32000.0,24평(80.99)",
            "rank_history":[
                [
                    "202202",
                    15
                ],
                [
                    "202201",
                    27
                ]
            ],
            "rank_gap":12
        },
        {
            "index":95,
            "아파트명":"범양1단지",
            "투자타입":"일반",
            "전용면적(m2)":"108.49",
            "전용면적(평)":"32평",
            "법정동주소":"경기도 양주시 덕계동 854",
            "도로명주소":"경기도 양주시 평화로 1476-20",
            "세대수":0,
            "입주년차":40,
            "용적률점수":"--",
            "건폐율점수":"--",
            "세대당주차수":30,
            "난방방식":30,
            "공급면적":"--",
            "전용률":"--",
            "욕실수":100,
            "현관타입":100,
            "주거총점":35.5,
            "지역구공급총점":0.0,
            "역세권":50,
            "30분내 이동가능 거점":0,
            "1시간내 이동가능 거점":0,
            "교통총점":25.0,
            "백화점":0,
            "아울렛몰":0,
            "대형마트":80,
            "은행":20,
            "병원":60,
            "종합병원":0,
            "공원":100,
            "혐오시설":0,
            "인프라총점":23.0,
            "초등학군":90.03,
            "중학군":39.66,
            "학군총점":49.734,
            "인구수":25.02,
            "인구증감":19.02,
            "인구총점":23.22,
            "일자리":14.22,
            "소득수준":50.35,
            "일자리총점":25.059,
            "가치 총점":30.2101,
            "매매실거래년":20210621.0,
            "매매실거래가":35000.0,
            "전세실거래년":20220113.0,
            "전세실거래가":28000.0,
            "전세가율":80.0,
            "장기전세가율평균":65.83,
            "전세가율거품지수":-14.17,
            "검색코드":26220,
            "세대수":152.0,
            "준공년월":"2006-04-28",
            "준공년차":17.0,
            "가까운역이름":"덕계",
            "가까운역거리":689.84,
            "역세권여부":"준역세권",
            "30분이내주요거점역":0,
            "30분거점역이름":"[]",
            "1시간이내주요거점역":0,
            "1시간거점역이름":"[]",
            "3km이내백화점수":0,
            "5km이내아울렛몰수":0,
            "1km이내대형먀트수":1,
            "500m이내은행수":2,
            "500m이내병원수":14,
            "5km이내대형병원수":0,
            "500m이내공원수":4,
            "3km이내혐오시설수":0,
            "초등학교학업성취도":90.03,
            "중학교학업성취도":66.1,
            "용적률":199,
            "건폐율":18,
            "Y":37.821427,
            "X":127.049571,
            "rank":16.0,
            "area_info":"32평(108.49), 40평(132.74)",
            "last_sales":"2021-06-21,35000.0,32평(108.49)",
            "rank_history":[
                [
                    "202202",
                    16
                ],
                [
                    "202201",
                    12
                ]
            ],
            "rank_gap":-4
        },
        {
            "index":265,
            "아파트명":"세영리첼레이크파크(민간임대)",
            "투자타입":"일반",
            "전용면적(m2)":"87.59",
            "전용면적(평)":"26평",
            "법정동주소":"경기도 양주시 옥정동 970",
            "도로명주소":"경기도 양주시 회천남로 14",
            "세대수":80,
            "입주년차":100,
            "용적률점수":"--",
            "건폐율점수":"--",
            "세대당주차수":60,
            "난방방식":100,
            "공급면적":"--",
            "전용률":"--",
            "욕실수":100,
            "현관타입":100,
            "주거총점":87.0,
            "지역구공급총점":0.0,
            "역세권":0,
            "30분내 이동가능 거점":0,
            "1시간내 이동가능 거점":0,
            "교통총점":0.0,
            "백화점":0,
            "아울렛몰":0,
            "대형마트":0,
            "은행":0,
            "병원":0,
            "종합병원":80,
            "공원":100,
            "혐오시설":0,
            "인프라총점":19.0,
            "초등학군":90.01,
            "중학군":35.74,
            "학군총점":46.594,
            "인구수":25.02,
            "인구증감":19.02,
            "인구총점":23.22,
            "일자리":14.22,
            "소득수준":50.35,
            "일자리총점":25.059,
            "가치 총점":30.0891,
            "매매실거래년":"18000101",
            "매매실거래가":null,
            "전세실거래년":null,
            "전세실거래가":null,
            "전세가율":null,
            "장기전세가율평균":65.83,
            "전세가율거품지수":null,
            "검색코드":119434,
            "세대수":811.0,
            "준공년월":"2020-04-01",
            "준공년차":3.0,
            "가까운역이름":"덕계",
            "가까운역거리":3923.83,
            "역세권여부":"비역세권",
            "30분이내주요거점역":0,
            "30분거점역이름":"[]",
            "1시간이내주요거점역":0,
            "1시간거점역이름":"[]",
            "3km이내백화점수":0,
            "5km이내아울렛몰수":0,
            "1km이내대형먀트수":0,
            "500m이내은행수":0,
            "500m이내병원수":0,
            "5km이내대형병원수":1,
            "500m이내공원수":2,
            "3km이내혐오시설수":0,
            "초등학교학업성취도":90.01,
            "중학교학업성취도":56.9,
            "용적률":0,
            "건폐율":0,
            "Y":37.819144,
            "X":127.101149,
            "rank":17.0,
            "area_info":"26평(87.59), 30평(100.63), 33평(110.94), 33평(111.0)",
            "last_sales":"1800-01-01,nan,26평(87.59)",
            "rank_history":[
                [
                    "202202",
                    17
                ],
                [
                    "202201",
                    13
                ]
            ],
            "rank_gap":-4
        },
        {
            "index":286,
            "아파트명":"율정마을13단지",
            "투자타입":"일반",
            "전용면적(m2)":"99.2",
            "전용면적(평)":"30평",
            "법정동주소":"경기도 양주시 옥정동 1046",
            "도로명주소":"경기도 양주시 옥정동로 162",
            "세대수":90,
            "입주년차":80,
            "용적률점수":"--",
            "건폐율점수":"--",
            "세대당주차수":60,
            "난방방식":100,
            "공급면적":"--",
            "전용률":"--",
            "욕실수":100,
            "현관타입":100,
            "주거총점":86.5,
            "지역구공급총점":0.0,
            "역세권":0,
            "30분내 이동가능 거점":0,
            "1시간내 이동가능 거점":0,
            "교통총점":0.0,
            "백화점":0,
            "아울렛몰":0,
            "대형마트":0,
            "은행":0,
            "병원":0,
            "종합병원":80,
            "공원":0,
            "혐오시설":0,
            "인프라총점":16.0,
            "초등학군":90.01,
            "중학군":35.74,
            "학군총점":46.594,
            "인구수":25.02,
            "인구증감":19.02,
            "인구총점":23.22,
            "일자리":14.22,
            "소득수준":50.35,
            "일자리총점":25.059,
            "가치 총점":29.0891,
            "매매실거래년":20211024.0,
            "매매실거래가":43500.0,
            "전세실거래년":20211030.0,
            "전세실거래가":30000.0,
            "전세가율":75.0,
            "장기전세가율평균":65.83,
            "전세가율거품지수":-9.17,
            "검색코드":132662,
            "세대수":962.0,
            "준공년월":"2014-11-05",
            "준공년차":9.0,
            "가까운역이름":"덕계",
            "가까운역거리":3992.28,
            "역세권여부":"비역세권",
            "30분이내주요거점역":0,
            "30분거점역이름":"[]",
            "1시간이내주요거점역":0,
            "1시간거점역이름":"[]",
            "3km이내백화점수":0,
            "5km이내아울렛몰수":0,
            "1km이내대형먀트수":0,
            "500m이내은행수":0,
            "500m이내병원수":0,
            "5km이내대형병원수":1,
            "500m이내공원수":0,
            "3km이내혐오시설수":0,
            "초등학교학업성취도":90.01,
            "중학교학업성취도":56.9,
            "용적률":179,
            "건폐율":14,
            "Y":37.821318,
            "X":127.101795,
            "rank":18.0,
            "area_info":"30평(99.2), 33평(112.39), 34평(112.44)",
            "last_sales":"2021-10-24,43500.0,34평(112.44)",
            "rank_history":[
                [
                    "202202",
                    18
                ],
                [
                    "202201",
                    16
                ]
            ],
            "rank_gap":-2
        },
        {
            "index":117,
            "아파트명":"양주윤중",
            "투자타입":"일반",
            "전용면적(m2)":"72.15",
            "전용면적(평)":"21평",
            "법정동주소":"경기도 양주시 덕계동 201",
            "도로명주소":"경기도 양주시 고덕로139번길 361-20",
            "세대수":30,
            "입주년차":20,
            "용적률점수":"--",
            "건폐율점수":"--",
            "세대당주차수":0,
            "난방방식":30,
            "공급면적":"--",
            "전용률":"--",
            "욕실수":50,
            "현관타입":100,
            "주거총점":32.5,
            "지역구공급총점":0.0,
            "역세권":80,
            "30분내 이동가능 거점":0,
            "1시간내 이동가능 거점":0,
            "교통총점":40.0,
            "백화점":0,
            "아울렛몰":0,
            "대형마트":0,
            "은행":0,
            "병원":0,
            "종합병원":0,
            "공원":80,
            "혐오시설":0,
            "인프라총점":2.4,
            "초등학군":90.03,
            "중학군":39.66,
            "학군총점":49.734,
            "인구수":25.02,
            "인구증감":19.02,
            "인구총점":23.22,
            "일자리":14.22,
            "소득수준":50.35,
            "일자리총점":25.059,
            "가치 총점":28.6801,
            "매매실거래년":20211213.0,
            "매매실거래가":25500.0,
            "전세실거래년":20211121.0,
            "전세실거래가":14000.0,
            "전세가율":59.07,
            "장기전세가율평균":65.83,
            "전세가율거품지수":6.76,
            "검색코드":9856,
            "세대수":320.0,
            "준공년월":"2002-11-18",
            "준공년차":21.0,
            "가까운역이름":"덕계",
            "가까운역거리":436.71,
            "역세권여부":"역세권",
            "30분이내주요거점역":0,
            "30분거점역이름":"[]",
            "1시간이내주요거점역":0,
            "1시간거점역이름":"[]",
            "3km이내백화점수":0,
            "5km이내아울렛몰수":0,
            "1km이내대형먀트수":0,
            "500m이내은행수":0,
            "500m이내병원수":0,
            "5km이내대형병원수":0,
            "500m이내공원수":1,
            "3km이내혐오시설수":0,
            "초등학교학업성취도":90.03,
            "중학교학업성취도":66.1,
            "용적률":254,
            "건폐율":20,
            "Y":37.822371,
            "X":127.057215,
            "rank":19.0,
            "area_info":"21평(72.15), 29평(98.2)",
            "last_sales":"2021-12-13,25500.0,29평(98.2)",
            "rank_history":[
                [
                    "202202",
                    19
                ],
                [
                    "202201",
                    19
                ]
            ],
            "rank_gap":0
        },
        {
            "index":18,
            "아파트명":"산내들마을우남퍼스트빌",
            "투자타입":"일반",
            "전용면적(m2)":"111.43",
            "전용면적(평)":"33평",
            "법정동주소":"경기도 양주시 고읍동 455",
            "도로명주소":"경기도 양주시 고읍로 36-10",
            "세대수":30,
            "입주년차":60,
            "용적률점수":"--",
            "건폐율점수":"--",
            "세대당주차수":30,
            "난방방식":100,
            "공급면적":"--",
            "전용률":"--",
            "욕실수":100,
            "현관타입":100,
            "주거총점":57.0,
            "지역구공급총점":0.0,
            "역세권":0,
            "30분내 이동가능 거점":0,
            "1시간내 이동가능 거점":0,
            "교통총점":0.0,
            "백화점":0,
            "아울렛몰":0,
            "대형마트":80,
            "은행":0,
            "병원":10,
            "종합병원":80,
            "공원":100,
            "혐오시설":0,
            "인프라총점":32.0,
            "초등학군":89.99,
            "중학군":41.02,
            "학군총점":50.814,
            "인구수":25.02,
            "인구증감":19.02,
            "인구총점":23.22,
            "일자리":14.22,
            "소득수준":50.35,
            "일자리총점":25.059,
            "가치 총점":28.6221,
            "매매실거래년":20210814.0,
            "매매실거래가":42000.0,
            "전세실거래년":20211208.0,
            "전세실거래가":18900.0,
            "전세가율":45.0,
            "장기전세가율평균":65.83,
            "전세가율거품지수":20.83,
            "검색코드":100389,
            "세대수":376.0,
            "준공년월":"2009-09-24",
            "준공년차":14.0,
            "가까운역이름":"덕계",
            "가까운역거리":2708.54,
            "역세권여부":"비역세권",
            "30분이내주요거점역":0,
            "30분거점역이름":"[]",
            "1시간이내주요거점역":0,
            "1시간거점역이름":"[]",
            "3km이내백화점수":0,
            "5km이내아울렛몰수":0,
            "1km이내대형먀트수":1,
            "500m이내은행수":0,
            "500m이내병원수":4,
            "5km이내대형병원수":1,
            "500m이내공원수":3,
            "3km이내혐오시설수":0,
            "초등학교학업성취도":89.99,
            "중학교학업성취도":66.3,
            "용적률":186,
            "건폐율":20,
            "Y":37.800628,
            "X":127.077454,
            "rank":20.0,
            "area_info":"33평(111.43), 33평(112.25), 34평(113.52)",
            "last_sales":"2021-08-14,42000.0,34평(113.52)",
            "rank_history":[
                [
                    "202202",
                    20
                ],
                [
                    "202201",
                    18
                ]
            ],
            "rank_gap":-2
        },
        {
            "index":101,
            "아파트명":"신우",
            "투자타입":"일반",
            "전용면적(m2)":"74.47",
            "전용면적(평)":"22평",
            "법정동주소":"경기도 양주시 덕계동 417-1",
            "도로명주소":"경기도 양주시 평화로1416번길 14",
            "세대수":50,
            "입주년차":0,
            "용적률점수":"--",
            "건폐율점수":"--",
            "세대당주차수":0,
            "난방방식":30,
            "공급면적":"--",
            "전용률":"--",
            "욕실수":50,
            "현관타입":10,
            "주거총점":26.5,
            "지역구공급총점":0.0,
            "역세권":50,
            "30분내 이동가능 거점":0,
            "1시간내 이동가능 거점":0,
            "교통총점":25.0,
            "백화점":0,
            "아울렛몰":0,
            "대형마트":80,
            "은행":20,
            "병원":60,
            "종합병원":0,
            "공원":80,
            "혐오시설":0,
            "인프라총점":22.4,
            "초등학군":90.02,
            "중학군":39.66,
            "학군총점":49.732,
            "인구수":25.02,
            "인구증감":19.02,
            "인구총점":23.22,
            "일자리":14.22,
            "소득수준":50.35,
            "일자리총점":25.059,
            "가치 총점":28.2298,
            "매매실거래년":20211202.0,
            "매매실거래가":28000.0,
            "전세실거래년":null,
            "전세실거래가":null,
            "전세가율":null,
            "장기전세가율평균":65.83,
            "전세가율거품지수":null,
            "검색코드":14902,
            "세대수":491.0,
            "준공년월":"1994-12-05",
            "준공년차":29.0,
            "가까운역이름":"덕계",
            "가까운역거리":816.23,
            "역세권여부":"준역세권",
            "30분이내주요거점역":0,
            "30분거점역이름":"[]",
            "1시간이내주요거점역":0,
            "1시간거점역이름":"[]",
            "3km이내백화점수":0,
            "5km이내아울렛몰수":0,
            "1km이내대형먀트수":1,
            "500m이내은행수":2,
            "500m이내병원수":20,
            "5km이내대형병원수":0,
            "500m이내공원수":1,
            "3km이내혐오시설수":0,
            "초등학교학업성취도":90.02,
            "중학교학업성취도":66.1,
            "용적률":282,
            "건폐율":0,
            "Y":37.816697,
            "X":127.047474,
            "rank":21.0,
            "area_info":"22평(74.47), 24평(81.24), 25평(85.63), 28평(95.62), 29평(98.33), 30평(100.31), 31평(102.5)",
            "last_sales":"2021-12-02,28000.0,31평(102.5)",
            "rank_history":[
                [
                    "202202",
                    21
                ],
                [
                    "202201",
                    21
                ]
            ],
            "rank_gap":0
        },
        {
            "index":37,
            "아파트명":"대방노블랜드",
            "투자타입":"일반",
            "전용면적(m2)":"103.56",
            "전용면적(평)":"31평",
            "법정동주소":"경기도 양주시 광사동 131-4",
            "도로명주소":"경기도 양주시 부흥로 1898-4",
            "세대수":50,
            "입주년차":20,
            "용적률점수":"--",
            "건폐율점수":"--",
            "세대당주차수":30,
            "난방방식":30,
            "공급면적":"--",
            "전용률":"--",
            "욕실수":100,
            "현관타입":100,
            "주거총점":49.0,
            "지역구공급총점":0.0,
            "역세권":0,
            "30분내 이동가능 거점":0,
            "1시간내 이동가능 거점":0,
            "교통총점":0.0,
            "백화점":0,
            "아울렛몰":0,
            "대형마트":80,
            "은행":0,
            "병원":0,
            "종합병원":100,
            "공원":100,
            "혐오시설":0,
            "인프라총점":35.0,
            "초등학군":90.0,
            "중학군":41.02,
            "학군총점":50.816,
            "인구수":25.02,
            "인구증감":19.02,
            "인구총점":23.22,
            "일자리":14.22,
            "소득수준":50.35,
            "일자리총점":25.059,
            "가치 총점":27.9224,
            "매매실거래년":20211130.0,
            "매매실거래가":31650.0,
            "전세실거래년":20211107.0,
            "전세실거래가":26000.0,
            "전세가율":82.15,
            "장기전세가율평균":65.83,
            "전세가율거품지수":-16.32,
            "검색코드":12102,
            "세대수":499.0,
            "준공년월":"2003-08-30",
            "준공년차":20.0,
            "가까운역이름":"양주",
            "가까운역거리":3251.51,
            "역세권여부":"비역세권",
            "30분이내주요거점역":0,
            "30분거점역이름":"[]",
            "1시간이내주요거점역":0,
            "1시간거점역이름":"[]",
            "3km이내백화점수":0,
            "5km이내아울렛몰수":0,
            "1km이내대형먀트수":1,
            "500m이내은행수":0,
            "500m이내병원수":0,
            "5km이내대형병원수":2,
            "500m이내공원수":2,
            "3km이내혐오시설수":0,
            "초등학교학업성취도":90.0,
            "중학교학업성취도":66.3,
            "용적률":173,
            "건폐율":15,
            "Y":37.790754,
            "X":127.075363,
            "rank":22.0,
            "area_info":"31평(103.56)",
            "last_sales":"2021-11-30,31650.0,31평(103.56)",
            "rank_history":[
                [
                    "202202",
                    22
                ],
                [
                    "202201",
                    37
                ]
            ],
            "rank_gap":15
        },
        {
            "index":124,
            "아파트명":"현대",
            "투자타입":"일반",
            "전용면적(m2)":"77.73",
            "전용면적(평)":"23평",
            "법정동주소":"경기도 양주시 덕계동 203-6",
            "도로명주소":"경기도 양주시 고덕로139번길 361-21",
            "세대수":30,
            "입주년차":0,
            "용적률점수":"--",
            "건폐율점수":"--",
            "세대당주차수":0,
            "난방방식":30,
            "공급면적":"--",
            "전용률":"--",
            "욕실수":50,
            "현관타입":100,
            "주거총점":28.5,
            "지역구공급총점":0.0,
            "역세권":80,
            "30분내 이동가능 거점":0,
            "1시간내 이동가능 거점":0,
            "교통총점":40.0,
            "백화점":0,
            "아울렛몰":0,
            "대형마트":0,
            "은행":0,
            "병원":0,
            "종합병원":0,
            "공원":80,
            "혐오시설":0,
            "인프라총점":2.4,
            "초등학군":90.03,
            "중학군":39.66,
            "학군총점":49.734,
            "인구수":25.02,
            "인구증감":19.02,
            "인구총점":23.22,
            "일자리":14.22,
            "소득수준":50.35,
            "일자리총점":25.059,
            "가치 총점":27.8801,
            "매매실거래년":20211014.0,
            "매매실거래가":27500.0,
            "전세실거래년":20220118.0,
            "전세실거래가":11550.0,
            "전세가율":42.0,
            "장기전세가율평균":65.83,
            "전세가율거품지수":23.83,
            "검색코드":8817,
            "세대수":350.0,
            "준공년월":"1997-07-09",
            "준공년차":26.0,
            "가까운역이름":"덕계",
            "가까운역거리":284.2,
            "역세권여부":"역세권",
            "30분이내주요거점역":0,
            "30분거점역이름":"[]",
            "1시간이내주요거점역":0,
            "1시간거점역이름":"[]",
            "3km이내백화점수":0,
            "5km이내아울렛몰수":0,
            "1km이내대형먀트수":0,
            "500m이내은행수":0,
            "500m이내병원수":0,
            "5km이내대형병원수":0,
            "500m이내공원수":1,
            "3km이내혐오시설수":0,
            "초등학교학업성취도":90.03,
            "중학교학업성취도":66.1,
            "용적률":154,
            "건폐율":22,
            "Y":37.821026,
            "X":127.056846,
            "rank":23.0,
            "area_info":"23평(77.73), 31평(104.25)",
            "last_sales":"2021-10-14,27500.0,23평(77.73)",
            "rank_history":[
                [
                    "202202",
                    23
                ],
                [
                    "202201",
                    23
                ]
            ],
            "rank_gap":0
        },
        {
            "index":270,
            "아파트명":"양주옥정모아미래도파크뷰",
            "투자타입":"일반",
            "전용면적(m2)":"79.33",
            "전용면적(평)":"23평",
            "법정동주소":"경기도 양주시 옥정동 1026-1",
            "도로명주소":"경기도 양주시 옥정동로9길 106",
            "세대수":50,
            "입주년차":100,
            "용적률점수":"--",
            "건폐율점수":"--",
            "세대당주차수":30,
            "난방방식":100,
            "공급면적":"--",
            "전용률":"--",
            "욕실수":100,
            "현관타입":100,
            "주거총점":72.0,
            "지역구공급총점":0.0,
            "역세권":0,
            "30분내 이동가능 거점":0,
            "1시간내 이동가능 거점":0,
            "교통총점":0.0,
            "백화점":0,
            "아울렛몰":0,
            "대형마트":0,
            "은행":0,
            "병원":10,
            "종합병원":80,
            "공원":100,
            "혐오시설":0,
            "인프라총점":20.0,
            "초등학군":90.0,
            "중학군":35.74,
            "학군총점":46.592,
            "인구수":25.02,
            "인구증감":19.02,
            "인구총점":23.22,
            "일자리":14.22,
            "소득수준":50.35,
            "일자리총점":25.059,
            "가치 총점":27.3888,
            "매매실거래년":"18000101",
            "매매실거래가":null,
            "전세실거래년":null,
            "전세실거래가":null,
            "전세가율":null,
            "장기전세가율평균":65.83,
            "전세가율거품지수":null,
            "검색코드":124422,
            "세대수":608.0,
            "준공년월":"2021-02-01",
            "준공년차":2.0,
            "가까운역이름":"덕정",
            "가까운역거리":3325.88,
            "역세권여부":"비역세권",
            "30분이내주요거점역":0,
            "30분거점역이름":"[]",
            "1시간이내주요거점역":0,
            "1시간거점역이름":"[]",
            "3km이내백화점수":0,
            "5km이내아울렛몰수":0,
            "1km이내대형먀트수":0,
            "500m이내은행수":0,
            "500m이내병원수":4,
            "5km이내대형병원수":1,
            "500m이내공원수":5,
            "3km이내혐오시설수":0,
            "초등학교학업성취도":90.0,
            "중학교학업성취도":56.9,
            "용적률":0,
            "건폐율":0,
            "Y":37.829678,
            "X":127.095066,
            "rank":24.0,
            "area_info":"23평(79.33), 24평(80.02)",
            "last_sales":"1800-01-01,nan,23평(79.33)",
            "rank_history":[
                [
                    "202202",
                    24
                ],
                [
                    "202201",
                    25
                ]
            ],
            "rank_gap":1
        },
        {
            "index":227,
            "아파트명":"양주자이4단지",
            "투자타입":"일반",
            "전용면적(m2)":"79.83",
            "전용면적(평)":"24평",
            "법정동주소":"경기도 양주시 삼숭동 682-1",
            "도로명주소":"경기도 양주시 삼숭로38번길 91",
            "세대수":80,
            "입주년차":40,
            "용적률점수":"--",
            "건폐율점수":"--",
            "세대당주차수":30,
            "난방방식":30,
            "공급면적":"--",
            "전용률":"--",
            "욕실수":100,
            "현관타입":100,
            "주거총점":63.5,
            "지역구공급총점":0.0,
            "역세권":0,
            "30분내 이동가능 거점":0,
            "1시간내 이동가능 거점":0,
            "교통총점":0.0,
            "백화점":0,
            "아울렛몰":0,
            "대형마트":0,
            "은행":0,
            "병원":60,
            "종합병원":80,
            "공원":0,
            "혐오시설":0,
            "인프라총점":22.0,
            "초등학군":90.01,
            "중학군":42.82,
            "학군총점":52.258,
            "인구수":25.02,
            "인구증감":19.02,
            "인구총점":23.22,
            "일자리":14.22,
            "소득수준":50.35,
            "일자리총점":25.059,
            "가치 총점":27.1387,
            "매매실거래년":20220112.0,
            "매매실거래가":32500.0,
            "전세실거래년":20211203.0,
            "전세실거래가":14700.0,
            "전세가율":52.88,
            "장기전세가율평균":65.83,
            "전세가율거품지수":12.95,
            "검색코드":13433,
            "세대수":852.0,
            "준공년월":"2005-08-05",
            "준공년차":18.0,
            "가까운역이름":"덕계",
            "가까운역거리":4973.84,
            "역세권여부":"비역세권",
            "30분이내주요거점역":0,
            "30분거점역이름":"[]",
            "1시간이내주요거점역":0,
            "1시간거점역이름":"[]",
            "3km이내백화점수":0,
            "5km이내아울렛몰수":0,
            "1km이내대형먀트수":0,
            "500m이내은행수":0,
            "500m이내병원수":11,
            "5km이내대형병원수":1,
            "500m이내공원수":0,
            "3km이내혐오시설수":0,
            "초등학교학업성취도":90.01,
            "중학교학업성취도":70.5,
            "용적률":174,
            "건폐율":17,
            "Y":37.797898,
            "X":127.106749,
            "rank":25.0,
            "area_info":"24평(79.83), 29평(95.95), 32평(106.33)",
            "last_sales":"2022-01-12,32500.0,32평(106.33)",
            "rank_history":[
                [
                    "202202",
                    25
                ],
                [
                    "202201",
                    31
                ]
            ],
            "rank_gap":6
        },
        {
            "index":226,
            "아파트명":"양주자이3단지",
            "투자타입":"일반",
            "전용면적(m2)":"106.2",
            "전용면적(평)":"32평",
            "법정동주소":"경기도 양주시 삼숭동 683-1",
            "도로명주소":"경기도 양주시 삼숭로38번길 55",
            "세대수":80,
            "입주년차":40,
            "용적률점수":"--",
            "건폐율점수":"--",
            "세대당주차수":30,
            "난방방식":30,
            "공급면적":"--",
            "전용률":"--",
            "욕실수":100,
            "현관타입":100,
            "주거총점":63.5,
            "지역구공급총점":0.0,
            "역세권":0,
            "30분내 이동가능 거점":0,
            "1시간내 이동가능 거점":0,
            "교통총점":0.0,
            "백화점":0,
            "아울렛몰":0,
            "대형마트":0,
            "은행":0,
            "병원":60,
            "종합병원":80,
            "공원":0,
            "혐오시설":0,
            "인프라총점":22.0,
            "초등학군":90.01,
            "중학군":42.82,
            "학군총점":52.258,
            "인구수":25.02,
            "인구증감":19.02,
            "인구총점":23.22,
            "일자리":14.22,
            "소득수준":50.35,
            "일자리총점":25.059,
            "가치 총점":27.1387,
            "매매실거래년":20220128.0,
            "매매실거래가":32300.0,
            "전세실거래년":20211210.0,
            "전세실거래가":15750.0,
            "전세가율":48.76,
            "장기전세가율평균":65.83,
            "전세가율거품지수":17.07,
            "검색코드":19071,
            "세대수":742.0,
            "준공년월":"2005-08-05",
            "준공년차":18.0,
            "가까운역이름":"덕계",
            "가까운역거리":4828.55,
            "역세권여부":"비역세권",
            "30분이내주요거점역":0,
            "30분거점역이름":"[]",
            "1시간이내주요거점역":0,
            "1시간거점역이름":"[]",
            "3km이내백화점수":0,
            "5km이내아울렛몰수":0,
            "1km이내대형먀트수":0,
            "500m이내은행수":0,
            "500m이내병원수":11,
            "5km이내대형병원수":1,
            "500m이내공원수":0,
            "3km이내혐오시설수":0,
            "초등학교학업성취도":90.01,
            "중학교학업성취도":70.5,
            "용적률":178,
            "건폐율":15,
            "Y":37.798092,
            "X":127.10501,
            "rank":25.0,
            "area_info":"32평(106.2)",
            "last_sales":"2022-01-28,32300.0,32평(106.2)",
            "rank_history":[
                [
                    "202202",
                    25
                ],
                [
                    "202201",
                    31
                ]
            ],
            "rank_gap":6
        },
        {
            "index":220,
            "아파트명":"양주자이1단지",
            "투자타입":"일반",
            "전용면적(m2)":"80.17",
            "전용면적(평)":"24평",
            "법정동주소":"경기도 양주시 삼숭동 686-1",
            "도로명주소":"경기도 양주시 삼숭로38번길 78-30",
            "세대수":80,
            "입주년차":40,
            "용적률점수":"--",
            "건폐율점수":"--",
            "세대당주차수":30,
            "난방방식":30,
            "공급면적":"--",
            "전용률":"--",
            "욕실수":100,
            "현관타입":100,
            "주거총점":63.5,
            "지역구공급총점":0.0,
            "역세권":0,
            "30분내 이동가능 거점":0,
            "1시간내 이동가능 거점":0,
            "교통총점":0.0,
            "백화점":0,
            "아울렛몰":0,
            "대형마트":0,
            "은행":0,
            "병원":60,
            "종합병원":80,
            "공원":0,
            "혐오시설":0,
            "인프라총점":22.0,
            "초등학군":90.01,
            "중학군":42.82,
            "학군총점":52.258,
            "인구수":25.02,
            "인구증감":19.02,
            "인구총점":23.22,
            "일자리":14.22,
            "소득수준":50.35,
            "일자리총점":25.059,
            "가치 총점":27.1387,
            "매매실거래년":20220107.0,
            "매매실거래가":28500.0,
            "전세실거래년":20220105.0,
            "전세실거래가":17000.0,
            "전세가율":59.65,
            "장기전세가율평균":65.83,
            "전세가율거품지수":6.18,
            "검색코드":13431,
            "세대수":786.0,
            "준공년월":"2005-08-05",
            "준공년차":18.0,
            "가까운역이름":"덕계",
            "가까운역거리":5037.4,
            "역세권여부":"비역세권",
            "30분이내주요거점역":0,
            "30분거점역이름":"[]",
            "1시간이내주요거점역":0,
            "1시간거점역이름":"[]",
            "3km이내백화점수":0,
            "5km이내아울렛몰수":0,
            "1km이내대형먀트수":0,
            "500m이내은행수":0,
            "500m이내병원수":11,
            "5km이내대형병원수":1,
            "500m이내공원수":0,
            "3km이내혐오시설수":0,
            "초등학교학업성취도":90.01,
            "중학교학업성취도":70.5,
            "용적률":170,
            "건폐율":16,
            "Y":37.794562,
            "X":127.105177,
            "rank":25.0,
            "area_info":"24평(80.17), 29평(96.04), 32평(106.9), 45평(151.53)",
            "last_sales":"2022-01-07,28500.0,24평(80.17)",
            "rank_history":[
                [
                    "202202",
                    25
                ],
                [
                    "202201",
                    31
                ]
            ],
            "rank_gap":6
        },
        {
            "index":238,
            "아파트명":"e편한세상옥정더퍼스트",
            "투자타입":"일반",
            "전용면적(m2)":"93.53",
            "전용면적(평)":"28평",
            "법정동주소":"경기도 양주시 옥정동 936",
            "도로명주소":"경기도 양주시 옥정서로1길 60",
            "세대수":100,
            "입주년차":100,
            "용적률점수":"--",
            "건폐율점수":"--",
            "세대당주차수":60,
            "난방방식":100,
            "공급면적":"--",
            "전용률":"--",
            "욕실수":100,
            "현관타입":100,
            "주거총점":94.0,
            "지역구공급총점":0.0,
            "역세권":0,
            "30분내 이동가능 거점":0,
            "1시간내 이동가능 거점":0,
            "교통총점":0.0,
            "백화점":0,
            "아울렛몰":0,
            "대형마트":0,
            "은행":0,
            "병원":10,
            "종합병원":0,
            "공원":100,
            "혐오시설":0,
            "인프라총점":4.0,
            "초등학군":90.01,
            "중학군":35.74,
            "학군총점":46.594,
            "인구수":25.02,
            "인구증감":19.02,
            "인구총점":23.22,
            "일자리":14.22,
            "소득수준":50.35,
            "일자리총점":25.059,
            "가치 총점":26.9891,
            "매매실거래년":20220112.0,
            "매매실거래가":60500.0,
            "전세실거래년":20210914.0,
            "전세실거래가":41000.0,
            "전세가율":82.0,
            "장기전세가율평균":65.83,
            "전세가율거품지수":-16.17,
            "검색코드":116780,
            "세대수":1566.0,
            "준공년월":"2019-03-01",
            "준공년차":4.0,
            "가까운역이름":"덕계",
            "가까운역거리":2541.17,
            "역세권여부":"비역세권",
            "30분이내주요거점역":0,
            "30분거점역이름":"[]",
            "1시간이내주요거점역":0,
            "1시간거점역이름":"[]",
            "3km이내백화점수":0,
            "5km이내아울렛몰수":0,
            "1km이내대형먀트수":0,
            "500m이내은행수":0,
            "500m이내병원수":2,
            "5km이내대형병원수":0,
            "500m이내공원수":6,
            "3km이내혐오시설수":0,
            "초등학교학업성취도":90.01,
            "중학교학업성취도":56.9,
            "용적률":179,
            "건폐율":12,
            "Y":37.815615,
            "X":127.085186,
            "rank":26.0,
            "area_info":"28평(93.53), 28평(94.12), 30평(101.95), 30평(102.26), 34평(114.27), 34평(114.36)",
            "last_sales":"2022-01-12,60500.0,34평(114.27)",
            "rank_history":[
                [
                    "202202",
                    26
                ],
                [
                    "202201",
                    26
                ]
            ],
            "rank_gap":0
        },
        {
            "index":244,
            "아파트명":"e편한세상옥정메트로포레",
            "투자타입":"일반",
            "전용면적(m2)":"93.54",
            "전용면적(평)":"28평",
            "법정동주소":"경기도 양주시 옥정동 1095",
            "도로명주소":"경기도 양주시 옥정동로 10",
            "세대수":100,
            "입주년차":100,
            "용적률점수":"--",
            "건폐율점수":"--",
            "세대당주차수":60,
            "난방방식":100,
            "공급면적":"--",
            "전용률":"--",
            "욕실수":100,
            "현관타입":100,
            "주거총점":94.0,
            "지역구공급총점":0.0,
            "역세권":0,
            "30분내 이동가능 거점":0,
            "1시간내 이동가능 거점":0,
            "교통총점":0.0,
            "백화점":0,
            "아울렛몰":0,
            "대형마트":0,
            "은행":0,
            "병원":10,
            "종합병원":0,
            "공원":100,
            "혐오시설":0,
            "인프라총점":4.0,
            "초등학군":90.01,
            "중학군":35.74,
            "학군총점":46.594,
            "인구수":25.02,
            "인구증감":19.02,
            "인구총점":23.22,
            "일자리":14.22,
            "소득수준":50.35,
            "일자리총점":25.059,
            "가치 총점":26.9891,
            "매매실거래년":20210323.0,
            "매매실거래가":40500.0,
            "전세실거래년":20210519.0,
            "전세실거래가":32000.0,
            "전세가율":94.18,
            "장기전세가율평균":65.83,
            "전세가율거품지수":-28.35,
            "검색코드":122003,
            "세대수":2038.0,
            "준공년월":"2020-06-12",
            "준공년차":3.0,
            "가까운역이름":"덕계",
            "가까운역거리":2949.49,
            "역세권여부":"비역세권",
            "30분이내주요거점역":0,
            "30분거점역이름":"[]",
            "1시간이내주요거점역":0,
            "1시간거점역이름":"[]",
            "3km이내백화점수":0,
            "5km이내아울렛몰수":0,
            "1km이내대형먀트수":0,
            "500m이내은행수":0,
            "500m이내병원수":2,
            "5km이내대형병원수":0,
            "500m이내공원수":5,
            "3km이내혐오시설수":0,
            "초등학교학업성취도":90.01,
            "중학교학업성취도":56.9,
            "용적률":179,
            "건폐율":13,
            "Y":37.811485,
            "X":127.088872,
            "rank":26.0,
            "area_info":"28평(93.54), 28평(95.42), 30평(101.92), 30평(102.18), 34평(113.95)",
            "last_sales":"2021-03-23,40500.0,34평(113.95)",
            "rank_history":[
                [
                    "202202",
                    26
                ],
                [
                    "202201",
                    26
                ]
            ],
            "rank_gap":0
        },
        {
            "index":119,
            "아파트명":"양주푸르지오",
            "투자타입":"일반",
            "전용면적(m2)":"109.31",
            "전용면적(평)":"33평",
            "법정동주소":"경기도 양주시 덕계동 852",
            "도로명주소":"경기도 양주시 고덕로 89",
            "세대수":50,
            "입주년차":40,
            "용적률점수":"--",
            "건폐율점수":"--",
            "세대당주차수":30,
            "난방방식":30,
            "공급면적":"--",
            "전용률":"--",
            "욕실수":100,
            "현관타입":100,
            "주거총점":53.0,
            "지역구공급총점":0.0,
            "역세권":50,
            "30분내 이동가능 거점":0,
            "1시간내 이동가능 거점":0,
            "교통총점":25.0,
            "백화점":0,
            "아울렛몰":0,
            "대형마트":0,
            "은행":0,
            "병원":0,
            "종합병원":0,
            "공원":0,
            "혐오시설":0,
            "인프라총점":0.0,
            "초등학군":90.03,
            "중학군":39.66,
            "학군총점":49.734,
            "인구수":25.02,
            "인구증감":19.02,
            "인구총점":23.22,
            "일자리":14.22,
            "소득수준":50.35,
            "일자리총점":25.059,
            "가치 총점":26.8101,
            "매매실거래년":20211106.0,
            "매매실거래가":37000.0,
            "전세실거래년":20211215.0,
            "전세실거래가":25000.0,
            "전세가율":67.57,
            "장기전세가율평균":65.83,
            "전세가율거품지수":-1.74,
            "검색코드":17630,
            "세대수":498.0,
            "준공년월":"2006-02-28",
            "준공년차":17.0,
            "가까운역이름":"덕계",
            "가까운역거리":627.61,
            "역세권여부":"준역세권",
            "30분이내주요거점역":0,
            "30분거점역이름":"[]",
            "1시간이내주요거점역":0,
            "1시간거점역이름":"[]",
            "3km이내백화점수":0,
            "5km이내아울렛몰수":0,
            "1km이내대형먀트수":0,
            "500m이내은행수":0,
            "500m이내병원수":0,
            "5km이내대형병원수":0,
            "500m이내공원수":0,
            "3km이내혐오시설수":0,
            "초등학교학업성취도":90.03,
            "중학교학업성취도":66.1,
            "용적률":189,
            "건폐율":15,
            "Y":37.812842,
            "X":127.056553,
            "rank":27.0,
            "area_info":"33평(109.31), 33평(109.31), 47평(155.68)",
            "last_sales":"2021-11-06,37000.0,33평(109.31)",
            "rank_history":[
                [
                    "202202",
                    27
                ],
                [
                    "202201",
                    28
                ]
            ],
            "rank_gap":1
        },
        {
            "index":38,
            "아파트명":"주내신도푸른숲8차",
            "투자타입":"일반",
            "전용면적(m2)":"72.34",
            "전용면적(평)":"21평",
            "법정동주소":"경기도 양주시 광사동 313-4",
            "도로명주소":"경기도 양주시 부흥로 1901",
            "세대수":50,
            "입주년차":20,
            "용적률점수":"--",
            "건폐율점수":"--",
            "세대당주차수":30,
            "난방방식":30,
            "공급면적":"--",
            "전용률":"--",
            "욕실수":100,
            "현관타입":100,
            "주거총점":49.0,
            "지역구공급총점":0.0,
            "역세권":0,
            "30분내 이동가능 거점":0,
            "1시간내 이동가능 거점":0,
            "교통총점":0.0,
            "백화점":0,
            "아울렛몰":0,
            "대형마트":80,
            "은행":0,
            "병원":0,
            "종합병원":80,
            "공원":100,
            "혐오시설":0,
            "인프라총점":31.0,
            "초등학군":89.99,
            "중학군":41.02,
            "학군총점":50.814,
            "인구수":25.02,
            "인구증감":19.02,
            "인구총점":23.22,
            "일자리":14.22,
            "소득수준":50.35,
            "일자리총점":25.059,
            "가치 총점":26.7221,
            "매매실거래년":20211211.0,
            "매매실거래가":24000.0,
            "전세실거래년":20211230.0,
            "전세실거래가":18000.0,
            "전세가율":75.0,
            "장기전세가율평균":65.83,
            "전세가율거품지수":-9.17,
            "검색코드":10242,
            "세대수":400.0,
            "준공년월":"1999-09-22",
            "준공년차":24.0,
            "가까운역이름":"덕계",
            "가까운역거리":3153.74,
            "역세권여부":"비역세권",
            "30분이내주요거점역":0,
            "30분거점역이름":"[]",
            "1시간이내주요거점역":0,
            "1시간거점역이름":"[]",
            "3km이내백화점수":0,
            "5km이내아울렛몰수":0,
            "1km이내대형먀트수":1,
            "500m이내은행수":0,
            "500m이내병원수":0,
            "5km이내대형병원수":1,
            "500m이내공원수":2,
            "3km이내혐오시설수":0,
            "초등학교학업성취도":89.99,
            "중학교학업성취도":66.3,
            "용적률":211,
            "건폐율":17,
            "Y":37.793469,
            "X":127.073399,
            "rank":28.0,
            "area_info":"21평(72.34), 30평(102.26), 31평(102.52), 45평(151.53)",
            "last_sales":"2021-12-11,24000.0,21평(72.34)",
            "rank_history":[
                [
                    "202202",
                    28
                ],
                [
                    "202201",
                    29
                ]
            ],
            "rank_gap":1
        },
        {
            "index":14,
            "아파트명":"TS푸른솔1차",
            "투자타입":"일반",
            "전용면적(m2)":"76.11",
            "전용면적(평)":"23평",
            "법정동주소":"경기도 양주시 고읍동 77",
            "도로명주소":"경기도 양주시 부흥로 2021-7",
            "세대수":50,
            "입주년차":20,
            "용적률점수":"--",
            "건폐율점수":"--",
            "세대당주차수":30,
            "난방방식":30,
            "공급면적":"--",
            "전용률":"--",
            "욕실수":50,
            "현관타입":100,
            "주거총점":44.0,
            "지역구공급총점":0.0,
            "역세권":0,
            "30분내 이동가능 거점":0,
            "1시간내 이동가능 거점":10,
            "교통총점":2.0,
            "백화점":0,
            "아울렛몰":0,
            "대형마트":80,
            "은행":0,
            "병원":10,
            "종합병원":80,
            "공원":100,
            "혐오시설":0,
            "인프라총점":32.0,
            "초등학군":89.99,
            "중학군":41.02,
            "학군총점":50.814,
            "인구수":25.02,
            "인구증감":19.02,
            "인구총점":23.22,
            "일자리":14.22,
            "소득수준":50.35,
            "일자리총점":25.059,
            "가치 총점":26.7221,
            "매매실거래년":20211126.0,
            "매매실거래가":44800.0,
            "전세실거래년":20220122.0,
            "전세실거래가":13650.0,
            "전세가율":40.15,
            "장기전세가율평균":65.83,
            "전세가율거품지수":25.68,
            "검색코드":10240,
            "세대수":494.0,
            "준공년월":"1999-08-01",
            "준공년차":24.0,
            "가까운역이름":"덕계",
            "가까운역거리":2877.0,
            "역세권여부":"비역세권",
            "30분이내주요거점역":0,
            "30분거점역이름":"[]",
            "1시간이내주요거점역":1,
            "1시간거점역이름":"['잠실']",
            "3km이내백화점수":0,
            "5km이내아울렛몰수":0,
            "1km이내대형먀트수":1,
            "500m이내은행수":0,
            "500m이내병원수":2,
            "5km이내대형병원수":1,
            "500m이내공원수":3,
            "3km이내혐오시설수":0,
            "초등학교학업성취도":89.99,
            "중학교학업성취도":66.3,
            "용적률":173,
            "건폐율":18,
            "Y":37.801131,
            "X":127.080775,
            "rank":28.0,
            "area_info":"23평(76.11), 31평(103.24)",
            "last_sales":"2021-11-26,44800.0,31평(103.24)",
            "rank_history":[
                [
                    "202202",
                    28
                ],
                [
                    "202201",
                    29
                ]
            ],
            "rank_gap":1
        },
        {
            "index":129,
            "아파트명":"양주서희스타힐스1단지",
            "투자타입":"일반",
            "전용면적(m2)":"94.09",
            "전용면적(평)":"28평",
            "법정동주소":"경기도 양주시 덕정동 538",
            "도로명주소":"경기도 양주시 화합로1325번길 22-31",
            "세대수":0,
            "입주년차":80,
            "용적률점수":"--",
            "건폐율점수":"--",
            "세대당주차수":60,
            "난방방식":30,
            "공급면적":"--",
            "전용률":"--",
            "욕실수":100,
            "현관타입":100,
            "주거총점":48.0,
            "지역구공급총점":0.0,
            "역세권":50,
            "30분내 이동가능 거점":0,
            "1시간내 이동가능 거점":0,
            "교통총점":25.0,
            "백화점":0,
            "아울렛몰":0,
            "대형마트":0,
            "은행":0,
            "병원":0,
            "종합병원":0,
            "공원":100,
            "혐오시설":0,
            "인프라총점":3.0,
            "초등학군":90.02,
            "중학군":39.64,
            "학군총점":49.716,
            "인구수":25.02,
            "인구증감":19.02,
            "인구총점":23.22,
            "일자리":14.22,
            "소득수준":50.35,
            "일자리총점":25.059,
            "가치 총점":26.7074,
            "매매실거래년":20211008.0,
            "매매실거래가":28540.0,
            "전세실거래년":20211206.0,
            "전세실거래가":21000.0,
            "전세가율":43.03,
            "장기전세가율평균":65.83,
            "전세가율거품지수":22.8,
            "검색코드":104288,
            "세대수":207.0,
            "준공년월":"2014-05-19",
            "준공년차":9.0,
            "가까운역이름":"덕정",
            "가까운역거리":562.47,
            "역세권여부":"준역세권",
            "30분이내주요거점역":0,
            "30분거점역이름":"[]",
            "1시간이내주요거점역":0,
            "1시간거점역이름":"[]",
            "3km이내백화점수":0,
            "5km이내아울렛몰수":0,
            "1km이내대형먀트수":0,
            "500m이내은행수":0,
            "500m이내병원수":1,
            "5km이내대형병원수":0,
            "500m이내공원수":2,
            "3km이내혐오시설수":0,
            "초등학교학업성취도":90.02,
            "중학교학업성취도":65.4,
            "용적률":221,
            "건폐율":19,
            "Y":37.848197,
            "X":127.06217,
            "rank":29.0,
            "area_info":"28평(94.09), 28평(95.83), 33평(110.99), 33평(111.39), 33평(111.73)",
            "last_sales":"2021-10-08,28540.0,33평(111.73)",
            "rank_history":[
                [
                    "202202",
                    29
                ],
                [
                    "202201",
                    11
                ]
            ],
            "rank_gap":-18
        },
        {
            "index":283,
            "아파트명":"옥정센트럴파크푸르지오",
            "투자타입":"일반",
            "전용면적(m2)":"80.13",
            "전용면적(평)":"24평",
            "법정동주소":"경기도 양주시 옥정동 955",
            "도로명주소":"경기도 양주시 옥정서로 130",
            "세대수":100,
            "입주년차":80,
            "용적률점수":"--",
            "건폐율점수":"--",
            "세대당주차수":30,
            "난방방식":100,
            "공급면적":"--",
            "전용률":"--",
            "욕실수":100,
            "현관타입":100,
            "주거총점":85.5,
            "지역구공급총점":0.0,
            "역세권":0,
            "30분내 이동가능 거점":0,
            "1시간내 이동가능 거점":10,
            "교통총점":2.0,
            "백화점":0,
            "아울렛몰":0,
            "대형마트":0,
            "은행":0,
            "병원":30,
            "종합병원":0,
            "공원":100,
            "혐오시설":0,
            "인프라총점":6.0,
            "초등학군":90.01,
            "중학군":35.74,
            "학군총점":46.594,
            "인구수":25.02,
            "인구증감":19.02,
            "인구총점":23.22,
            "일자리":14.22,
            "소득수준":50.35,
            "일자리총점":25.059,
            "가치 총점":26.5891,
            "매매실거래년":20211227.0,
            "매매실거래가":47000.0,
            "전세실거래년":20220115.0,
            "전세실거래가":19000.0,
            "전세가율":41.3,
            "장기전세가율평균":65.83,
            "전세가율거품지수":24.53,
            "검색코드":108770,
            "세대수":1862.0,
            "준공년월":"2016-12-22",
            "준공년차":7.0,
            "가까운역이름":"덕계",
            "가까운역거리":2968.9,
            "역세권여부":"비역세권",
            "30분이내주요거점역":0,
            "30분거점역이름":"[]",
            "1시간이내주요거점역":1,
            "1시간거점역이름":"['잠실']",
            "3km이내백화점수":0,
            "5km이내아울렛몰수":0,
            "1km이내대형먀트수":0,
            "500m이내은행수":0,
            "500m이내병원수":5,
            "5km이내대형병원수":0,
            "500m이내공원수":7,
            "3km이내혐오시설수":0,
            "초등학교학업성취도":90.01,
            "중학교학업성취도":56.9,
            "용적률":149,
            "건폐율":10,
            "Y":37.824979,
            "X":127.089272,
            "rank":30.0,
            "area_info":"24평(80.13), 24평(80.48), 24평(80.53)",
            "last_sales":"2021-12-27,47000.0,24평(80.53)",
            "rank_history":[
                [
                    "202202",
                    30
                ],
                [
                    "202201",
                    32
                ]
            ],
            "rank_gap":2
        },
        {
            "index":263,
            "아파트명":"리젠시빌란트",
            "투자타입":"일반",
            "전용면적(m2)":"76.65",
            "전용면적(평)":"23평",
            "법정동주소":"경기도 양주시 옥정동 1026",
            "도로명주소":"경기도 양주시 옥정동로9길 74",
            "세대수":50,
            "입주년차":80,
            "용적률점수":"--",
            "건폐율점수":"--",
            "세대당주차수":30,
            "난방방식":100,
            "공급면적":"--",
            "전용률":"--",
            "욕실수":100,
            "현관타입":100,
            "주거총점":68.0,
            "지역구공급총점":0.0,
            "역세권":0,
            "30분내 이동가능 거점":0,
            "1시간내 이동가능 거점":0,
            "교통총점":0.0,
            "백화점":0,
            "아울렛몰":0,
            "대형마트":0,
            "은행":0,
            "병원":10,
            "종합병원":80,
            "공원":100,
            "혐오시설":0,
            "인프라총점":20.0,
            "초등학군":90.0,
            "중학군":35.74,
            "학군총점":46.592,
            "인구수":25.02,
            "인구증감":19.02,
            "인구총점":23.22,
            "일자리":14.22,
            "소득수준":50.35,
            "일자리총점":25.059,
            "가치 총점":26.5888,
            "매매실거래년":20220127.0,
            "매매실거래가":37000.0,
            "전세실거래년":20210623.0,
            "전세실거래가":18000.0,
            "전세가율":51.43,
            "장기전세가율평균":65.83,
            "전세가율거품지수":14.4,
            "검색코드":113489,
            "세대수":514.0,
            "준공년월":"2018-08-14",
            "준공년차":5.0,
            "가까운역이름":"덕정",
            "가까운역거리":3258.83,
            "역세권여부":"비역세권",
            "30분이내주요거점역":0,
            "30분거점역이름":"[]",
            "1시간이내주요거점역":0,
            "1시간거점역이름":"[]",
            "3km이내백화점수":0,
            "5km이내아울렛몰수":0,
            "1km이내대형먀트수":0,
            "500m이내은행수":0,
            "500m이내병원수":3,
            "5km이내대형병원수":1,
            "500m이내공원수":6,
            "3km이내혐오시설수":0,
            "초등학교학업성취도":90.0,
            "중학교학업성취도":56.9,
            "용적률":149,
            "건폐율":14,
            "Y":37.830962,
            "X":127.095003,
            "rank":31.0,
            "area_info":"23평(76.65), 24평(79.61)",
            "last_sales":"2022-01-27,37000.0,24평(79.61)",
            "rank_history":[
                [
                    "202202",
                    31
                ],
                [
                    "202201",
                    30
                ]
            ],
            "rank_gap":-1
        },
        {
            "index":249,
            "아파트명":"e편한세상옥정어반센트럴",
            "투자타입":"일반",
            "전용면적(m2)":"99.03",
            "전용면적(평)":"29평",
            "법정동주소":"경기도 양주시 옥정동 958",
            "도로명주소":"경기도 양주시 옥정로5길 35",
            "세대수":80,
            "입주년차":80,
            "용적률점수":"--",
            "건폐율점수":"--",
            "세대당주차수":30,
            "난방방식":100,
            "공급면적":"--",
            "전용률":"--",
            "욕실수":100,
            "현관타입":100,
            "주거총점":78.5,
            "지역구공급총점":0.0,
            "역세권":0,
            "30분내 이동가능 거점":0,
            "1시간내 이동가능 거점":0,
            "교통총점":0.0,
            "백화점":0,
            "아울렛몰":0,
            "대형마트":0,
            "은행":0,
            "병원":80,
            "종합병원":0,
            "공원":100,
            "혐오시설":0,
            "인프라총점":11.0,
            "초등학군":90.01,
            "중학군":35.74,
            "학군총점":46.594,
            "인구수":25.02,
            "인구증감":19.02,
            "인구총점":23.22,
            "일자리":14.22,
            "소득수준":50.35,
            "일자리총점":25.059,
            "가치 총점":25.9891,
            "매매실거래년":20211205.0,
            "매매실거래가":63000.0,
            "전세실거래년":20220124.0,
            "전세실거래가":36000.0,
            "전세가율":101.41,
            "장기전세가율평균":65.83,
            "전세가율거품지수":-35.58,
            "검색코드":112811,
            "세대수":761.0,
            "준공년월":"2017-08-29",
            "준공년차":6.0,
            "가까운역이름":"덕계",
            "가까운역거리":2972.96,
            "역세권여부":"비역세권",
            "30분이내주요거점역":0,
            "30분거점역이름":"[]",
            "1시간이내주요거점역":0,
            "1시간거점역이름":"[]",
            "3km이내백화점수":0,
            "5km이내아울렛몰수":0,
            "1km이내대형먀트수":0,
            "500m이내은행수":0,
            "500m이내병원수":40,
            "5km이내대형병원수":0,
            "500m이내공원수":6,
            "3km이내혐오시설수":0,
            "초등학교학업성취도":90.01,
            "중학교학업성취도":56.9,
            "용적률":178,
            "건폐율":11,
            "Y":37.821724,
            "X":127.090083,
            "rank":32.0,
            "area_info":"29평(99.03), 33평(111.68), 33평(112.39), 33평(112.18), 33평(112.12)",
            "last_sales":"2021-12-05,63000.0,33평(112.39)",
            "rank_history":[
                [
                    "202202",
                    32
                ],
                [
                    "202201",
                    33
                ]
            ],
            "rank_gap":1
        },
        {
            "index":233,
            "아파트명":"양주자이6단지",
            "투자타입":"일반",
            "전용면적(m2)":"95.95",
            "전용면적(평)":"29평",
            "법정동주소":"경기도 양주시 삼숭동 688",
            "도로명주소":"경기도 양주시 삼숭로58번길 115",
            "세대수":80,
            "입주년차":40,
            "용적률점수":"--",
            "건폐율점수":"--",
            "세대당주차수":30,
            "난방방식":30,
            "공급면적":"--",
            "전용률":"--",
            "욕실수":100,
            "현관타입":100,
            "주거총점":63.5,
            "지역구공급총점":0.0,
            "역세권":0,
            "30분내 이동가능 거점":0,
            "1시간내 이동가능 거점":0,
            "교통총점":0.0,
            "백화점":0,
            "아울렛몰":0,
            "대형마트":0,
            "은행":0,
            "병원":0,
            "종합병원":80,
            "공원":0,
            "혐오시설":0,
            "인프라총점":16.0,
            "초등학군":89.99,
            "중학군":42.82,
            "학군총점":52.254,
            "인구수":25.02,
            "인구증감":19.02,
            "인구총점":23.22,
            "일자리":14.22,
            "소득수준":50.35,
            "일자리총점":25.059,
            "가치 총점":25.3381,
            "매매실거래년":20220115.0,
            "매매실거래가":25000.0,
            "전세실거래년":20210731.0,
            "전세실거래가":24000.0,
            "전세가율":96.0,
            "장기전세가율평균":65.83,
            "전세가율거품지수":-30.17,
            "검색코드":18570,
            "세대수":735.0,
            "준공년월":"2006-04-13",
            "준공년차":17.0,
            "가까운역이름":"덕계",
            "가까운역거리":4547.42,
            "역세권여부":"비역세권",
            "30분이내주요거점역":0,
            "30분거점역이름":"[]",
            "1시간이내주요거점역":0,
            "1시간거점역이름":"[]",
            "3km이내백화점수":0,
            "5km이내아울렛몰수":0,
            "1km이내대형먀트수":0,
            "500m이내은행수":0,
            "500m이내병원수":0,
            "5km이내대형병원수":1,
            "500m이내공원수":0,
            "3km이내혐오시설수":0,
            "초등학교학업성취도":89.99,
            "중학교학업성취도":70.5,
            "용적률":187,
            "건폐율":18,
            "Y":37.80241,
            "X":127.104083,
            "rank":33.0,
            "area_info":"29평(95.95), 32평(106.22)",
            "last_sales":"2022-01-15,25000.0,29평(95.95)",
            "rank_history":[
                [
                    "202202",
                    33
                ],
                [
                    "202201",
                    34
                ]
            ],
            "rank_gap":1
        },
        {
            "index":224,
            "아파트명":"양주자이2단지",
            "투자타입":"일반",
            "전용면적(m2)":"80.36",
            "전용면적(평)":"24평",
            "법정동주소":"경기도 양주시 삼숭동 684-1",
            "도로명주소":"경기도 양주시 삼숭로38번길 78-12",
            "세대수":50,
            "입주년차":40,
            "용적률점수":"--",
            "건폐율점수":"--",
            "세대당주차수":30,
            "난방방식":30,
            "공급면적":"--",
            "전용률":"--",
            "욕실수":100,
            "현관타입":100,
            "주거총점":53.0,
            "지역구공급총점":0.0,
            "역세권":0,
            "30분내 이동가능 거점":0,
            "1시간내 이동가능 거점":0,
            "교통총점":0.0,
            "백화점":0,
            "아울렛몰":0,
            "대형마트":0,
            "은행":0,
            "병원":60,
            "종합병원":80,
            "공원":0,
            "혐오시설":0,
            "인프라총점":22.0,
            "초등학군":90.01,
            "중학군":42.82,
            "학군총점":52.258,
            "인구수":25.02,
            "인구증감":19.02,
            "인구총점":23.22,
            "일자리":14.22,
            "소득수준":50.35,
            "일자리총점":25.059,
            "가치 총점":25.0387,
            "매매실거래년":20220107.0,
            "매매실거래가":24500.0,
            "전세실거래년":20220120.0,
            "전세실거래가":21000.0,
            "전세가율":85.71,
            "장기전세가율평균":65.83,
            "전세가율거품지수":-19.88,
            "검색코드":13432,
            "세대수":574.0,
            "준공년월":"2005-08-05",
            "준공년차":18.0,
            "가까운역이름":"덕계",
            "가까운역거리":4897.93,
            "역세권여부":"비역세권",
            "30분이내주요거점역":0,
            "30분거점역이름":"[]",
            "1시간이내주요거점역":0,
            "1시간거점역이름":"[]",
            "3km이내백화점수":0,
            "5km이내아울렛몰수":0,
            "1km이내대형먀트수":0,
            "500m이내은행수":0,
            "500m이내병원수":11,
            "5km이내대형병원수":1,
            "500m이내공원수":0,
            "3km이내혐오시설수":0,
            "초등학교학업성취도":90.01,
            "중학교학업성취도":70.5,
            "용적률":164,
            "건폐율":17,
            "Y":37.795744,
            "X":127.104232,
            "rank":34.0,
            "area_info":"24평(80.36), 32평(106.41)",
            "last_sales":"2022-01-07,24500.0,24평(80.36)",
            "rank_history":[
                [
                    "202202",
                    34
                ],
                [
                    "202201",
                    39
                ]
            ],
            "rank_gap":5
        },
        {
            "index":230,
            "아파트명":"양주자이5단지",
            "투자타입":"일반",
            "전용면적(m2)":"79.86",
            "전용면적(평)":"24평",
            "법정동주소":"경기도 양주시 삼숭동 681-1",
            "도로명주소":"경기도 양주시 삼숭로38번길 190",
            "세대수":50,
            "입주년차":40,
            "용적률점수":"--",
            "건폐율점수":"--",
            "세대당주차수":30,
            "난방방식":30,
            "공급면적":"--",
            "전용률":"--",
            "욕실수":100,
            "현관타입":100,
            "주거총점":53.0,
            "지역구공급총점":0.0,
            "역세권":0,
            "30분내 이동가능 거점":0,
            "1시간내 이동가능 거점":0,
            "교통총점":0.0,
            "백화점":0,
            "아울렛몰":0,
            "대형마트":0,
            "은행":0,
            "병원":60,
            "종합병원":80,
            "공원":0,
            "혐오시설":0,
            "인프라총점":22.0,
            "초등학군":89.99,
            "중학군":42.82,
            "학군총점":52.254,
            "인구수":25.02,
            "인구증감":19.02,
            "인구총점":23.22,
            "일자리":14.22,
            "소득수준":50.35,
            "일자리총점":25.059,
            "가치 총점":25.0381,
            "매매실거래년":20211023.0,
            "매매실거래가":46000.0,
            "전세실거래년":20211222.0,
            "전세실거래가":20000.0,
            "전세가율":77.52,
            "장기전세가율평균":65.83,
            "전세가율거품지수":-11.69,
            "검색코드":13434,
            "세대수":652.0,
            "준공년월":"2005-08-05",
            "준공년차":18.0,
            "가까운역이름":"덕계",
            "가까운역거리":5045.85,
            "역세권여부":"비역세권",
            "30분이내주요거점역":0,
            "30분거점역이름":"[]",
            "1시간이내주요거점역":0,
            "1시간거점역이름":"[]",
            "3km이내백화점수":0,
            "5km이내아울렛몰수":0,
            "1km이내대형먀트수":0,
            "500m이내은행수":0,
            "500m이내병원수":10,
            "5km이내대형병원수":1,
            "500m이내공원수":0,
            "3km이내혐오시설수":0,
            "초등학교학업성취도":89.99,
            "중학교학업성취도":70.5,
            "용적률":156,
            "건폐율":15,
            "Y":37.799607,
            "X":127.108716,
            "rank":35.0,
            "area_info":"24평(79.86), 32평(106.64), 45평(151.19)",
            "last_sales":"2021-10-23,46000.0,45평(151.19)",
            "rank_history":[
                [
                    "202202",
                    35
                ],
                [
                    "202201",
                    41
                ]
            ],
            "rank_gap":6
        },
        {
            "index":144,
            "아파트명":"일성트루엘",
            "투자타입":"일반",
            "전용면적(m2)":"108.99",
            "전용면적(평)":"32평",
            "법정동주소":"경기도 양주시 덕정동 536",
            "도로명주소":"경기도 양주시 덕정길 105",
            "세대수":0,
            "입주년차":60,
            "용적률점수":"--",
            "건폐율점수":"--",
            "세대당주차수":30,
            "난방방식":30,
            "공급면적":"--",
            "전용률":"--",
            "욕실수":100,
            "현관타입":100,
            "주거총점":39.5,
            "지역구공급총점":0.0,
            "역세권":50,
            "30분내 이동가능 거점":0,
            "1시간내 이동가능 거점":0,
            "교통총점":25.0,
            "백화점":0,
            "아울렛몰":0,
            "대형마트":0,
            "은행":0,
            "병원":0,
            "종합병원":0,
            "공원":100,
            "혐오시설":0,
            "인프라총점":3.0,
            "초등학군":90.0,
            "중학군":39.64,
            "학군총점":49.712,
            "인구수":25.02,
            "인구증감":19.02,
            "인구총점":23.22,
            "일자리":14.22,
            "소득수준":50.35,
            "일자리총점":25.059,
            "가치 총점":25.0068,
            "매매실거래년":20220111.0,
            "매매실거래가":50000.0,
            "전세실거래년":20210525.0,
            "전세실거래가":24000.0,
            "전세가율":82.76,
            "장기전세가율평균":65.83,
            "전세가율거품지수":-16.93,
            "검색코드":103603,
            "세대수":272.0,
            "준공년월":"2011-11-30",
            "준공년차":12.0,
            "가까운역이름":"덕정",
            "가까운역거리":637.95,
            "역세권여부":"준역세권",
            "30분이내주요거점역":0,
            "30분거점역이름":"[]",
            "1시간이내주요거점역":0,
            "1시간거점역이름":"[]",
            "3km이내백화점수":0,
            "5km이내아울렛몰수":0,
            "1km이내대형먀트수":0,
            "500m이내은행수":0,
            "500m이내병원수":0,
            "5km이내대형병원수":0,
            "500m이내공원수":2,
            "3km이내혐오시설수":0,
            "초등학교학업성취도":90.0,
            "중학교학업성취도":65.4,
            "용적률":228,
            "건폐율":24,
            "Y":37.842761,
            "X":127.068522,
            "rank":36.0,
            "area_info":"32평(108.99), 33평(109.78), 33평(109.45), 42평(139.69)",
            "last_sales":"2022-01-11,50000.0,42평(139.69)",
            "rank_history":[
                [
                    "202202",
                    36
                ],
                [
                    "202201",
                    15
                ]
            ],
            "rank_gap":-21
        },
        {
            "index":57,
            "아파트명":"양주벨라시티",
            "투자타입":"일반",
            "전용면적(m2)":"84.83",
            "전용면적(평)":"25평",
            "법정동주소":"경기도 양주시 광적면 가납리 905",
            "도로명주소":"경기도 양주시 지섬로198번길 16",
            "세대수":50,
            "입주년차":80,
            "용적률점수":"--",
            "건폐율점수":"--",
            "세대당주차수":30,
            "난방방식":30,
            "공급면적":"--",
            "전용률":"--",
            "욕실수":100,
            "현관타입":100,
            "주거총점":61.0,
            "지역구공급총점":0.0,
            "역세권":0,
            "30분내 이동가능 거점":0,
            "1시간내 이동가능 거점":0,
            "교통총점":0.0,
            "백화점":0,
            "아울렛몰":0,
            "대형마트":80,
            "은행":20,
            "병원":0,
            "종합병원":0,
            "공원":100,
            "혐오시설":0,
            "인프라총점":17.0,
            "초등학군":90.0,
            "중학군":39.36,
            "학군총점":49.488,
            "인구수":25.02,
            "인구증감":19.02,
            "인구총점":23.22,
            "일자리":14.22,
            "소득수준":50.35,
            "일자리총점":25.059,
            "가치 총점":24.7232,
            "매매실거래년":20220111.0,
            "매매실거래가":29000.0,
            "전세실거래년":20210807.0,
            "전세실거래가":14000.0,
            "전세가율":59.57,
            "장기전세가율평균":65.83,
            "전세가율거품지수":6.26,
            "검색코드":110675,
            "세대수":499.0,
            "준공년월":"2017-06-28",
            "준공년차":6.0,
            "가까운역이름":"덕계",
            "가까운역거리":6660.19,
            "역세권여부":"비역세권",
            "30분이내주요거점역":0,
            "30분거점역이름":"[]",
            "1시간이내주요거점역":0,
            "1시간거점역이름":"[]",
            "3km이내백화점수":0,
            "5km이내아울렛몰수":0,
            "1km이내대형먀트수":1,
            "500m이내은행수":2,
            "500m이내병원수":1,
            "5km이내대형병원수":0,
            "500m이내공원수":3,
            "3km이내혐오시설수":0,
            "초등학교학업성취도":90.0,
            "중학교학업성취도":65.6,
            "용적률":185,
            "건폐율":22,
            "Y":37.82,
            "X":126.980687,
            "rank":37.0,
            "area_info":"25평(84.83), 25평(85.23), 26평(86.24), 31평(105.53), 31평(105.7), 31평(105.44)",
            "last_sales":"2022-01-11,29000.0,31평(105.44)",
            "rank_history":[
                [
                    "202202",
                    37
                ],
                [
                    "202201",
                    35
                ]
            ],
            "rank_gap":-2
        },
        {
            "index":148,
            "아파트명":"청담마을주공4단지",
            "투자타입":"일반",
            "전용면적(m2)":"110.43",
            "전용면적(평)":"33평",
            "법정동주소":"경기도 양주시 덕정동 210-2",
            "도로명주소":"경기도 양주시 고암길 305-40",
            "세대수":90,
            "입주년차":20,
            "용적률점수":"--",
            "건폐율점수":"--",
            "세대당주차수":60,
            "난방방식":30,
            "공급면적":"--",
            "전용률":"--",
            "욕실수":100,
            "현관타입":100,
            "주거총점":67.5,
            "지역구공급총점":0.0,
            "역세권":0,
            "30분내 이동가능 거점":0,
            "1시간내 이동가능 거점":0,
            "교통총점":0.0,
            "백화점":0,
            "아울렛몰":0,
            "대형마트":0,
            "은행":0,
            "병원":60,
            "종합병원":0,
            "공원":100,
            "혐오시설":0,
            "인프라총점":9.0,
            "초등학군":90.0,
            "중학군":44.54,
            "학군총점":53.632,
            "인구수":25.02,
            "인구증감":19.02,
            "인구총점":23.22,
            "일자리":14.22,
            "소득수준":50.35,
            "일자리총점":25.059,
            "가치 총점":24.2448,
            "매매실거래년":20211213.0,
            "매매실거래가":51000.0,
            "전세실거래년":20211105.0,
            "전세실거래가":29000.0,
            "전세가율":67.44,
            "장기전세가율평균":65.83,
            "전세가율거품지수":-1.61,
            "검색코드":3673,
            "세대수":960.0,
            "준공년월":"2001-06-11",
            "준공년차":22.0,
            "가까운역이름":"덕정",
            "가까운역거리":1254.65,
            "역세권여부":"비역세권",
            "30분이내주요거점역":0,
            "30분거점역이름":"[]",
            "1시간이내주요거점역":0,
            "1시간거점역이름":"[]",
            "3km이내백화점수":0,
            "5km이내아울렛몰수":0,
            "1km이내대형먀트수":0,
            "500m이내은행수":0,
            "500m이내병원수":22,
            "5km이내대형병원수":0,
            "500m이내공원수":7,
            "3km이내혐오시설수":0,
            "초등학교학업성취도":90.0,
            "중학교학업성취도":72.5,
            "용적률":214,
            "건폐율":16,
            "Y":37.83292,
            "X":127.0672,
            "rank":38.0,
            "area_info":"33평(110.43), 33평(111.52), 38평(128.11)",
            "last_sales":"2021-12-13,51000.0,38평(128.11)",
            "rank_history":[
                [
                    "202202",
                    38
                ],
                [
                    "202201",
                    38
                ]
            ],
            "rank_gap":0
        },
        {
            "index":98,
            "아파트명":"성심",
            "투자타입":"재건축",
            "전용면적(m2)":"67.5",
            "전용면적(평)":"20평",
            "법정동주소":"경기도 양주시 덕계동 452-1",
            "도로명주소":"경기도 양주시 평화로 1460",
            "세대수":0,
            "입주년차":"--",
            "용적률점수":0,
            "건폐율점수":0,
            "세대당주차수":"--",
            "난방방식":"--",
            "공급면적":50,
            "전용률":40,
            "욕실수":"--",
            "현관타입":"--",
            "주거총점":4.5,
            "지역구공급총점":0.0,
            "역세권":50,
            "30분내 이동가능 거점":0,
            "1시간내 이동가능 거점":0,
            "교통총점":25.0,
            "백화점":0,
            "아울렛몰":0,
            "대형마트":80,
            "은행":20,
            "병원":60,
            "종합병원":0,
            "공원":100,
            "혐오시설":0,
            "인프라총점":23.0,
            "초등학군":90.02,
            "중학군":39.66,
            "학군총점":49.732,
            "인구수":25.02,
            "인구증감":19.02,
            "인구총점":23.22,
            "일자리":14.22,
            "소득수준":50.35,
            "일자리총점":25.059,
            "가치 총점":24.0098,
            "매매실거래년":"18000101",
            "매매실거래가":null,
            "전세실거래년":null,
            "전세실거래가":null,
            "전세가율":null,
            "장기전세가율평균":65.83,
            "전세가율거품지수":null,
            "검색코드":14900,
            "세대수":102.0,
            "준공년월":"1986-11-10",
            "준공년차":37.0,
            "가까운역이름":"덕계",
            "가까운역거리":713.28,
            "역세권여부":"준역세권",
            "30분이내주요거점역":0,
            "30분거점역이름":"[]",
            "1시간이내주요거점역":0,
            "1시간거점역이름":"[]",
            "3km이내백화점수":0,
            "5km이내아울렛몰수":0,
            "1km이내대형먀트수":1,
            "500m이내은행수":2,
            "500m이내병원수":22,
            "5km이내대형병원수":0,
            "500m이내공원수":4,
            "3km이내혐오시설수":0,
            "초등학교학업성취도":90.02,
            "중학교학업성취도":66.1,
            "용적률":0,
            "건폐율":0,
            "Y":37.820528,
            "X":127.048788,
            "rank":39.0,
            "area_info":"20평(67.5), 21평(70.02), 21평(70.26)",
            "last_sales":"1800-01-01,nan,20평(67.5)",
            "rank_history":[
                [
                    "202202",
                    39
                ],
                [
                    "202201",
                    40
                ]
            ],
            "rank_gap":1
        },
        {
            "index":153,
            "아파트명":"한국2차",
            "투자타입":"재건축",
            "전용면적(m2)":"66.69",
            "전용면적(평)":"20평",
            "법정동주소":"경기도 양주시 덕정동 221-1",
            "도로명주소":"경기도 양주시 회정로109번길 35",
            "세대수":0,
            "입주년차":"--",
            "용적률점수":0,
            "건폐율점수":0,
            "세대당주차수":"--",
            "난방방식":"--",
            "공급면적":50,
            "전용률":80,
            "욕실수":"--",
            "현관타입":"--",
            "주거총점":6.5,
            "지역구공급총점":0.0,
            "역세권":50,
            "30분내 이동가능 거점":0,
            "1시간내 이동가능 거점":0,
            "교통총점":25.0,
            "백화점":0,
            "아울렛몰":0,
            "대형마트":80,
            "은행":0,
            "병원":60,
            "종합병원":0,
            "공원":100,
            "혐오시설":0,
            "인프라총점":21.0,
            "초등학군":89.98,
            "중학군":39.64,
            "학군총점":49.708,
            "인구수":25.02,
            "인구증감":19.02,
            "인구총점":23.22,
            "일자리":14.22,
            "소득수준":50.35,
            "일자리총점":25.059,
            "가치 총점":23.8062,
            "매매실거래년":20211216.0,
            "매매실거래가":21000.0,
            "전세실거래년":20211127.0,
            "전세실거래가":6000.0,
            "전세가율":28.57,
            "장기전세가율평균":65.83,
            "전세가율거품지수":37.26,
            "검색코드":13373,
            "세대수":156.0,
            "준공년월":"1990-08-22",
            "준공년차":33.0,
            "가까운역이름":"덕정",
            "가까운역거리":599.71,
            "역세권여부":"준역세권",
            "30분이내주요거점역":0,
            "30분거점역이름":"[]",
            "1시간이내주요거점역":0,
            "1시간거점역이름":"[]",
            "3km이내백화점수":0,
            "5km이내아울렛몰수":0,
            "1km이내대형먀트수":1,
            "500m이내은행수":1,
            "500m이내병원수":28,
            "5km이내대형병원수":0,
            "500m이내공원수":4,
            "3km이내혐오시설수":0,
            "초등학교학업성취도":89.98,
            "중학교학업성취도":65.4,
            "용적률":0,
            "건폐율":0,
            "Y":37.838413,
            "X":127.064452,
            "rank":40.0,
            "area_info":"20평(66.69), 23평(77.27), 26평(87.73), 27평(91.79), 27평(92.26)",
            "last_sales":"2021-12-16,21000.0,20평(66.69)",
            "rank_history":[
                [
                    "202202",
                    40
                ],
                [
                    "202201",
                    36
                ]
            ],
            "rank_gap":-4
        },
        {
            "index":141,
            "아파트명":"융보",
            "투자타입":"재건축",
            "전용면적(m2)":"109.23",
            "전용면적(평)":"33평",
            "법정동주소":"경기도 양주시 덕정동 280-5",
            "도로명주소":"경기도 양주시 독바위로 55",
            "세대수":0,
            "입주년차":"--",
            "용적률점수":0,
            "건폐율점수":60,
            "세대당주차수":"--",
            "난방방식":"--",
            "공급면적":90,
            "전용률":60,
            "욕실수":"--",
            "현관타입":"--",
            "주거총점":19.5,
            "지역구공급총점":0.0,
            "역세권":50,
            "30분내 이동가능 거점":0,
            "1시간내 이동가능 거점":0,
            "교통총점":25.0,
            "백화점":0,
            "아울렛몰":0,
            "대형마트":0,
            "은행":0,
            "병원":60,
            "종합병원":0,
            "공원":100,
            "혐오시설":0,
            "인프라총점":9.0,
            "초등학군":89.98,
            "중학군":44.54,
            "학군총점":53.628,
            "인구수":25.02,
            "인구증감":19.02,
            "인구총점":23.22,
            "일자리":14.22,
            "소득수준":50.35,
            "일자리총점":25.059,
            "가치 총점":23.3942,
            "매매실거래년":20211109.0,
            "매매실거래가":25500.0,
            "전세실거래년":20211224.0,
            "전세실거래가":11550.0,
            "전세가율":45.29,
            "장기전세가율평균":65.83,
            "전세가율거품지수":20.54,
            "검색코드":11634,
            "세대수":195.0,
            "준공년월":"1992-10-09",
            "준공년차":31.0,
            "가까운역이름":"덕정",
            "가까운역거리":727.48,
            "역세권여부":"준역세권",
            "30분이내주요거점역":0,
            "30분거점역이름":"[]",
            "1시간이내주요거점역":0,
            "1시간거점역이름":"[]",
            "3km이내백화점수":0,
            "5km이내아울렛몰수":0,
            "1km이내대형먀트수":0,
            "500m이내은행수":1,
            "500m이내병원수":28,
            "5km이내대형병원수":0,
            "500m이내공원수":4,
            "3km이내혐오시설수":0,
            "초등학교학업성취도":89.98,
            "중학교학업성취도":72.5,
            "용적률":397,
            "건폐율":33,
            "Y":37.83689,
            "X":127.06352,
            "rank":41.0,
            "area_info":"33평(109.23)",
            "last_sales":"2021-11-09,25500.0,33평(109.23)",
            "rank_history":[
                [
                    "202202",
                    41
                ],
                [
                    "202201",
                    24
                ]
            ],
            "rank_gap":-17
        },
        {
            "index":92,
            "아파트명":"명성",
            "투자타입":"재건축",
            "전용면적(m2)":"60.48",
            "전용면적(평)":"18평",
            "법정동주소":"경기도 양주시 덕계동 707-25",
            "도로명주소":"경기도 양주시 평화로1399번길 62",
            "세대수":0,
            "입주년차":"--",
            "용적률점수":100,
            "건폐율점수":80,
            "세대당주차수":"--",
            "난방방식":"--",
            "공급면적":50,
            "전용률":60,
            "욕실수":"--",
            "현관타입":"--",
            "주거총점":61.5,
            "지역구공급총점":0.0,
            "역세권":0,
            "30분내 이동가능 거점":0,
            "1시간내 이동가능 거점":0,
            "교통총점":0.0,
            "백화점":0,
            "아울렛몰":0,
            "대형마트":80,
            "은행":0,
            "병원":0,
            "종합병원":0,
            "공원":0,
            "혐오시설":0,
            "인프라총점":12.0,
            "초등학군":90.02,
            "중학군":39.66,
            "학군총점":49.732,
            "인구수":25.02,
            "인구증감":19.02,
            "인구총점":23.22,
            "일자리":14.22,
            "소득수준":50.35,
            "일자리총점":25.059,
            "가치 총점":23.3598,
            "매매실거래년":20211207.0,
            "매매실거래가":8050.0,
            "전세실거래년":20211027.0,
            "전세실거래가":4500.0,
            "전세가율":55.9,
            "장기전세가율평균":65.83,
            "전세가율거품지수":9.93,
            "검색코드":100871,
            "세대수":216.0,
            "준공년월":"1986-12-22",
            "준공년차":37.0,
            "가까운역이름":"덕계",
            "가까운역거리":1473.5,
            "역세권여부":"비역세권",
            "30분이내주요거점역":0,
            "30분거점역이름":"[]",
            "1시간이내주요거점역":0,
            "1시간거점역이름":"[]",
            "3km이내백화점수":0,
            "5km이내아울렛몰수":0,
            "1km이내대형먀트수":1,
            "500m이내은행수":1,
            "500m이내병원수":0,
            "5km이내대형병원수":0,
            "500m이내공원수":0,
            "3km이내혐오시설수":0,
            "초등학교학업성취도":90.02,
            "중학교학업성취도":66.1,
            "용적률":86,
            "건폐율":21,
            "Y":37.814694,
            "X":127.040413,
            "rank":42.0,
            "area_info":"18평(60.48), 21평(71.46), 22평(74.67)",
            "last_sales":"2021-12-07,8050.0,18평(60.48)",
            "rank_history":[
                [
                    "202202",
                    42
                ],
                [
                    "202201",
                    42
                ]
            ],
            "rank_gap":0
        },
        {
            "index":122,
            "아파트명":"푸른마을삼희",
            "투자타입":"일반",
            "전용면적(m2)":"42.59",
            "전용면적(평)":"12평",
            "법정동주소":"경기도 양주시 덕계동 271-44",
            "도로명주소":"경기도 양주시 고덕로139번길 248-30",
            "세대수":0,
            "입주년차":0,
            "용적률점수":"--",
            "건폐율점수":"--",
            "세대당주차수":0,
            "난방방식":30,
            "공급면적":"--",
            "전용률":"--",
            "욕실수":50,
            "현관타입":10,
            "주거총점":9.0,
            "지역구공급총점":0.0,
            "역세권":80,
            "30분내 이동가능 거점":0,
            "1시간내 이동가능 거점":0,
            "교통총점":40.0,
            "백화점":0,
            "아울렛몰":0,
            "대형마트":0,
            "은행":0,
            "병원":0,
            "종합병원":0,
            "공원":0,
            "혐오시설":0,
            "인프라총점":0.0,
            "초등학군":90.03,
            "중학군":39.66,
            "학군총점":49.734,
            "인구수":25.02,
            "인구증감":19.02,
            "인구총점":23.22,
            "일자리":14.22,
            "소득수준":50.35,
            "일자리총점":25.059,
            "가치 총점":23.2601,
            "매매실거래년":20211218.0,
            "매매실거래가":10800.0,
            "전세실거래년":20210531.0,
            "전세실거래가":6000.0,
            "전세가율":55.56,
            "장기전세가율평균":65.83,
            "전세가율거품지수":10.27,
            "검색코드":14899,
            "세대수":210.0,
            "준공년월":"1996-09-03",
            "준공년차":27.0,
            "가까운역이름":"덕계",
            "가까운역거리":288.87,
            "역세권여부":"역세권",
            "30분이내주요거점역":0,
            "30분거점역이름":"[]",
            "1시간이내주요거점역":0,
            "1시간거점역이름":"[]",
            "3km이내백화점수":0,
            "5km이내아울렛몰수":0,
            "1km이내대형먀트수":0,
            "500m이내은행수":0,
            "500m이내병원수":0,
            "5km이내대형병원수":0,
            "500m이내공원수":0,
            "3km이내혐오시설수":0,
            "초등학교학업성취도":90.03,
            "중학교학업성취도":66.1,
            "용적률":119,
            "건폐율":13,
            "Y":37.818535,
            "X":127.059774,
            "rank":43.0,
            "area_info":"12평(42.59), 18평(59.92)",
            "last_sales":"2021-12-18,10800.0,12평(42.59)",
            "rank_history":[
                [
                    "202202",
                    43
                ],
                [
                    "202201",
                    44
                ]
            ],
            "rank_gap":1
        },
        {
            "index":235,
            "아파트명":"양주자이7단지",
            "투자타입":"일반",
            "전용면적(m2)":"95.95",
            "전용면적(평)":"29평",
            "법정동주소":"경기도 양주시 삼숭동 689",
            "도로명주소":"경기도 양주시 삼숭로58번길 141",
            "세대수":50,
            "입주년차":40,
            "용적률점수":"--",
            "건폐율점수":"--",
            "세대당주차수":30,
            "난방방식":30,
            "공급면적":"--",
            "전용률":"--",
            "욕실수":100,
            "현관타입":100,
            "주거총점":53.0,
            "지역구공급총점":0.0,
            "역세권":0,
            "30분내 이동가능 거점":0,
            "1시간내 이동가능 거점":0,
            "교통총점":0.0,
            "백화점":0,
            "아울렛몰":0,
            "대형마트":0,
            "은행":0,
            "병원":0,
            "종합병원":80,
            "공원":0,
            "혐오시설":0,
            "인프라총점":16.0,
            "초등학군":89.99,
            "중학군":42.82,
            "학군총점":52.254,
            "인구수":25.02,
            "인구증감":19.02,
            "인구총점":23.22,
            "일자리":14.22,
            "소득수준":50.35,
            "일자리총점":25.059,
            "가치 총점":23.2381,
            "매매실거래년":20211112.0,
            "매매실거래가":39500.0,
            "전세실거래년":20211204.0,
            "전세실거래가":13000.0,
            "전세가율":50.98,
            "장기전세가율평균":65.83,
            "전세가율거품지수":14.85,
            "검색코드":18571,
            "세대수":561.0,
            "준공년월":"2006-04-13",
            "준공년차":17.0,
            "가까운역이름":"덕계",
            "가까운역거리":4526.28,
            "역세권여부":"비역세권",
            "30분이내주요거점역":0,
            "30분거점역이름":"[]",
            "1시간이내주요거점역":0,
            "1시간거점역이름":"[]",
            "3km이내백화점수":0,
            "5km이내아울렛몰수":0,
            "1km이내대형먀트수":0,
            "500m이내은행수":0,
            "500m이내병원수":0,
            "5km이내대형병원수":1,
            "500m이내공원수":0,
            "3km이내혐오시설수":0,
            "초등학교학업성취도":89.99,
            "중학교학업성취도":70.5,
            "용적률":173,
            "건폐율":15,
            "Y":37.804081,
            "X":127.104676,
            "rank":44.0,
            "area_info":"29평(95.95), 32평(106.48), 45평(151.19)",
            "last_sales":"2021-11-12,39500.0,45평(151.19)",
            "rank_history":[
                [
                    "202202",
                    44
                ],
                [
                    "202201",
                    45
                ]
            ],
            "rank_gap":1
        },
        {
            "index":34,
            "아파트명":"현대",
            "투자타입":"일반",
            "전용면적(m2)":"106.24",
            "전용면적(평)":"32평",
            "법정동주소":"경기도 양주시 고읍동 94",
            "도로명주소":"경기도 양주시 고덕로 340-12",
            "세대수":0,
            "입주년차":20,
            "용적률점수":"--",
            "건폐율점수":"--",
            "세대당주차수":30,
            "난방방식":30,
            "공급면적":"--",
            "전용률":"--",
            "욕실수":100,
            "현관타입":100,
            "주거총점":31.5,
            "지역구공급총점":0.0,
            "역세권":0,
            "30분내 이동가능 거점":0,
            "1시간내 이동가능 거점":0,
            "교통총점":0.0,
            "백화점":0,
            "아울렛몰":0,
            "대형마트":80,
            "은행":0,
            "병원":0,
            "종합병원":80,
            "공원":100,
            "혐오시설":0,
            "인프라총점":31.0,
            "초등학군":89.99,
            "중학군":41.02,
            "학군총점":50.814,
            "인구수":25.02,
            "인구증감":19.02,
            "인구총점":23.22,
            "일자리":14.22,
            "소득수준":50.35,
            "일자리총점":25.059,
            "가치 총점":23.2221,
            "매매실거래년":20211218.0,
            "매매실거래가":45800.0,
            "전세실거래년":20211016.0,
            "전세실거래가":25000.0,
            "전세가율":73.53,
            "장기전세가율평균":65.83,
            "전세가율거품지수":-7.7,
            "검색코드":11270,
            "세대수":293.0,
            "준공년월":"1999-12-30",
            "준공년차":24.0,
            "가까운역이름":"덕계",
            "가까운역거리":2630.32,
            "역세권여부":"비역세권",
            "30분이내주요거점역":0,
            "30분거점역이름":"[]",
            "1시간이내주요거점역":0,
            "1시간거점역이름":"[]",
            "3km이내백화점수":0,
            "5km이내아울렛몰수":0,
            "1km이내대형먀트수":1,
            "500m이내은행수":0,
            "500m이내병원수":1,
            "5km이내대형병원수":1,
            "500m이내공원수":3,
            "3km이내혐오시설수":0,
            "초등학교학업성취도":89.99,
            "중학교학업성취도":66.3,
            "용적률":215,
            "건폐율":17,
            "Y":37.801883,
            "X":127.077813,
            "rank":45.0,
            "area_info":"32평(106.24), 37평(124.91), 51평(169.01)",
            "last_sales":"2021-12-18,45800.0,51평(169.01)",
            "rank_history":[
                [
                    "202202",
                    45
                ],
                [
                    "202201",
                    43
                ]
            ],
            "rank_gap":-2
        },
        {
            "index":16,
            "아파트명":"TS푸른솔2차",
            "투자타입":"일반",
            "전용면적(m2)":"81.07",
            "전용면적(평)":"24평",
            "법정동주소":"경기도 양주시 고읍동 74",
            "도로명주소":"경기도 양주시 부흥로 2021-12",
            "세대수":0,
            "입주년차":20,
            "용적률점수":"--",
            "건폐율점수":"--",
            "세대당주차수":0,
            "난방방식":30,
            "공급면적":"--",
            "전용률":"--",
            "욕실수":50,
            "현관타입":100,
            "주거총점":22.0,
            "지역구공급총점":0.0,
            "역세권":0,
            "30분내 이동가능 거점":0,
            "1시간내 이동가능 거점":10,
            "교통총점":2.0,
            "백화점":0,
            "아울렛몰":0,
            "대형마트":80,
            "은행":0,
            "병원":10,
            "종합병원":80,
            "공원":100,
            "혐오시설":0,
            "인프라총점":32.0,
            "초등학군":89.99,
            "중학군":41.02,
            "학군총점":50.814,
            "인구수":25.02,
            "인구증감":19.02,
            "인구총점":23.22,
            "일자리":14.22,
            "소득수준":50.35,
            "일자리총점":25.059,
            "가치 총점":22.3221,
            "매매실거래년":20220124.0,
            "매매실거래가":38000.0,
            "전세실거래년":20210228.0,
            "전세실거래가":16500.0,
            "전세가율":82.5,
            "장기전세가율평균":65.83,
            "전세가율거품지수":-16.67,
            "검색코드":9366,
            "세대수":204.0,
            "준공년월":"2000-05-01",
            "준공년차":23.0,
            "가까운역이름":"덕계",
            "가까운역거리":2865.63,
            "역세권여부":"비역세권",
            "30분이내주요거점역":0,
            "30분거점역이름":"[]",
            "1시간이내주요거점역":1,
            "1시간거점역이름":"['잠실']",
            "3km이내백화점수":0,
            "5km이내아울렛몰수":0,
            "1km이내대형먀트수":1,
            "500m이내은행수":0,
            "500m이내병원수":2,
            "5km이내대형병원수":1,
            "500m이내공원수":3,
            "3km이내혐오시설수":0,
            "초등학교학업성취도":89.99,
            "중학교학업성취도":66.3,
            "용적률":209,
            "건폐율":19,
            "Y":37.802075,
            "X":127.081637,
            "rank":46.0,
            "area_info":"24평(81.07), 33평(111.38)",
            "last_sales":"2022-01-24,38000.0,33평(111.38)",
            "rank_history":[
                [
                    "202202",
                    46
                ],
                [
                    "202201",
                    46
                ]
            ],
            "rank_gap":0
        },
        {
            "index":291,
            "아파트명":"우남송추마을",
            "투자타입":"일반",
            "전용면적(m2)":"115.43",
            "전용면적(평)":"34평",
            "법정동주소":"경기도 양주시 장흥면 부곡리 491",
            "도로명주소":"경기도 양주시 가마골로 40-8",
            "세대수":30,
            "입주년차":20,
            "용적률점수":"--",
            "건폐율점수":"--",
            "세대당주차수":30,
            "난방방식":30,
            "공급면적":"--",
            "전용률":"--",
            "욕실수":100,
            "현관타입":100,
            "주거총점":42.0,
            "지역구공급총점":0.0,
            "역세권":0,
            "30분내 이동가능 거점":0,
            "1시간내 이동가능 거점":0,
            "교통총점":0.0,
            "백화점":0,
            "아울렛몰":0,
            "대형마트":80,
            "은행":0,
            "병원":10,
            "종합병원":0,
            "공원":0,
            "혐오시설":0,
            "인프라총점":13.0,
            "초등학군":90.01,
            "중학군":57.7,
            "학군총점":64.162,
            "인구수":25.02,
            "인구증감":19.02,
            "인구총점":23.22,
            "일자리":14.22,
            "소득수준":50.35,
            "일자리총점":25.059,
            "가치 총점":21.9243,
            "매매실거래년":20211203.0,
            "매매실거래가":28500.0,
            "전세실거래년":20220114.0,
            "전세실거래가":16000.0,
            "전세가율":56.14,
            "장기전세가율평균":65.83,
            "전세가율거품지수":9.69,
            "검색코드":18504,
            "세대수":395.0,
            "준공년월":"2001-09-19",
            "준공년차":22.0,
            "가까운역이름":"의정부시청",
            "가까운역거리":5393.56,
            "역세권여부":"비역세권",
            "30분이내주요거점역":0,
            "30분거점역이름":"[]",
            "1시간이내주요거점역":0,
            "1시간거점역이름":"[]",
            "3km이내백화점수":0,
            "5km이내아울렛몰수":0,
            "1km이내대형먀트수":1,
            "500m이내은행수":0,
            "500m이내병원수":3,
            "5km이내대형병원수":0,
            "500m이내공원수":0,
            "3km이내혐오시설수":0,
            "초등학교학업성취도":90.01,
            "중학교학업성취도":95.1,
            "용적률":194,
            "건폐율":17,
            "Y":37.721902,
            "X":126.977511,
            "rank":47.0,
            "area_info":"34평(115.43)",
            "last_sales":"2021-12-03,28500.0,34평(115.43)",
            "rank_history":[
                [
                    "202202",
                    47
                ],
                [
                    "202201",
                    59
                ]
            ],
            "rank_gap":12
        },
        {
            "index":63,
            "아파트명":"양주성우헤스티아",
            "투자타입":"일반",
            "전용면적(m2)":"43.07",
            "전용면적(평)":"13평",
            "법정동주소":"경기도 양주시 광적면 가납리 840",
            "도로명주소":"경기도 양주시 가래비11길 30",
            "세대수":50,
            "입주년차":40,
            "용적률점수":"--",
            "건폐율점수":"--",
            "세대당주차수":0,
            "난방방식":30,
            "공급면적":"--",
            "전용률":"--",
            "욕실수":50,
            "현관타입":100,
            "주거총점":43.5,
            "지역구공급총점":0.0,
            "역세권":0,
            "30분내 이동가능 거점":0,
            "1시간내 이동가능 거점":0,
            "교통총점":0.0,
            "백화점":0,
            "아울렛몰":0,
            "대형마트":80,
            "은행":0,
            "병원":30,
            "종합병원":0,
            "공원":100,
            "혐오시설":0,
            "인프라총점":18.0,
            "초등학군":90.0,
            "중학군":39.36,
            "학군총점":49.488,
            "인구수":25.02,
            "인구증감":19.02,
            "인구총점":23.22,
            "일자리":14.22,
            "소득수준":50.35,
            "일자리총점":25.059,
            "가치 총점":21.5232,
            "매매실거래년":20211229.0,
            "매매실거래가":16800.0,
            "전세실거래년":20141013.0,
            "전세실거래가":4000.0,
            "전세가율":53.33,
            "장기전세가율평균":65.83,
            "전세가율거품지수":12.5,
            "검색코드":11480,
            "세대수":444.0,
            "준공년월":"2004-12-08",
            "준공년차":19.0,
            "가까운역이름":"덕계",
            "가까운역거리":6574.04,
            "역세권여부":"비역세권",
            "30분이내주요거점역":0,
            "30분거점역이름":"[]",
            "1시간이내주요거점역":0,
            "1시간거점역이름":"[]",
            "3km이내백화점수":0,
            "5km이내아울렛몰수":0,
            "1km이내대형먀트수":1,
            "500m이내은행수":0,
            "500m이내병원수":7,
            "5km이내대형병원수":0,
            "500m이내공원수":8,
            "3km이내혐오시설수":0,
            "초등학교학업성취도":90.0,
            "중학교학업성취도":65.6,
            "용적률":244,
            "건폐율":29,
            "Y":37.825377,
            "X":126.982151,
            "rank":48.0,
            "area_info":"13평(43.07), 13평(45.07), 14평(48.94), 19평(65.9), 23평(77.91), 29평(97.04), 29평(97.27), 32평(108.8)",
            "last_sales":"2021-12-29,16800.0,29평(97.27)",
            "rank_history":[
                [
                    "202202",
                    48
                ],
                [
                    "202201",
                    47
                ]
            ],
            "rank_gap":-1
        },
        {
            "index":3,
            "아파트명":"동안마을주공3단지",
            "투자타입":"일반",
            "전용면적(m2)":"71.81",
            "전용면적(평)":"21평",
            "법정동주소":"경기도 양주시 고암동 122",
            "도로명주소":"경기도 양주시 고암길 275",
            "세대수":90,
            "입주년차":20,
            "용적률점수":"--",
            "건폐율점수":"--",
            "세대당주차수":30,
            "난방방식":30,
            "공급면적":"--",
            "전용률":"--",
            "욕실수":50,
            "현관타입":100,
            "주거총점":58.0,
            "지역구공급총점":0.0,
            "역세권":0,
            "30분내 이동가능 거점":0,
            "1시간내 이동가능 거점":0,
            "교통총점":0.0,
            "백화점":0,
            "아울렛몰":0,
            "대형마트":0,
            "은행":0,
            "병원":60,
            "종합병원":0,
            "공원":100,
            "혐오시설":0,
            "인프라총점":9.0,
            "초등학군":90.0,
            "중학군":36.52,
            "학군총점":47.216,
            "인구수":25.02,
            "인구증감":19.02,
            "인구총점":23.22,
            "일자리":14.22,
            "소득수준":50.35,
            "일자리총점":25.059,
            "가치 총점":21.3824,
            "매매실거래년":20211229.0,
            "매매실거래가":41000.0,
            "전세실거래년":20220127.0,
            "전세실거래가":20000.0,
            "전세가율":74.07,
            "장기전세가율평균":65.83,
            "전세가율거품지수":-8.24,
            "검색코드":9420,
            "세대수":1290.0,
            "준공년월":"2001-05-02",
            "준공년차":22.0,
            "가까운역이름":"덕정",
            "가까운역거리":1279.94,
            "역세권여부":"비역세권",
            "30분이내주요거점역":0,
            "30분거점역이름":"[]",
            "1시간이내주요거점역":0,
            "1시간거점역이름":"[]",
            "3km이내백화점수":0,
            "5km이내아울렛몰수":0,
            "1km이내대형먀트수":0,
            "500m이내은행수":0,
            "500m이내병원수":20,
            "5km이내대형병원수":0,
            "500m이내공원수":11,
            "3km이내혐오시설수":0,
            "초등학교학업성취도":90.0,
            "중학교학업성취도":60.2,
            "용적률":212,
            "건폐율":15,
            "Y":37.834024,
            "X":127.070097,
            "rank":49.0,
            "area_info":"21평(71.81), 21평(71.38), 30평(101.1), 30평(101.11)",
            "last_sales":"2021-12-29,41000.0,30평(101.1)",
            "rank_history":[
                [
                    "202202",
                    49
                ],
                [
                    "202201",
                    48
                ]
            ],
            "rank_gap":-1
        },
        {
            "index":7,
            "아파트명":"주원주공2단지",
            "투자타입":"일반",
            "전용면적(m2)":"70.73",
            "전용면적(평)":"21평",
            "법정동주소":"경기도 양주시 고암동 121-2",
            "도로명주소":"경기도 양주시 고암길 306-40",
            "세대수":100,
            "입주년차":20,
            "용적률점수":"--",
            "건폐율점수":"--",
            "세대당주차수":30,
            "난방방식":30,
            "공급면적":"--",
            "전용률":"--",
            "욕실수":50,
            "현관타입":10,
            "주거총점":52.5,
            "지역구공급총점":0.0,
            "역세권":0,
            "30분내 이동가능 거점":0,
            "1시간내 이동가능 거점":0,
            "교통총점":0.0,
            "백화점":0,
            "아울렛몰":0,
            "대형마트":0,
            "은행":0,
            "병원":60,
            "종합병원":0,
            "공원":100,
            "혐오시설":0,
            "인프라총점":9.0,
            "초등학군":90.0,
            "중학군":44.54,
            "학군총점":53.632,
            "인구수":25.02,
            "인구증감":19.02,
            "인구총점":23.22,
            "일자리":14.22,
            "소득수준":50.35,
            "일자리총점":25.059,
            "가치 총점":21.2448,
            "매매실거래년":20220110.0,
            "매매실거래가":31500.0,
            "전세실거래년":20220127.0,
            "전세실거래가":18500.0,
            "전세가율":61.67,
            "장기전세가율평균":65.83,
            "전세가율거품지수":4.16,
            "검색코드":11159,
            "세대수":1935.0,
            "준공년월":"2000-11-29",
            "준공년차":23.0,
            "가까운역이름":"덕정",
            "가까운역거리":1118.41,
            "역세권여부":"비역세권",
            "30분이내주요거점역":0,
            "30분거점역이름":"[]",
            "1시간이내주요거점역":0,
            "1시간거점역이름":"[]",
            "3km이내백화점수":0,
            "5km이내아울렛몰수":0,
            "1km이내대형먀트수":0,
            "500m이내은행수":0,
            "500m이내병원수":24,
            "5km이내대형병원수":0,
            "500m이내공원수":9,
            "3km이내혐오시설수":0,
            "초등학교학업성취도":90.0,
            "중학교학업성취도":72.5,
            "용적률":214,
            "건폐율":14,
            "Y":37.836444,
            "X":127.070726,
            "rank":50.0,
            "area_info":"21평(70.73), 25평(84.55), 25평(84.25)",
            "last_sales":"2022-01-10,31500.0,25평(84.25)",
            "rank_history":[
                [
                    "202202",
                    50
                ],
                [
                    "202201",
                    49
                ]
            ],
            "rank_gap":-1
        },
        {
            "index":87,
            "아파트명":"덕계한주",
            "투자타입":"일반",
            "전용면적(m2)":"82.9",
            "전용면적(평)":"25평",
            "법정동주소":"경기도 양주시 덕계동 669",
            "도로명주소":"경기도 양주시 평화로1429번길 66",
            "세대수":30,
            "입주년차":20,
            "용적률점수":"--",
            "건폐율점수":"--",
            "세대당주차수":0,
            "난방방식":30,
            "공급면적":"--",
            "전용률":"--",
            "욕실수":50,
            "현관타입":100,
            "주거총점":32.5,
            "지역구공급총점":0.0,
            "역세권":0,
            "30분내 이동가능 거점":0,
            "1시간내 이동가능 거점":0,
            "교통총점":0.0,
            "백화점":0,
            "아울렛몰":0,
            "대형마트":80,
            "은행":20,
            "병원":60,
            "종합병원":0,
            "공원":100,
            "혐오시설":0,
            "인프라총점":23.0,
            "초등학군":90.03,
            "중학군":39.66,
            "학군총점":49.734,
            "인구수":25.02,
            "인구증감":19.02,
            "인구총점":23.22,
            "일자리":14.22,
            "소득수준":50.35,
            "일자리총점":25.059,
            "가치 총점":20.8601,
            "매매실거래년":20211001.0,
            "매매실거래가":20000.0,
            "전세실거래년":20211029.0,
            "전세실거래가":16000.0,
            "전세가율":80.0,
            "장기전세가율평균":65.83,
            "전세가율거품지수":-14.17,
            "검색코드":14112,
            "세대수":320.0,
            "준공년월":"1999-02-20",
            "준공년차":24.0,
            "가까운역이름":"덕계",
            "가까운역거리":1082.8,
            "역세권여부":"비역세권",
            "30분이내주요거점역":0,
            "30분거점역이름":"[]",
            "1시간이내주요거점역":0,
            "1시간거점역이름":"[]",
            "3km이내백화점수":0,
            "5km이내아울렛몰수":0,
            "1km이내대형먀트수":1,
            "500m이내은행수":2,
            "500m이내병원수":20,
            "5km이내대형병원수":0,
            "500m이내공원수":3,
            "3km이내혐오시설수":0,
            "초등학교학업성취도":90.03,
            "중학교학업성취도":66.1,
            "용적률":244,
            "건폐율":19,
            "Y":37.821071,
            "X":127.044601,
            "rank":51.0,
            "area_info":"25평(82.9), 24평(82.6), 26평(88.62), 33평(109.75), 33평(112.22)",
            "last_sales":"2021-10-01,20000.0,25평(82.9)",
            "rank_history":[
                [
                    "202202",
                    51
                ],
                [
                    "202201",
                    50
                ]
            ],
            "rank_gap":-1
        },
        {
            "index":292,
            "아파트명":"푸른마을",
            "투자타입":"일반",
            "전용면적(m2)":"104.67",
            "전용면적(평)":"31평",
            "법정동주소":"경기도 양주시 장흥면 부곡리 579",
            "도로명주소":"경기도 양주시 가마골로 11",
            "세대수":0,
            "입주년차":20,
            "용적률점수":"--",
            "건폐율점수":"--",
            "세대당주차수":60,
            "난방방식":30,
            "공급면적":"--",
            "전용률":"--",
            "욕실수":100,
            "현관타입":100,
            "주거총점":36.0,
            "지역구공급총점":0.0,
            "역세권":0,
            "30분내 이동가능 거점":0,
            "1시간내 이동가능 거점":0,
            "교통총점":0.0,
            "백화점":0,
            "아울렛몰":0,
            "대형마트":80,
            "은행":0,
            "병원":10,
            "종합병원":0,
            "공원":0,
            "혐오시설":0,
            "인프라총점":13.0,
            "초등학군":90.01,
            "중학군":57.7,
            "학군총점":64.162,
            "인구수":25.02,
            "인구증감":19.02,
            "인구총점":23.22,
            "일자리":14.22,
            "소득수준":50.35,
            "일자리총점":25.059,
            "가치 총점":20.7243,
            "매매실거래년":20211110.0,
            "매매실거래가":38000.0,
            "전세실거래년":20200329.0,
            "전세실거래가":12000.0,
            "전세가율":48.78,
            "장기전세가율평균":65.83,
            "전세가율거품지수":17.05,
            "검색코드":10585,
            "세대수":241.0,
            "준공년월":"1999-10-01",
            "준공년차":24.0,
            "가까운역이름":"의정부시청",
            "가까운역거리":5896.62,
            "역세권여부":"비역세권",
            "30분이내주요거점역":0,
            "30분거점역이름":"[]",
            "1시간이내주요거점역":0,
            "1시간거점역이름":"[]",
            "3km이내백화점수":0,
            "5km이내아울렛몰수":0,
            "1km이내대형먀트수":1,
            "500m이내은행수":0,
            "500m이내병원수":3,
            "5km이내대형병원수":0,
            "500m이내공원수":0,
            "3km이내혐오시설수":0,
            "초등학교학업성취도":90.01,
            "중학교학업성취도":95.1,
            "용적률":220,
            "건폐율":24,
            "Y":37.719238,
            "X":126.972693,
            "rank":52.0,
            "area_info":"31평(104.67), 32평(106.49), 45평(151.58), 48평(161.95)",
            "last_sales":"2021-11-10,38000.0,48평(161.95)",
            "rank_history":[
                [
                    "202202",
                    52
                ],
                [
                    "202201",
                    69
                ]
            ],
            "rank_gap":17
        },
        {
            "index":269,
            "아파트명":"세창리베하우스",
            "투자타입":"일반",
            "전용면적(m2)":"104.8",
            "전용면적(평)":"31평",
            "법정동주소":"경기도 양주시 옥정동 176",
            "도로명주소":"경기도 양주시 새터로 37",
            "세대수":90,
            "입주년차":20,
            "용적률점수":"--",
            "건폐율점수":"--",
            "세대당주차수":30,
            "난방방식":30,
            "공급면적":"--",
            "전용률":"--",
            "욕실수":100,
            "현관타입":100,
            "주거총점":63.0,
            "지역구공급총점":0.0,
            "역세권":0,
            "30분내 이동가능 거점":0,
            "1시간내 이동가능 거점":0,
            "교통총점":0.0,
            "백화점":0,
            "아울렛몰":0,
            "대형마트":0,
            "은행":0,
            "병원":0,
            "종합병원":0,
            "공원":100,
            "혐오시설":0,
            "인프라총점":3.0,
            "초등학군":90.01,
            "중학군":35.74,
            "학군총점":46.594,
            "인구수":25.02,
            "인구증감":19.02,
            "인구총점":23.22,
            "일자리":14.22,
            "소득수준":50.35,
            "일자리총점":25.059,
            "가치 총점":20.4891,
            "매매실거래년":20220121.0,
            "매매실거래가":33000.0,
            "전세실거래년":20220122.0,
            "전세실거래가":18000.0,
            "전세가율":54.55,
            "장기전세가율평균":65.83,
            "전세가율거품지수":11.28,
            "검색코드":13099,
            "세대수":998.0,
            "준공년월":"2003-06-20",
            "준공년차":20.0,
            "가까운역이름":"덕정",
            "가까운역거리":2584.19,
            "역세권여부":"비역세권",
            "30분이내주요거점역":0,
            "30분거점역이름":"[]",
            "1시간이내주요거점역":0,
            "1시간거점역이름":"[]",
            "3km이내백화점수":0,
            "5km이내아울렛몰수":0,
            "1km이내대형먀트수":0,
            "500m이내은행수":0,
            "500m이내병원수":0,
            "5km이내대형병원수":0,
            "500m이내공원수":4,
            "3km이내혐오시설수":0,
            "초등학교학업성취도":90.01,
            "중학교학업성취도":56.9,
            "용적률":172,
            "건폐율":12,
            "Y":37.83039,
            "X":127.08584,
            "rank":53.0,
            "area_info":"31평(104.8)",
            "last_sales":"2022-01-21,33000.0,31평(104.8)",
            "rank_history":[
                [
                    "202202",
                    53
                ],
                [
                    "202201",
                    52
                ]
            ],
            "rank_gap":-1
        },
        {
            "index":217,
            "아파트명":"성우아침의미소",
            "투자타입":"일반",
            "전용면적(m2)":"67.15",
            "전용면적(평)":"20평",
            "법정동주소":"경기도 양주시 삼숭동 569",
            "도로명주소":"경기도 양주시 부흥로 2152-11",
            "세대수":90,
            "입주년차":40,
            "용적률점수":"--",
            "건폐율점수":"--",
            "세대당주차수":30,
            "난방방식":30,
            "공급면적":"--",
            "전용률":"--",
            "욕실수":50,
            "현관타입":100,
            "주거총점":62.0,
            "지역구공급총점":0.0,
            "역세권":0,
            "30분내 이동가능 거점":0,
            "1시간내 이동가능 거점":0,
            "교통총점":0.0,
            "백화점":0,
            "아울렛몰":0,
            "대형마트":0,
            "은행":0,
            "병원":0,
            "종합병원":0,
            "공원":0,
            "혐오시설":0,
            "인프라총점":0.0,
            "초등학군":89.99,
            "중학군":41.02,
            "학군총점":50.814,
            "인구수":25.02,
            "인구증감":19.02,
            "인구총점":23.22,
            "일자리":14.22,
            "소득수준":50.35,
            "일자리총점":25.059,
            "가치 총점":20.0221,
            "매매실거래년":20220115.0,
            "매매실거래가":19750.0,
            "전세실거래년":20211230.0,
            "전세실거래가":17000.0,
            "전세가율":86.08,
            "장기전세가율평균":65.83,
            "전세가율거품지수":-20.25,
            "검색코드":9789,
            "세대수":917.0,
            "준공년월":"2004-03-12",
            "준공년차":19.0,
            "가까운역이름":"덕계",
            "가까운역거리":3627.24,
            "역세권여부":"비역세권",
            "30분이내주요거점역":0,
            "30분거점역이름":"[]",
            "1시간이내주요거점역":0,
            "1시간거점역이름":"[]",
            "3km이내백화점수":0,
            "5km이내아울렛몰수":0,
            "1km이내대형먀트수":0,
            "500m이내은행수":0,
            "500m이내병원수":0,
            "5km이내대형병원수":0,
            "500m이내공원수":0,
            "3km이내혐오시설수":0,
            "초등학교학업성취도":89.99,
            "중학교학업성취도":66.3,
            "용적률":173,
            "건폐율":16,
            "Y":37.804267,
            "X":127.093647,
            "rank":54.0,
            "area_info":"20평(67.15), 25평(84.28), 29평(95.89)",
            "last_sales":"2022-01-15,19750.0,20평(67.15)",
            "rank_history":[
                [
                    "202202",
                    54
                ],
                [
                    "202201",
                    54
                ]
            ],
            "rank_gap":0
        },
        {
            "index":302,
            "아파트명":"양주회정범양",
            "투자타입":"일반",
            "전용면적(m2)":"95.18",
            "전용면적(평)":"28평",
            "법정동주소":"경기도 양주시 회정동 369",
            "도로명주소":"경기도 양주시 평화로1570번길 36",
            "세대수":80,
            "입주년차":20,
            "용적률점수":"--",
            "건폐율점수":"--",
            "세대당주차수":30,
            "난방방식":30,
            "공급면적":"--",
            "전용률":"--",
            "욕실수":100,
            "현관타입":100,
            "주거총점":59.5,
            "지역구공급총점":0.0,
            "역세권":0,
            "30분내 이동가능 거점":0,
            "1시간내 이동가능 거점":0,
            "교통총점":0.0,
            "백화점":0,
            "아울렛몰":0,
            "대형마트":0,
            "은행":0,
            "병원":0,
            "종합병원":0,
            "공원":0,
            "혐오시설":0,
            "인프라총점":0.0,
            "초등학군":90.02,
            "중학군":44.54,
            "학군총점":53.636,
            "인구수":25.02,
            "인구증감":19.02,
            "인구총점":23.22,
            "일자리":14.22,
            "소득수준":50.35,
            "일자리총점":25.059,
            "가치 총점":19.9454,
            "매매실거래년":20210910.0,
            "매매실거래가":30900.0,
            "전세실거래년":20211030.0,
            "전세실거래가":25000.0,
            "전세가율":89.29,
            "장기전세가율평균":65.83,
            "전세가율거품지수":-23.46,
            "검색코드":9234,
            "세대수":883.0,
            "준공년월":"2003-07-09",
            "준공년차":20.0,
            "가까운역이름":"덕계",
            "가까운역거리":1168.31,
            "역세권여부":"비역세권",
            "30분이내주요거점역":0,
            "30분거점역이름":"[]",
            "1시간이내주요거점역":0,
            "1시간거점역이름":"[]",
            "3km이내백화점수":0,
            "5km이내아울렛몰수":0,
            "1km이내대형먀트수":0,
            "500m이내은행수":1,
            "500m이내병원수":0,
            "5km이내대형병원수":0,
            "500m이내공원수":0,
            "3km이내혐오시설수":0,
            "초등학교학업성취도":90.02,
            "중학교학업성취도":72.5,
            "용적률":244,
            "건폐율":18,
            "Y":37.828941,
            "X":127.055166,
            "rank":55.0,
            "area_info":"28평(95.18), 28평(95.39), 28평(95.19), 32평(106.71), 32평(106.39)",
            "last_sales":"2021-09-10,30900.0,32평(106.39)",
            "rank_history":[
                [
                    "202202",
                    55
                ],
                [
                    "202201",
                    51
                ]
            ],
            "rank_gap":-4
        },
        {
            "index":83,
            "아파트명":"덕계신도브래뉴",
            "투자타입":"일반",
            "전용면적(m2)":"112.6",
            "전용면적(평)":"34평",
            "법정동주소":"경기도 양주시 덕계동 857",
            "도로명주소":"경기도 양주시 평화로1475번길 161-14",
            "세대수":0,
            "입주년차":60,
            "용적률점수":"--",
            "건폐율점수":"--",
            "세대당주차수":30,
            "난방방식":30,
            "공급면적":"--",
            "전용률":"--",
            "욕실수":100,
            "현관타입":100,
            "주거총점":39.5,
            "지역구공급총점":0.0,
            "역세권":0,
            "30분내 이동가능 거점":0,
            "1시간내 이동가능 거점":0,
            "교통총점":0.0,
            "백화점":0,
            "아울렛몰":0,
            "대형마트":80,
            "은행":0,
            "병원":0,
            "종합병원":0,
            "공원":100,
            "혐오시설":0,
            "인프라총점":15.0,
            "초등학군":90.03,
            "중학군":39.66,
            "학군총점":49.734,
            "인구수":25.02,
            "인구증감":19.02,
            "인구총점":23.22,
            "일자리":14.22,
            "소득수준":50.35,
            "일자리총점":25.059,
            "가치 총점":19.8601,
            "매매실거래년":20211231.0,
            "매매실거래가":28200.0,
            "전세실거래년":20220115.0,
            "전세실거래가":25000.0,
            "전세가율":88.65,
            "장기전세가율평균":65.83,
            "전세가율거품지수":-22.82,
            "검색코드":103594,
            "세대수":249.0,
            "준공년월":"2012-01-13",
            "준공년차":11.0,
            "가까운역이름":"덕계",
            "가까운역거리":1519.51,
            "역세권여부":"비역세권",
            "30분이내주요거점역":0,
            "30분거점역이름":"[]",
            "1시간이내주요거점역":0,
            "1시간거점역이름":"[]",
            "3km이내백화점수":0,
            "5km이내아울렛몰수":0,
            "1km이내대형먀트수":1,
            "500m이내은행수":0,
            "500m이내병원수":0,
            "5km이내대형병원수":0,
            "500m이내공원수":2,
            "3km이내혐오시설수":0,
            "초등학교학업성취도":90.03,
            "중학교학업성취도":66.1,
            "용적률":198,
            "건폐율":25,
            "Y":37.825525,
            "X":127.041658,
            "rank":56.0,
            "area_info":"34평(112.6), 34평(113.73), 34평(113.73), 56평(187.97)",
            "last_sales":"2021-12-31,28200.0,34평(112.6)",
            "rank_history":[
                [
                    "202202",
                    56
                ],
                [
                    "202201",
                    53
                ]
            ],
            "rank_gap":-3
        },
        {
            "index":172,
            "아파트명":"가야써니빌5차",
            "투자타입":"일반",
            "전용면적(m2)":"122.0",
            "전용면적(평)":"36평",
            "법정동주소":"경기도 양주시 백석읍 복지리 80",
            "도로명주소":"경기도 양주시 호명로 103-22",
            "세대수":50,
            "입주년차":40,
            "용적률점수":"--",
            "건폐율점수":"--",
            "세대당주차수":30,
            "난방방식":30,
            "공급면적":"--",
            "전용률":"--",
            "욕실수":100,
            "현관타입":100,
            "주거총점":53.0,
            "지역구공급총점":0.0,
            "역세권":0,
            "30분내 이동가능 거점":0,
            "1시간내 이동가능 거점":0,
            "교통총점":0.0,
            "백화점":0,
            "아울렛몰":0,
            "대형마트":0,
            "은행":0,
            "병원":60,
            "종합병원":0,
            "공원":0,
            "혐오시설":0,
            "인프라총점":6.0,
            "초등학군":89.97,
            "중학군":38.7,
            "학군총점":48.954,
            "인구수":25.02,
            "인구증감":19.02,
            "인구총점":23.22,
            "일자리":14.22,
            "소득수준":50.35,
            "일자리총점":25.059,
            "가치 총점":19.7431,
            "매매실거래년":20211208.0,
            "매매실거래가":29000.0,
            "전세실거래년":20220110.0,
            "전세실거래가":23000.0,
            "전세가율":79.31,
            "장기전세가율평균":65.83,
            "전세가율거품지수":-13.48,
            "검색코드":10810,
            "세대수":497.0,
            "준공년월":"2004-07-11",
            "준공년차":19.0,
            "가까운역이름":"양주",
            "가까운역거리":4789.57,
            "역세권여부":"비역세권",
            "30분이내주요거점역":0,
            "30분거점역이름":"[]",
            "1시간이내주요거점역":0,
            "1시간거점역이름":"[]",
            "3km이내백화점수":0,
            "5km이내아울렛몰수":0,
            "1km이내대형먀트수":0,
            "500m이내은행수":0,
            "500m이내병원수":11,
            "5km이내대형병원수":0,
            "500m이내공원수":0,
            "3km이내혐오시설수":0,
            "초등학교학업성취도":89.97,
            "중학교학업성취도":64.1,
            "용적률":199,
            "건폐율":16,
            "Y":37.783805,
            "X":126.991531,
            "rank":57.0,
            "area_info":"36평(122.0), 49평(162.04)",
            "last_sales":"2021-12-08,29000.0,36평(122.0)",
            "rank_history":[
                [
                    "202202",
                    57
                ],
                [
                    "202201",
                    57
                ]
            ],
            "rank_gap":0
        },
        {
            "index":0,
            "아파트명":"덕정중흥S-클래스",
            "투자타입":"일반",
            "전용면적(m2)":"149.31",
            "전용면적(평)":"45평",
            "법정동주소":"경기도 양주시 고암동 582",
            "도로명주소":"경기도 양주시 고암길 200",
            "세대수":30,
            "입주년차":60,
            "용적률점수":"--",
            "건폐율점수":"--",
            "세대당주차수":80,
            "난방방식":30,
            "공급면적":"--",
            "전용률":"--",
            "욕실수":100,
            "현관타입":100,
            "주거총점":57.5,
            "지역구공급총점":0.0,
            "역세권":0,
            "30분내 이동가능 거점":0,
            "1시간내 이동가능 거점":0,
            "교통총점":0.0,
            "백화점":0,
            "아울렛몰":0,
            "대형마트":0,
            "은행":0,
            "병원":0,
            "종합병원":0,
            "공원":100,
            "혐오시설":0,
            "인프라총점":3.0,
            "초등학군":90.01,
            "중학군":36.52,
            "학군총점":47.218,
            "인구수":25.02,
            "인구증감":19.02,
            "인구총점":23.22,
            "일자리":14.22,
            "소득수준":50.35,
            "일자리총점":25.059,
            "가치 총점":19.4827,
            "매매실거래년":20210917.0,
            "매매실거래가":60000.0,
            "전세실거래년":20210804.0,
            "전세실거래가":23000.0,
            "전세가율":51.11,
            "장기전세가율평균":65.83,
            "전세가율거품지수":14.72,
            "검색코드":27469,
            "세대수":314.0,
            "준공년월":"2011-04-01",
            "준공년차":12.0,
            "가까운역이름":"덕정",
            "가까운역거리":1580.94,
            "역세권여부":"비역세권",
            "30분이내주요거점역":0,
            "30분거점역이름":"[]",
            "1시간이내주요거점역":0,
            "1시간거점역이름":"[]",
            "3km이내백화점수":0,
            "5km이내아울렛몰수":0,
            "1km이내대형먀트수":0,
            "500m이내은행수":0,
            "500m이내병원수":0,
            "5km이내대형병원수":0,
            "500m이내공원수":7,
            "3km이내혐오시설수":0,
            "초등학교학업성취도":90.01,
            "중학교학업성취도":60.2,
            "용적률":210,
            "건폐율":16,
            "Y":37.835035,
            "X":127.076026,
            "rank":58.0,
            "area_info":"45평(149.31), 45평(151.21), 53평(175.33)",
            "last_sales":"2021-09-17,60000.0,53평(175.33)",
            "rank_history":[
                [
                    "202202",
                    58
                ],
                [
                    "202201",
                    55
                ]
            ],
            "rank_gap":-3
        },
        {
            "index":201,
            "아파트명":"샘터마을태영",
            "투자타입":"일반",
            "전용면적(m2)":"84.68",
            "전용면적(평)":"25평",
            "법정동주소":"경기도 양주시 백석읍 복지리 99-2",
            "도로명주소":"경기도 양주시 호명로 87",
            "세대수":0,
            "입주년차":20,
            "용적률점수":"--",
            "건폐율점수":"--",
            "세대당주차수":30,
            "난방방식":30,
            "공급면적":"--",
            "전용률":"--",
            "욕실수":100,
            "현관타입":100,
            "주거총점":31.5,
            "지역구공급총점":0.0,
            "역세권":0,
            "30분내 이동가능 거점":0,
            "1시간내 이동가능 거점":0,
            "교통총점":0.0,
            "백화점":0,
            "아울렛몰":0,
            "대형마트":80,
            "은행":0,
            "병원":60,
            "종합병원":0,
            "공원":0,
            "혐오시설":0,
            "인프라총점":18.0,
            "초등학군":89.97,
            "중학군":38.7,
            "학군총점":48.954,
            "인구수":25.02,
            "인구증감":19.02,
            "인구총점":23.22,
            "일자리":14.22,
            "소득수준":50.35,
            "일자리총점":25.059,
            "가치 총점":19.0431,
            "매매실거래년":20220112.0,
            "매매실거래가":27000.0,
            "전세실거래년":20200603.0,
            "전세실거래가":10000.0,
            "전세가율":50.76,
            "장기전세가율평균":65.83,
            "전세가율거품지수":15.07,
            "검색코드":10397,
            "세대수":298.0,
            "준공년월":"1999-12-01",
            "준공년차":24.0,
            "가까운역이름":"양주",
            "가까운역거리":4746.72,
            "역세권여부":"비역세권",
            "30분이내주요거점역":0,
            "30분거점역이름":"[]",
            "1시간이내주요거점역":0,
            "1시간거점역이름":"[]",
            "3km이내백화점수":0,
            "5km이내아울렛몰수":0,
            "1km이내대형먀트수":1,
            "500m이내은행수":0,
            "500m이내병원수":11,
            "5km이내대형병원수":0,
            "500m이내공원수":0,
            "3km이내혐오시설수":0,
            "초등학교학업성취도":89.97,
            "중학교학업성취도":64.1,
            "용적률":171,
            "건폐율":16,
            "Y":37.785471,
            "X":126.992552,
            "rank":59.0,
            "area_info":"25평(84.68), 33평(110.3)",
            "last_sales":"2022-01-12,27000.0,33평(110.3)",
            "rank_history":[
                [
                    "202202",
                    59
                ],
                [
                    "202201",
                    62
                ]
            ],
            "rank_gap":3
        },
        {
            "index":74,
            "아파트명":"금광",
            "투자타입":"일반",
            "전용면적(m2)":"57.99",
            "전용면적(평)":"17평",
            "법정동주소":"경기도 양주시 덕계동 646-1",
            "도로명주소":"경기도 양주시 평화로1429번길 89-94",
            "세대수":50,
            "입주년차":20,
            "용적률점수":"--",
            "건폐율점수":"--",
            "세대당주차수":30,
            "난방방식":30,
            "공급면적":"--",
            "전용률":"--",
            "욕실수":50,
            "현관타입":10,
            "주거총점":35.0,
            "지역구공급총점":0.0,
            "역세권":0,
            "30분내 이동가능 거점":0,
            "1시간내 이동가능 거점":0,
            "교통총점":0.0,
            "백화점":0,
            "아울렛몰":0,
            "대형마트":80,
            "은행":0,
            "병원":0,
            "종합병원":0,
            "공원":100,
            "혐오시설":0,
            "인프라총점":15.0,
            "초등학군":90.03,
            "중학군":39.66,
            "학군총점":49.734,
            "인구수":25.02,
            "인구증감":19.02,
            "인구총점":23.22,
            "일자리":14.22,
            "소득수준":50.35,
            "일자리총점":25.059,
            "가치 총점":18.9601,
            "매매실거래년":20211229.0,
            "매매실거래가":26000.0,
            "전세실거래년":20210720.0,
            "전세실거래가":6000.0,
            "전세가율":57.14,
            "장기전세가율평균":65.83,
            "전세가율거품지수":8.69,
            "검색코드":20485,
            "세대수":498.0,
            "준공년월":"2002-02-09",
            "준공년차":21.0,
            "가까운역이름":"덕계",
            "가까운역거리":1503.62,
            "역세권여부":"비역세권",
            "30분이내주요거점역":0,
            "30분거점역이름":"[]",
            "1시간이내주요거점역":0,
            "1시간거점역이름":"[]",
            "3km이내백화점수":0,
            "5km이내아울렛몰수":0,
            "1km이내대형먀트수":1,
            "500m이내은행수":0,
            "500m이내병원수":0,
            "5km이내대형병원수":0,
            "500m이내공원수":3,
            "3km이내혐오시설수":0,
            "초등학교학업성취도":90.03,
            "중학교학업성취도":66.1,
            "용적률":158,
            "건폐율":12,
            "Y":37.82132,
            "X":127.039748,
            "rank":60.0,
            "area_info":"17평(57.99), 22평(73.22), 33평(109.45)",
            "last_sales":"2021-12-29,26000.0,33평(109.45)",
            "rank_history":[
                [
                    "202202",
                    60
                ],
                [
                    "202201",
                    56
                ]
            ],
            "rank_gap":-4
        },
        {
            "index":10,
            "아파트명":"하늘빛휴먼시아7단지",
            "투자타입":"일반",
            "전용면적(m2)":"98.12",
            "전용면적(평)":"29평",
            "법정동주소":"경기도 양주시 고암동 583",
            "도로명주소":"경기도 양주시 고암길 223",
            "세대수":50,
            "입주년차":40,
            "용적률점수":"--",
            "건폐율점수":"--",
            "세대당주차수":30,
            "난방방식":30,
            "공급면적":"--",
            "전용률":"--",
            "욕실수":100,
            "현관타입":100,
            "주거총점":53.0,
            "지역구공급총점":0.0,
            "역세권":0,
            "30분내 이동가능 거점":0,
            "1시간내 이동가능 거점":0,
            "교통총점":0.0,
            "백화점":0,
            "아울렛몰":0,
            "대형마트":0,
            "은행":0,
            "병원":0,
            "종합병원":0,
            "공원":100,
            "혐오시설":0,
            "인프라총점":3.0,
            "초등학군":90.01,
            "중학군":36.52,
            "학군총점":47.218,
            "인구수":25.02,
            "인구증감":19.02,
            "인구총점":23.22,
            "일자리":14.22,
            "소득수준":50.35,
            "일자리총점":25.059,
            "가치 총점":18.5827,
            "매매실거래년":20211220.0,
            "매매실거래가":37000.0,
            "전세실거래년":20211204.0,
            "전세실거래가":18000.0,
            "전세가율":52.94,
            "장기전세가율평균":65.83,
            "전세가율거품지수":12.89,
            "검색코드":25438,
            "세대수":608.0,
            "준공년월":"2007-05-21",
            "준공년차":16.0,
            "가까운역이름":"덕정",
            "가까운역거리":1557.52,
            "역세권여부":"비역세권",
            "30분이내주요거점역":0,
            "30분거점역이름":"[]",
            "1시간이내주요거점역":0,
            "1시간거점역이름":"[]",
            "3km이내백화점수":0,
            "5km이내아울렛몰수":0,
            "1km이내대형먀트수":0,
            "500m이내은행수":0,
            "500m이내병원수":0,
            "5km이내대형병원수":0,
            "500m이내공원수":11,
            "3km이내혐오시설수":0,
            "초등학교학업성취도":90.01,
            "중학교학업성취도":60.2,
            "용적률":178,
            "건폐율":14,
            "Y":37.833215,
            "X":127.073731,
            "rank":61.0,
            "area_info":"29평(98.12), 32평(108.79), 33평(109.69), 33평(109.61)",
            "last_sales":"2021-12-20,37000.0,33평(109.69)",
            "rank_history":[
                [
                    "202202",
                    61
                ],
                [
                    "202201",
                    58
                ]
            ],
            "rank_gap":-3
        },
        {
            "index":176,
            "아파트명":"동화옥시죤5차",
            "투자타입":"일반",
            "전용면적(m2)":"84.45",
            "전용면적(평)":"25평",
            "법정동주소":"경기도 양주시 백석읍 가업리  103-1",
            "도로명주소":"경기도 양주시 꿈나무로 320",
            "세대수":50,
            "입주년차":40,
            "용적률점수":"--",
            "건폐율점수":"--",
            "세대당주차수":30,
            "난방방식":30,
            "공급면적":"--",
            "전용률":"--",
            "욕실수":100,
            "현관타입":100,
            "주거총점":53.0,
            "지역구공급총점":0.0,
            "역세권":0,
            "30분내 이동가능 거점":0,
            "1시간내 이동가능 거점":0,
            "교통총점":0.0,
            "백화점":0,
            "아울렛몰":0,
            "대형마트":0,
            "은행":0,
            "병원":10,
            "종합병원":0,
            "공원":0,
            "혐오시설":0,
            "인프라총점":1.0,
            "초등학군":89.99,
            "중학군":38.7,
            "학군총점":48.958,
            "인구수":25.02,
            "인구증감":19.02,
            "인구총점":23.22,
            "일자리":14.22,
            "소득수준":50.35,
            "일자리총점":25.059,
            "가치 총점":18.2437,
            "매매실거래년":20220103.0,
            "매매실거래가":25000.0,
            "전세실거래년":20211120.0,
            "전세실거래가":12800.0,
            "전세가율":51.41,
            "장기전세가율평균":65.83,
            "전세가율거품지수":14.42,
            "검색코드":17566,
            "세대수":439.0,
            "준공년월":"2005-10-14",
            "준공년차":18.0,
            "가까운역이름":"양주",
            "가까운역거리":5624.83,
            "역세권여부":"비역세권",
            "30분이내주요거점역":0,
            "30분거점역이름":"[]",
            "1시간이내주요거점역":0,
            "1시간거점역이름":"[]",
            "3km이내백화점수":0,
            "5km이내아울렛몰수":0,
            "1km이내대형먀트수":0,
            "500m이내은행수":0,
            "500m이내병원수":3,
            "5km이내대형병원수":0,
            "500m이내공원수":0,
            "3km이내혐오시설수":0,
            "초등학교학업성취도":89.99,
            "중학교학업성취도":64.1,
            "용적률":198,
            "건폐율":17,
            "Y":37.782177,
            "X":126.981472,
            "rank":62.0,
            "area_info":"25평(84.45), 35평(118.4)",
            "last_sales":"2022-01-03,25000.0,35평(118.4)",
            "rank_history":[
                [
                    "202202",
                    62
                ],
                [
                    "202201",
                    60
                ]
            ],
            "rank_gap":-2
        },
        {
            "index":113,
            "아파트명":"양주덕계현진에버빌2단지",
            "투자타입":"일반",
            "전용면적(m2)":"113.25",
            "전용면적(평)":"34평",
            "법정동주소":"경기도 양주시 덕계동 856",
            "도로명주소":"경기도 양주시 고덕로 159",
            "세대수":50,
            "입주년차":40,
            "용적률점수":"--",
            "건폐율점수":"--",
            "세대당주차수":30,
            "난방방식":30,
            "공급면적":"--",
            "전용률":"--",
            "욕실수":100,
            "현관타입":100,
            "주거총점":53.0,
            "지역구공급총점":0.0,
            "역세권":0,
            "30분내 이동가능 거점":0,
            "1시간내 이동가능 거점":0,
            "교통총점":0.0,
            "백화점":0,
            "아울렛몰":0,
            "대형마트":0,
            "은행":0,
            "병원":0,
            "종합병원":0,
            "공원":0,
            "혐오시설":0,
            "인프라총점":0.0,
            "초등학군":90.03,
            "중학군":39.66,
            "학군총점":49.734,
            "인구수":25.02,
            "인구증감":19.02,
            "인구총점":23.22,
            "일자리":14.22,
            "소득수준":50.35,
            "일자리총점":25.059,
            "가치 총점":18.0601,
            "매매실거래년":20211124.0,
            "매매실거래가":32700.0,
            "전세실거래년":20220127.0,
            "전세실거래가":15000.0,
            "전세가율":42.02,
            "장기전세가율평균":65.83,
            "전세가율거품지수":23.81,
            "검색코드":24688,
            "세대수":415.0,
            "준공년월":"2007-06-27",
            "준공년차":16.0,
            "가까운역이름":"덕계",
            "가까운역거리":1317.32,
            "역세권여부":"비역세권",
            "30분이내주요거점역":0,
            "30분거점역이름":"[]",
            "1시간이내주요거점역":0,
            "1시간거점역이름":"[]",
            "3km이내백화점수":0,
            "5km이내아울렛몰수":0,
            "1km이내대형먀트수":0,
            "500m이내은행수":1,
            "500m이내병원수":0,
            "5km이내대형병원수":0,
            "500m이내공원수":0,
            "3km이내혐오시설수":0,
            "초등학교학업성취도":90.03,
            "중학교학업성취도":66.1,
            "용적률":169,
            "건폐율":17,
            "Y":37.807285,
            "X":127.06137,
            "rank":63.0,
            "area_info":"34평(113.25), 35평(116.34), 37평(123.04), 47평(156.52)",
            "last_sales":"2021-11-24,32700.0,37평(123.04)",
            "rank_history":[
                [
                    "202202",
                    63
                ],
                [
                    "202201",
                    63
                ]
            ],
            "rank_gap":0
        },
        {
            "index":109,
            "아파트명":"양주덕계현진에버빌1단지",
            "투자타입":"일반",
            "전용면적(m2)":"113.12",
            "전용면적(평)":"34평",
            "법정동주소":"경기도 양주시 덕계동 855",
            "도로명주소":"경기도 양주시 고덕로 160",
            "세대수":50,
            "입주년차":40,
            "용적률점수":"--",
            "건폐율점수":"--",
            "세대당주차수":30,
            "난방방식":30,
            "공급면적":"--",
            "전용률":"--",
            "욕실수":100,
            "현관타입":100,
            "주거총점":53.0,
            "지역구공급총점":0.0,
            "역세권":0,
            "30분내 이동가능 거점":0,
            "1시간내 이동가능 거점":0,
            "교통총점":0.0,
            "백화점":0,
            "아울렛몰":0,
            "대형마트":0,
            "은행":0,
            "병원":0,
            "종합병원":0,
            "공원":0,
            "혐오시설":0,
            "인프라총점":0.0,
            "초등학군":90.03,
            "중학군":39.66,
            "학군총점":49.734,
            "인구수":25.02,
            "인구증감":19.02,
            "인구총점":23.22,
            "일자리":14.22,
            "소득수준":50.35,
            "일자리총점":25.059,
            "가치 총점":18.0601,
            "매매실거래년":20220106.0,
            "매매실거래가":46000.0,
            "전세실거래년":20211120.0,
            "전세실거래가":18000.0,
            "전세가율":48.65,
            "장기전세가율평균":65.83,
            "전세가율거품지수":17.18,
            "검색코드":24690,
            "세대수":418.0,
            "준공년월":"2007-06-27",
            "준공년차":16.0,
            "가까운역이름":"덕계",
            "가까운역거리":1341.49,
            "역세권여부":"비역세권",
            "30분이내주요거점역":0,
            "30분거점역이름":"[]",
            "1시간이내주요거점역":0,
            "1시간거점역이름":"[]",
            "3km이내백화점수":0,
            "5km이내아울렛몰수":0,
            "1km이내대형먀트수":0,
            "500m이내은행수":1,
            "500m이내병원수":0,
            "5km이내대형병원수":0,
            "500m이내공원수":0,
            "3km이내혐오시설수":0,
            "초등학교학업성취도":90.03,
            "중학교학업성취도":66.1,
            "용적률":172,
            "건폐율":16,
            "Y":37.806667,
            "X":127.05955,
            "rank":63.0,
            "area_info":"34평(113.12), 37평(122.5), 47평(157.94), 49평(163.55)",
            "last_sales":"2022-01-06,46000.0,49평(163.55)",
            "rank_history":[
                [
                    "202202",
                    63
                ],
                [
                    "202201",
                    63
                ]
            ],
            "rank_gap":0
        },
        {
            "index":77,
            "아파트명":"금용",
            "투자타입":"재건축",
            "전용면적(m2)":"71.49",
            "전용면적(평)":"21평",
            "법정동주소":"경기도 양주시 덕계동 670",
            "도로명주소":"경기도 양주시 평화로1429번길 43-10",
            "세대수":0,
            "입주년차":"--",
            "용적률점수":0,
            "건폐율점수":80,
            "세대당주차수":"--",
            "난방방식":"--",
            "공급면적":50,
            "전용률":60,
            "욕실수":"--",
            "현관타입":"--",
            "주거총점":21.5,
            "지역구공급총점":0.0,
            "역세권":0,
            "30분내 이동가능 거점":0,
            "1시간내 이동가능 거점":0,
            "교통총점":0.0,
            "백화점":0,
            "아울렛몰":0,
            "대형마트":80,
            "은행":0,
            "병원":60,
            "종합병원":0,
            "공원":100,
            "혐오시설":0,
            "인프라총점":21.0,
            "초등학군":90.02,
            "중학군":39.66,
            "학군총점":49.732,
            "인구수":25.02,
            "인구증감":19.02,
            "인구총점":23.22,
            "일자리":14.22,
            "소득수준":50.35,
            "일자리총점":25.059,
            "가치 총점":18.0598,
            "매매실거래년":20210828.0,
            "매매실거래가":18700.0,
            "전세실거래년":20210616.0,
            "전세실거래가":9000.0,
            "전세가율":83.33,
            "장기전세가율평균":65.83,
            "전세가율거품지수":-17.5,
            "검색코드":12921,
            "세대수":188.0,
            "준공년월":"1991-06-15",
            "준공년차":32.0,
            "가까운역이름":"덕계",
            "가까운역거리":1150.53,
            "역세권여부":"비역세권",
            "30분이내주요거점역":0,
            "30분거점역이름":"[]",
            "1시간이내주요거점역":0,
            "1시간거점역이름":"[]",
            "3km이내백화점수":0,
            "5km이내아울렛몰수":0,
            "1km이내대형먀트수":1,
            "500m이내은행수":1,
            "500m이내병원수":20,
            "5km이내대형병원수":0,
            "500m이내공원수":2,
            "3km이내혐오시설수":0,
            "초등학교학업성취도":90.02,
            "중학교학업성취도":66.1,
            "용적률":265,
            "건폐율":23,
            "Y":37.820144,
            "X":127.043557,
            "rank":64.0,
            "area_info":"21평(71.49), 22평(74.31), 24평(79.57), 27평(91.02), 31평(104.83), 31평(105.37)",
            "last_sales":"2021-08-28,18700.0,27평(91.02)",
            "rank_history":[
                [
                    "202202",
                    64
                ],
                [
                    "202201",
                    61
                ]
            ],
            "rank_gap":-3
        },
        {
            "index":203,
            "아파트명":"서광아침의빛",
            "투자타입":"일반",
            "전용면적(m2)":"89.92",
            "전용면적(평)":"27평",
            "법정동주소":"경기도 양주시 백석읍 가업리 605",
            "도로명주소":"경기도 양주시 양주산성로 838-71",
            "세대수":50,
            "입주년차":40,
            "용적률점수":"--",
            "건폐율점수":"--",
            "세대당주차수":30,
            "난방방식":30,
            "공급면적":"--",
            "전용률":"--",
            "욕실수":100,
            "현관타입":100,
            "주거총점":53.0,
            "지역구공급총점":0.0,
            "역세권":0,
            "30분내 이동가능 거점":0,
            "1시간내 이동가능 거점":0,
            "교통총점":0.0,
            "백화점":0,
            "아울렛몰":0,
            "대형마트":0,
            "은행":0,
            "병원":0,
            "종합병원":0,
            "공원":0,
            "혐오시설":0,
            "인프라총점":0.0,
            "초등학군":90.04,
            "중학군":38.7,
            "학군총점":48.968,
            "인구수":25.02,
            "인구증감":19.02,
            "인구총점":23.22,
            "일자리":14.22,
            "소득수준":50.35,
            "일자리총점":25.059,
            "가치 총점":17.9452,
            "매매실거래년":20220117.0,
            "매매실거래가":18800.0,
            "전세실거래년":20210825.0,
            "전세실거래가":12000.0,
            "전세가율":63.83,
            "장기전세가율평균":65.83,
            "전세가율거품지수":2.0,
            "검색코드":19070,
            "세대수":492.0,
            "준공년월":"2008-07-10",
            "준공년차":15.0,
            "가까운역이름":"양주",
            "가까운역거리":7058.1,
            "역세권여부":"비역세권",
            "30분이내주요거점역":0,
            "30분거점역이름":"[]",
            "1시간이내주요거점역":0,
            "1시간거점역이름":"[]",
            "3km이내백화점수":0,
            "5km이내아울렛몰수":0,
            "1km이내대형먀트수":0,
            "500m이내은행수":0,
            "500m이내병원수":0,
            "5km이내대형병원수":0,
            "500m이내공원수":0,
            "3km이내혐오시설수":0,
            "초등학교학업성취도":90.04,
            "중학교학업성취도":64.1,
            "용적률":172,
            "건폐율":14,
            "Y":37.795304,
            "X":126.968881,
            "rank":65.0,
            "area_info":"27평(89.92), 34평(113.77)",
            "last_sales":"2022-01-17,18800.0,27평(89.92)",
            "rank_history":[
                [
                    "202202",
                    65
                ],
                [
                    "202201",
                    65
                ]
            ],
            "rank_gap":0
        },
        {
            "index":214,
            "아파트명":"나래",
            "투자타입":"일반",
            "전용면적(m2)":"82.02",
            "전용면적(평)":"24평",
            "법정동주소":"경기도 양주시 삼숭동 564",
            "도로명주소":"경기도 양주시 부흥로 2162",
            "세대수":50,
            "입주년차":20,
            "용적률점수":"--",
            "건폐율점수":"--",
            "세대당주차수":30,
            "난방방식":30,
            "공급면적":"--",
            "전용률":"--",
            "욕실수":100,
            "현관타입":100,
            "주거총점":49.0,
            "지역구공급총점":0.0,
            "역세권":0,
            "30분내 이동가능 거점":0,
            "1시간내 이동가능 거점":0,
            "교통총점":0.0,
            "백화점":0,
            "아울렛몰":0,
            "대형마트":0,
            "은행":0,
            "병원":0,
            "종합병원":0,
            "공원":0,
            "혐오시설":0,
            "인프라총점":0.0,
            "초등학군":90.01,
            "중학군":42.82,
            "학군총점":52.258,
            "인구수":25.02,
            "인구증감":19.02,
            "인구총점":23.22,
            "일자리":14.22,
            "소득수준":50.35,
            "일자리총점":25.059,
            "가치 총점":17.6387,
            "매매실거래년":20211216.0,
            "매매실거래가":22500.0,
            "전세실거래년":20220108.0,
            "전세실거래가":19000.0,
            "전세가율":84.44,
            "장기전세가율평균":65.83,
            "전세가율거품지수":-18.61,
            "검색코드":10198,
            "세대수":492.0,
            "준공년월":"1999-08-28",
            "준공년차":24.0,
            "가까운역이름":"덕계",
            "가까운역거리":3734.03,
            "역세권여부":"비역세권",
            "30분이내주요거점역":0,
            "30분거점역이름":"[]",
            "1시간이내주요거점역":0,
            "1시간거점역이름":"[]",
            "3km이내백화점수":0,
            "5km이내아울렛몰수":0,
            "1km이내대형먀트수":0,
            "500m이내은행수":0,
            "500m이내병원수":0,
            "5km이내대형병원수":0,
            "500m이내공원수":0,
            "3km이내혐오시설수":0,
            "초등학교학업성취도":90.01,
            "중학교학업성취도":70.5,
            "용적률":152,
            "건폐율":14,
            "Y":37.80578,
            "X":127.095832,
            "rank":66.0,
            "area_info":"24평(82.02), 33평(110.0), 39평(131.73)",
            "last_sales":"2021-12-16,22500.0,24평(82.02)",
            "rank_history":[
                [
                    "202202",
                    66
                ],
                [
                    "202201",
                    64
                ]
            ],
            "rank_gap":-2
        },
        {
            "index":71,
            "아파트명":"희망",
            "투자타입":"일반",
            "전용면적(m2)":"59.22",
            "전용면적(평)":"17평",
            "법정동주소":"경기도 양주시 광적면 광석리 1-1",
            "도로명주소":"경기도 양주시 광적로 85-18",
            "세대수":50,
            "입주년차":0,
            "용적률점수":"--",
            "건폐율점수":"--",
            "세대당주차수":0,
            "난방방식":30,
            "공급면적":"--",
            "전용률":"--",
            "욕실수":50,
            "현관타입":10,
            "주거총점":26.5,
            "지역구공급총점":0.0,
            "역세권":0,
            "30분내 이동가능 거점":0,
            "1시간내 이동가능 거점":0,
            "교통총점":0.0,
            "백화점":0,
            "아울렛몰":0,
            "대형마트":80,
            "은행":0,
            "병원":10,
            "종합병원":0,
            "공원":100,
            "혐오시설":0,
            "인프라총점":16.0,
            "초등학군":90.0,
            "중학군":39.36,
            "학군총점":49.488,
            "인구수":25.02,
            "인구증감":19.02,
            "인구총점":23.22,
            "일자리":14.22,
            "소득수준":50.35,
            "일자리총점":25.059,
            "가치 총점":17.5232,
            "매매실거래년":20210816.0,
            "매매실거래가":16000.0,
            "전세실거래년":20180514.0,
            "전세실거래가":2000.0,
            "전세가율":25.32,
            "장기전세가율평균":65.83,
            "전세가율거품지수":40.51,
            "검색코드":10778,
            "세대수":436.0,
            "준공년월":"1996-12-21",
            "준공년차":27.0,
            "가까운역이름":"덕계",
            "가까운역거리":6871.76,
            "역세권여부":"비역세권",
            "30분이내주요거점역":0,
            "30분거점역이름":"[]",
            "1시간이내주요거점역":0,
            "1시간거점역이름":"[]",
            "3km이내백화점수":0,
            "5km이내아울렛몰수":0,
            "1km이내대형먀트수":1,
            "500m이내은행수":0,
            "500m이내병원수":2,
            "5km이내대형병원수":0,
            "500m이내공원수":5,
            "3km이내혐오시설수":0,
            "초등학교학업성취도":90.0,
            "중학교학업성취도":65.6,
            "용적률":243,
            "건폐율":18,
            "Y":37.826295,
            "X":126.978878,
            "rank":67.0,
            "area_info":"17평(59.22), 23평(77.66), 31평(104.66)",
            "last_sales":"2021-08-16,16000.0,31평(104.66)",
            "rank_history":[
                [
                    "202202",
                    67
                ],
                [
                    "202201",
                    68
                ]
            ],
            "rank_gap":1
        },
        {
            "index":180,
            "아파트명":"동화은하수1단지장미",
            "투자타입":"일반",
            "전용면적(m2)":"79.72",
            "전용면적(평)":"24평",
            "법정동주소":"경기도 양주시 백석읍 복지리 290",
            "도로명주소":"경기도 양주시 꿈나무로 299",
            "세대수":50,
            "입주년차":20,
            "용적률점수":"--",
            "건폐율점수":"--",
            "세대당주차수":30,
            "난방방식":30,
            "공급면적":"--",
            "전용률":"--",
            "욕실수":100,
            "현관타입":100,
            "주거총점":49.0,
            "지역구공급총점":0.0,
            "역세권":0,
            "30분내 이동가능 거점":0,
            "1시간내 이동가능 거점":0,
            "교통총점":0.0,
            "백화점":0,
            "아울렛몰":0,
            "대형마트":0,
            "은행":0,
            "병원":10,
            "종합병원":0,
            "공원":0,
            "혐오시설":0,
            "인프라총점":1.0,
            "초등학군":89.99,
            "중학군":38.7,
            "학군총점":48.958,
            "인구수":25.02,
            "인구증감":19.02,
            "인구총점":23.22,
            "일자리":14.22,
            "소득수준":50.35,
            "일자리총점":25.059,
            "가치 총점":17.4437,
            "매매실거래년":20220107.0,
            "매매실거래가":30000.0,
            "전세실거래년":20210609.0,
            "전세실거래가":9500.0,
            "전세가율":52.78,
            "장기전세가율평균":65.83,
            "전세가율거품지수":13.05,
            "검색코드":10148,
            "세대수":443.0,
            "준공년월":"1999-02-27",
            "준공년차":24.0,
            "가까운역이름":"양주",
            "가까운역거리":5420.4,
            "역세권여부":"비역세권",
            "30분이내주요거점역":0,
            "30분거점역이름":"[]",
            "1시간이내주요거점역":0,
            "1시간거점역이름":"[]",
            "3km이내백화점수":0,
            "5km이내아울렛몰수":0,
            "1km이내대형먀트수":0,
            "500m이내은행수":0,
            "500m이내병원수":3,
            "5km이내대형병원수":0,
            "500m이내공원수":0,
            "3km이내혐오시설수":0,
            "초등학교학업성취도":89.99,
            "중학교학업성취도":64.1,
            "용적률":215,
            "건폐율":24,
            "Y":37.78386,
            "X":126.98421,
            "rank":68.0,
            "area_info":"24평(79.72), 34평(113.2), 49평(163.45)",
            "last_sales":"2022-01-07,30000.0,49평(163.45)",
            "rank_history":[
                [
                    "202202",
                    68
                ],
                [
                    "202201",
                    66
                ]
            ],
            "rank_gap":-2
        },
        {
            "index":211,
            "아파트명":"양주한승",
            "투자타입":"일반",
            "전용면적(m2)":"104.54",
            "전용면적(평)":"31평",
            "법정동주소":"경기도 양주시 산북동 1",
            "도로명주소":"경기도 양주시 고덕로 108-59",
            "세대수":50,
            "입주년차":20,
            "용적률점수":"--",
            "건폐율점수":"--",
            "세대당주차수":30,
            "난방방식":30,
            "공급면적":"--",
            "전용률":"--",
            "욕실수":100,
            "현관타입":100,
            "주거총점":49.0,
            "지역구공급총점":0.0,
            "역세권":0,
            "30분내 이동가능 거점":0,
            "1시간내 이동가능 거점":0,
            "교통총점":0.0,
            "백화점":0,
            "아울렛몰":0,
            "대형마트":0,
            "은행":0,
            "병원":0,
            "종합병원":0,
            "공원":0,
            "혐오시설":0,
            "인프라총점":0.0,
            "초등학군":90.03,
            "중학군":39.66,
            "학군총점":49.734,
            "인구수":25.02,
            "인구증감":19.02,
            "인구총점":23.22,
            "일자리":14.22,
            "소득수준":50.35,
            "일자리총점":25.059,
            "가치 총점":17.2601,
            "매매실거래년":20211106.0,
            "매매실거래가":28000.0,
            "전세실거래년":20220123.0,
            "전세실거래가":20000.0,
            "전세가율":71.43,
            "장기전세가율평균":65.83,
            "전세가율거품지수":-5.6,
            "검색코드":16181,
            "세대수":498.0,
            "준공년월":"2001-09-28",
            "준공년차":22.0,
            "가까운역이름":"덕계",
            "가까운역거리":1091.16,
            "역세권여부":"비역세권",
            "30분이내주요거점역":0,
            "30분거점역이름":"[]",
            "1시간이내주요거점역":0,
            "1시간거점역이름":"[]",
            "3km이내백화점수":0,
            "5km이내아울렛몰수":0,
            "1km이내대형먀트수":0,
            "500m이내은행수":0,
            "500m이내병원수":0,
            "5km이내대형병원수":0,
            "500m이내공원수":0,
            "3km이내혐오시설수":0,
            "초등학교학업성취도":90.03,
            "중학교학업성취도":66.1,
            "용적률":176,
            "건폐율":15,
            "Y":37.80936,
            "X":127.05192,
            "rank":69.0,
            "area_info":"31평(104.54)",
            "last_sales":"2021-11-06,28000.0,31평(104.54)",
            "rank_history":[
                [
                    "202202",
                    69
                ],
                [
                    "202201",
                    67
                ]
            ],
            "rank_gap":-2
        },
        {
            "index":200,
            "아파트명":"백석한승",
            "투자타입":"일반",
            "전용면적(m2)":"106.74",
            "전용면적(평)":"32평",
            "법정동주소":"경기도 양주시 백석읍 오산리 296",
            "도로명주소":"경기도 양주시 권율로 1455-15",
            "세대수":50,
            "입주년차":20,
            "용적률점수":"--",
            "건폐율점수":"--",
            "세대당주차수":30,
            "난방방식":30,
            "공급면적":"--",
            "전용률":"--",
            "욕실수":100,
            "현관타입":100,
            "주거총점":49.0,
            "지역구공급총점":0.0,
            "역세권":0,
            "30분내 이동가능 거점":0,
            "1시간내 이동가능 거점":0,
            "교통총점":0.0,
            "백화점":0,
            "아울렛몰":0,
            "대형마트":0,
            "은행":0,
            "병원":0,
            "종합병원":0,
            "공원":0,
            "혐오시설":0,
            "인프라총점":0.0,
            "초등학군":90.0,
            "중학군":39.36,
            "학군총점":49.488,
            "인구수":25.02,
            "인구증감":19.02,
            "인구총점":23.22,
            "일자리":14.22,
            "소득수준":50.35,
            "일자리총점":25.059,
            "가치 총점":17.2232,
            "매매실거래년":20220107.0,
            "매매실거래가":18000.0,
            "전세실거래년":20211212.0,
            "전세실거래가":10000.0,
            "전세가율":55.56,
            "장기전세가율평균":65.83,
            "전세가율거품지수":10.27,
            "검색코드":14064,
            "세대수":499.0,
            "준공년월":"2001-08-25",
            "준공년차":22.0,
            "가까운역이름":"덕계",
            "가까운역거리":6905.58,
            "역세권여부":"비역세권",
            "30분이내주요거점역":0,
            "30분거점역이름":"[]",
            "1시간이내주요거점역":0,
            "1시간거점역이름":"[]",
            "3km이내백화점수":0,
            "5km이내아울렛몰수":0,
            "1km이내대형먀트수":0,
            "500m이내은행수":0,
            "500m이내병원수":0,
            "5km이내대형병원수":0,
            "500m이내공원수":0,
            "3km이내혐오시설수":0,
            "초등학교학업성취도":90.0,
            "중학교학업성취도":65.6,
            "용적률":156,
            "건폐율":15,
            "Y":37.810803,
            "X":126.978478,
            "rank":70.0,
            "area_info":"32평(106.74)",
            "last_sales":"2022-01-07,18000.0,32평(106.74)",
            "rank_history":[
                [
                    "202202",
                    70
                ],
                [
                    "202201",
                    68
                ]
            ],
            "rank_gap":-2
        },
        {
            "index":296,
            "아파트명":"푸른옥",
            "투자타입":"일반",
            "전용면적(m2)":"116.46",
            "전용면적(평)":"35평",
            "법정동주소":"경기도 양주시 장흥면 일영리 27-1",
            "도로명주소":"경기도 양주시 권율로 53-1",
            "세대수":0,
            "입주년차":20,
            "용적률점수":"--",
            "건폐율점수":"--",
            "세대당주차수":30,
            "난방방식":30,
            "공급면적":"--",
            "전용률":"--",
            "욕실수":100,
            "현관타입":100,
            "주거총점":31.5,
            "지역구공급총점":0.0,
            "역세권":0,
            "30분내 이동가능 거점":0,
            "1시간내 이동가능 거점":0,
            "교통총점":0.0,
            "백화점":0,
            "아울렛몰":0,
            "대형마트":80,
            "은행":0,
            "병원":0,
            "종합병원":0,
            "공원":0,
            "혐오시설":0,
            "인프라총점":12.0,
            "초등학군":90.01,
            "중학군":37.76,
            "학군총점":48.21,
            "인구수":25.02,
            "인구증감":19.02,
            "인구총점":23.22,
            "일자리":14.22,
            "소득수준":50.35,
            "일자리총점":25.059,
            "가치 총점":17.1315,
            "매매실거래년":20211216.0,
            "매매실거래가":25000.0,
            "전세실거래년":20210518.0,
            "전세실거래가":11000.0,
            "전세가율":44.0,
            "장기전세가율평균":65.83,
            "전세가율거품지수":21.83,
            "검색코드":10576,
            "세대수":262.0,
            "준공년월":"2001-12-22",
            "준공년차":22.0,
            "가까운역이름":"의정부시청",
            "가까운역거리":8129.13,
            "역세권여부":"비역세권",
            "30분이내주요거점역":0,
            "30분거점역이름":"[]",
            "1시간이내주요거점역":0,
            "1시간거점역이름":"[]",
            "3km이내백화점수":0,
            "5km이내아울렛몰수":0,
            "1km이내대형먀트수":1,
            "500m이내은행수":0,
            "500m이내병원수":0,
            "5km이내대형병원수":0,
            "500m이내공원수":0,
            "3km이내혐오시설수":0,
            "초등학교학업성취도":90.01,
            "중학교학업성취도":61.0,
            "용적률":188,
            "건폐율":16,
            "Y":37.721292,
            "X":126.94518,
            "rank":71.0,
            "area_info":"35평(116.46), 50평(165.69)",
            "last_sales":"2021-12-16,25000.0,35평(116.46)",
            "rank_history":[
                [
                    "202202",
                    71
                ],
                [
                    "202201",
                    79
                ]
            ],
            "rank_gap":8
        },
        {
            "index":183,
            "아파트명":"동화은하수2단지초록",
            "투자타입":"일반",
            "전용면적(m2)":"78.5",
            "전용면적(평)":"23평",
            "법정동주소":"경기도 양주시 백석읍 복지리 322-4",
            "도로명주소":"경기도 양주시 꿈나무로 311",
            "세대수":50,
            "입주년차":20,
            "용적률점수":"--",
            "건폐율점수":"--",
            "세대당주차수":0,
            "난방방식":30,
            "공급면적":"--",
            "전용률":"--",
            "욕실수":100,
            "현관타입":100,
            "주거총점":44.5,
            "지역구공급총점":0.0,
            "역세권":0,
            "30분내 이동가능 거점":0,
            "1시간내 이동가능 거점":0,
            "교통총점":0.0,
            "백화점":0,
            "아울렛몰":0,
            "대형마트":0,
            "은행":0,
            "병원":10,
            "종합병원":0,
            "공원":0,
            "혐오시설":0,
            "인프라총점":1.0,
            "초등학군":89.99,
            "중학군":38.7,
            "학군총점":48.958,
            "인구수":25.02,
            "인구증감":19.02,
            "인구총점":23.22,
            "일자리":14.22,
            "소득수준":50.35,
            "일자리총점":25.059,
            "가치 총점":16.5437,
            "매매실거래년":20220115.0,
            "매매실거래가":31000.0,
            "전세실거래년":20210824.0,
            "전세실거래가":12000.0,
            "전세가율":77.42,
            "장기전세가율평균":65.83,
            "전세가율거품지수":-11.59,
            "검색코드":10651,
            "세대수":572.0,
            "준공년월":"1999-12-03",
            "준공년차":24.0,
            "가까운역이름":"양주",
            "가까운역거리":5380.97,
            "역세권여부":"비역세권",
            "30분이내주요거점역":0,
            "30분거점역이름":"[]",
            "1시간이내주요거점역":0,
            "1시간거점역이름":"[]",
            "3km이내백화점수":0,
            "5km이내아울렛몰수":0,
            "1km이내대형먀트수":0,
            "500m이내은행수":0,
            "500m이내병원수":3,
            "5km이내대형병원수":0,
            "500m이내공원수":0,
            "3km이내혐오시설수":0,
            "초등학교학업성취도":89.99,
            "중학교학업성취도":64.1,
            "용적률":215,
            "건폐율":22,
            "Y":37.782653,
            "X":126.984383,
            "rank":72.0,
            "area_info":"23평(78.5), 33평(111.47), 48평(160.96)",
            "last_sales":"2022-01-15,31000.0,48평(160.96)",
            "rank_history":[
                [
                    "202202",
                    72
                ],
                [
                    "202201",
                    70
                ]
            ],
            "rank_gap":-2
        },
        {
            "index":166,
            "아파트명":"가야1차",
            "투자타입":"일반",
            "전용면적(m2)":"71.21",
            "전용면적(평)":"21평",
            "법정동주소":"경기도 양주시 백석읍 복지리 94",
            "도로명주소":"경기도 양주시 양주산성로 543",
            "세대수":0,
            "입주년차":0,
            "용적률점수":"--",
            "건폐율점수":"--",
            "세대당주차수":0,
            "난방방식":30,
            "공급면적":"--",
            "전용률":"--",
            "욕실수":50,
            "현관타입":100,
            "주거총점":18.0,
            "지역구공급총점":0.0,
            "역세권":0,
            "30분내 이동가능 거점":0,
            "1시간내 이동가능 거점":0,
            "교통총점":0.0,
            "백화점":0,
            "아울렛몰":0,
            "대형마트":80,
            "은행":0,
            "병원":60,
            "종합병원":0,
            "공원":0,
            "혐오시설":0,
            "인프라총점":18.0,
            "초등학군":89.97,
            "중학군":38.7,
            "학군총점":48.954,
            "인구수":25.02,
            "인구증감":19.02,
            "인구총점":23.22,
            "일자리":14.22,
            "소득수준":50.35,
            "일자리총점":25.059,
            "가치 총점":16.3431,
            "매매실거래년":20220110.0,
            "매매실거래가":10600.0,
            "전세실거래년":20211230.0,
            "전세실거래가":8500.0,
            "전세가율":80.95,
            "장기전세가율평균":65.83,
            "전세가율거품지수":-15.12,
            "검색코드":10648,
            "세대수":210.0,
            "준공년월":"1996-04-09",
            "준공년차":27.0,
            "가까운역이름":"양주",
            "가까운역거리":4658.95,
            "역세권여부":"비역세권",
            "30분이내주요거점역":0,
            "30분거점역이름":"[]",
            "1시간이내주요거점역":0,
            "1시간거점역이름":"[]",
            "3km이내백화점수":0,
            "5km이내아울렛몰수":0,
            "1km이내대형먀트수":1,
            "500m이내은행수":0,
            "500m이내병원수":11,
            "5km이내대형병원수":0,
            "500m이내공원수":0,
            "3km이내혐오시설수":0,
            "초등학교학업성취도":89.97,
            "중학교학업성취도":64.1,
            "용적률":129,
            "건폐율":28,
            "Y":37.78623,
            "X":126.99386,
            "rank":73.0,
            "area_info":"21평(71.21), 22평(75.5), 23평(76.38)",
            "last_sales":"2022-01-10,10600.0,23평(76.38)",
            "rank_history":[
                [
                    "202202",
                    73
                ],
                [
                    "202201",
                    74
                ]
            ],
            "rank_gap":1
        },
        {
            "index":212,
            "아파트명":"TS푸른솔3차",
            "투자타입":"일반",
            "전용면적(m2)":"88.65",
            "전용면적(평)":"26평",
            "법정동주소":"경기도 양주시 삼숭동 632-2",
            "도로명주소":"경기도 양주시 부흥로 2096",
            "세대수":30,
            "입주년차":20,
            "용적률점수":"--",
            "건폐율점수":"--",
            "세대당주차수":30,
            "난방방식":30,
            "공급면적":"--",
            "전용률":"--",
            "욕실수":100,
            "현관타입":100,
            "주거총점":42.0,
            "지역구공급총점":0.0,
            "역세권":0,
            "30분내 이동가능 거점":0,
            "1시간내 이동가능 거점":0,
            "교통총점":0.0,
            "백화점":0,
            "아울렛몰":0,
            "대형마트":0,
            "은행":0,
            "병원":0,
            "종합병원":0,
            "공원":0,
            "혐오시설":0,
            "인프라총점":0.0,
            "초등학군":89.99,
            "중학군":41.02,
            "학군총점":50.814,
            "인구수":25.02,
            "인구증감":19.02,
            "인구총점":23.22,
            "일자리":14.22,
            "소득수준":50.35,
            "일자리총점":25.059,
            "가치 총점":16.0221,
            "매매실거래년":20211218.0,
            "매매실거래가":34700.0,
            "전세실거래년":20220117.0,
            "전세실거래가":20300.0,
            "전세가율":65.06,
            "장기전세가율평균":65.83,
            "전세가율거품지수":0.77,
            "검색코드":10202,
            "세대수":387.0,
            "준공년월":"2001-10-31",
            "준공년차":22.0,
            "가까운역이름":"덕계",
            "가까운역거리":3117.07,
            "역세권여부":"비역세권",
            "30분이내주요거점역":0,
            "30분거점역이름":"[]",
            "1시간이내주요거점역":0,
            "1시간거점역이름":"[]",
            "3km이내백화점수":0,
            "5km이내아울렛몰수":0,
            "1km이내대형먀트수":0,
            "500m이내은행수":0,
            "500m이내병원수":0,
            "5km이내대형병원수":0,
            "500m이내공원수":0,
            "3km이내혐오시설수":0,
            "초등학교학업성취도":89.99,
            "중학교학업성취도":66.3,
            "용적률":169,
            "건폐율":12,
            "Y":37.805267,
            "X":127.087776,
            "rank":74.0,
            "area_info":"26평(88.65), 34평(114.57)",
            "last_sales":"2021-12-18,34700.0,34평(114.57)",
            "rank_history":[
                [
                    "202202",
                    74
                ],
                [
                    "202201",
                    71
                ]
            ],
            "rank_gap":-3
        },
        {
            "index":186,
            "아파트명":"백석세아1차",
            "투자타입":"일반",
            "전용면적(m2)":"80.92",
            "전용면적(평)":"24평",
            "법정동주소":"경기도 양주시 백석읍 오산리 107-2",
            "도로명주소":"경기도 양주시 꿈나무로 136",
            "세대수":0,
            "입주년차":0,
            "용적률점수":"--",
            "건폐율점수":"--",
            "세대당주차수":0,
            "난방방식":30,
            "공급면적":"--",
            "전용률":"--",
            "욕실수":100,
            "현관타입":100,
            "주거총점":23.0,
            "지역구공급총점":0.0,
            "역세권":0,
            "30분내 이동가능 거점":0,
            "1시간내 이동가능 거점":0,
            "교통총점":0.0,
            "백화점":0,
            "아울렛몰":0,
            "대형마트":80,
            "은행":0,
            "병원":0,
            "종합병원":0,
            "공원":0,
            "혐오시설":0,
            "인프라총점":12.0,
            "초등학군":90.01,
            "중학군":38.7,
            "학군총점":48.962,
            "인구수":25.02,
            "인구증감":19.02,
            "인구총점":23.22,
            "일자리":14.22,
            "소득수준":50.35,
            "일자리총점":25.059,
            "가치 총점":15.5443,
            "매매실거래년":20211011.0,
            "매매실거래가":13000.0,
            "전세실거래년":20210607.0,
            "전세실거래가":4500.0,
            "전세가율":50.0,
            "장기전세가율평균":65.83,
            "전세가율거품지수":15.83,
            "검색코드":9704,
            "세대수":282.0,
            "준공년월":"1993-09-18",
            "준공년차":30.0,
            "가까운역이름":"양주",
            "가까운역거리":5452.77,
            "역세권여부":"비역세권",
            "30분이내주요거점역":0,
            "30분거점역이름":"[]",
            "1시간이내주요거점역":0,
            "1시간거점역이름":"[]",
            "3km이내백화점수":0,
            "5km이내아울렛몰수":0,
            "1km이내대형먀트수":1,
            "500m이내은행수":0,
            "500m이내병원수":0,
            "5km이내대형병원수":0,
            "500m이내공원수":0,
            "3km이내혐오시설수":0,
            "초등학교학업성취도":90.01,
            "중학교학업성취도":64.1,
            "용적률":299,
            "건폐율":27,
            "Y":37.79736,
            "X":126.989893,
            "rank":75.0,
            "area_info":"24평(80.92), 24평(80.96), 24평(80.97), 24평(80.74), 24평(80.57), 24평(81.14), 33평(111.62), 35평(115.84), 34평(115.58), 34평(115.61), 34평(115.35), 34평(115.48)",
            "last_sales":"2021-10-11,13000.0,35평(115.84)",
            "rank_history":[
                [
                    "202202",
                    75
                ],
                [
                    "202201",
                    72
                ]
            ],
            "rank_gap":-3
        },
        {
            "index":205,
            "아파트명":"세아청솔",
            "투자타입":"일반",
            "전용면적(m2)":"66.07",
            "전용면적(평)":"19평",
            "법정동주소":"경기도 양주시 백석읍 가업리 99-1",
            "도로명주소":"경기도 양주시 꿈나무로 298",
            "세대수":50,
            "입주년차":20,
            "용적률점수":"--",
            "건폐율점수":"--",
            "세대당주차수":0,
            "난방방식":30,
            "공급면적":"--",
            "전용률":"--",
            "욕실수":50,
            "현관타입":100,
            "주거총점":39.5,
            "지역구공급총점":0.0,
            "역세권":0,
            "30분내 이동가능 거점":0,
            "1시간내 이동가능 거점":0,
            "교통총점":0.0,
            "백화점":0,
            "아울렛몰":0,
            "대형마트":0,
            "은행":0,
            "병원":10,
            "종합병원":0,
            "공원":0,
            "혐오시설":0,
            "인프라총점":1.0,
            "초등학군":89.99,
            "중학군":38.7,
            "학군총점":48.958,
            "인구수":25.02,
            "인구증감":19.02,
            "인구총점":23.22,
            "일자리":14.22,
            "소득수준":50.35,
            "일자리총점":25.059,
            "가치 총점":15.5437,
            "매매실거래년":20211222.0,
            "매매실거래가":22500.0,
            "전세실거래년":20211025.0,
            "전세실거래가":8000.0,
            "전세가율":66.67,
            "장기전세가율평균":65.83,
            "전세가율거품지수":-0.84,
            "검색코드":10652,
            "세대수":619.0,
            "준공년월":"2001-12-28",
            "준공년차":22.0,
            "가까운역이름":"양주",
            "가까운역거리":5616.46,
            "역세권여부":"비역세권",
            "30분이내주요거점역":0,
            "30분거점역이름":"[]",
            "1시간이내주요거점역":0,
            "1시간거점역이름":"[]",
            "3km이내백화점수":0,
            "5km이내아울렛몰수":0,
            "1km이내대형먀트수":0,
            "500m이내은행수":0,
            "500m이내병원수":3,
            "5km이내대형병원수":0,
            "500m이내공원수":0,
            "3km이내혐오시설수":0,
            "초등학교학업성취도":89.99,
            "중학교학업성취도":64.1,
            "용적률":213,
            "건폐율":19,
            "Y":37.78474,
            "X":126.98216,
            "rank":76.0,
            "area_info":"19평(66.07), 23평(79.03), 29평(96.9)",
            "last_sales":"2021-12-22,22500.0,29평(96.9)",
            "rank_history":[
                [
                    "202202",
                    76
                ],
                [
                    "202201",
                    73
                ]
            ],
            "rank_gap":-3
        },
        {
            "index":178,
            "아파트명":"동화옥시죤6차",
            "투자타입":"일반",
            "전용면적(m2)":"113.8",
            "전용면적(평)":"34평",
            "법정동주소":"경기도 양주시 백석읍 복지리 567",
            "도로명주소":"경기도 양주시 꿈나무로 325",
            "세대수":0,
            "입주년차":60,
            "용적률점수":"--",
            "건폐율점수":"--",
            "세대당주차수":30,
            "난방방식":30,
            "공급면적":"--",
            "전용률":"--",
            "욕실수":100,
            "현관타입":50,
            "주거총점":34.5,
            "지역구공급총점":0.0,
            "역세권":0,
            "30분내 이동가능 거점":0,
            "1시간내 이동가능 거점":0,
            "교통총점":0.0,
            "백화점":0,
            "아울렛몰":0,
            "대형마트":0,
            "은행":0,
            "병원":10,
            "종합병원":0,
            "공원":0,
            "혐오시설":0,
            "인프라총점":1.0,
            "초등학군":89.99,
            "중학군":38.7,
            "학군총점":48.958,
            "인구수":25.02,
            "인구증감":19.02,
            "인구총점":23.22,
            "일자리":14.22,
            "소득수준":50.35,
            "일자리총점":25.059,
            "가치 총점":14.5437,
            "매매실거래년":20211230.0,
            "매매실거래가":30000.0,
            "전세실거래년":20210614.0,
            "전세실거래가":20000.0,
            "전세가율":66.67,
            "장기전세가율평균":65.83,
            "전세가율거품지수":-0.84,
            "검색코드":26743,
            "세대수":205.0,
            "준공년월":"2010-02-26",
            "준공년차":13.0,
            "가까운역이름":"양주",
            "가까운역거리":5500.7,
            "역세권여부":"비역세권",
            "30분이내주요거점역":0,
            "30분거점역이름":"[]",
            "1시간이내주요거점역":0,
            "1시간거점역이름":"[]",
            "3km이내백화점수":0,
            "5km이내아울렛몰수":0,
            "1km이내대형먀트수":0,
            "500m이내은행수":0,
            "500m이내병원수":3,
            "5km이내대형병원수":0,
            "500m이내공원수":0,
            "3km이내혐오시설수":0,
            "초등학교학업성취도":89.99,
            "중학교학업성취도":64.1,
            "용적률":197,
            "건폐율":19,
            "Y":37.78191,
            "X":126.982849,
            "rank":77.0,
            "area_info":"34평(113.8), 34평(113.8)",
            "last_sales":"2021-12-30,30000.0,34평(113.8)",
            "rank_history":[
                [
                    "202202",
                    77
                ],
                [
                    "202201",
                    75
                ]
            ],
            "rank_gap":-2
        },
        {
            "index":169,
            "아파트명":"가야2차",
            "투자타입":"일반",
            "전용면적(m2)":"81.73",
            "전용면적(평)":"24평",
            "법정동주소":"경기도 양주시 백석읍 복지리 93-3",
            "도로명주소":"경기도 양주시 호명로 77",
            "세대수":0,
            "입주년차":0,
            "용적률점수":"--",
            "건폐율점수":"--",
            "세대당주차수":0,
            "난방방식":30,
            "공급면적":"--",
            "전용률":"--",
            "욕실수":50,
            "현관타입":10,
            "주거총점":9.0,
            "지역구공급총점":0.0,
            "역세권":0,
            "30분내 이동가능 거점":0,
            "1시간내 이동가능 거점":0,
            "교통총점":0.0,
            "백화점":0,
            "아울렛몰":0,
            "대형마트":80,
            "은행":0,
            "병원":60,
            "종합병원":0,
            "공원":0,
            "혐오시설":0,
            "인프라총점":18.0,
            "초등학군":89.97,
            "중학군":38.7,
            "학군총점":48.954,
            "인구수":25.02,
            "인구증감":19.02,
            "인구총점":23.22,
            "일자리":14.22,
            "소득수준":50.35,
            "일자리총점":25.059,
            "가치 총점":14.5431,
            "매매실거래년":20220111.0,
            "매매실거래가":15000.0,
            "전세실거래년":20220104.0,
            "전세실거래가":13000.0,
            "전세가율":86.67,
            "장기전세가율평균":65.83,
            "전세가율거품지수":-20.84,
            "검색코드":10649,
            "세대수":289.0,
            "준공년월":"1997-07-25",
            "준공년차":26.0,
            "가까운역이름":"양주",
            "가까운역거리":4811.63,
            "역세권여부":"비역세권",
            "30분이내주요거점역":0,
            "30분거점역이름":"[]",
            "1시간이내주요거점역":0,
            "1시간거점역이름":"[]",
            "3km이내백화점수":0,
            "5km이내아울렛몰수":0,
            "1km이내대형먀트수":1,
            "500m이내은행수":0,
            "500m이내병원수":11,
            "5km이내대형병원수":0,
            "500m이내공원수":0,
            "3km이내혐오시설수":0,
            "초등학교학업성취도":89.97,
            "중학교학업성취도":64.1,
            "용적률":214,
            "건폐율":18,
            "Y":37.786359,
            "X":126.992098,
            "rank":78.0,
            "area_info":"24평(81.73)",
            "last_sales":"2022-01-11,15000.0,24평(81.73)",
            "rank_history":[
                [
                    "202202",
                    78
                ],
                [
                    "202201",
                    78
                ]
            ],
            "rank_gap":0
        },
        {
            "index":208,
            "아파트명":"은하수큰마을3단지동화옥시죤",
            "투자타입":"일반",
            "전용면적(m2)":"87.34",
            "전용면적(평)":"26평",
            "법정동주소":"경기도 양주시 백석읍 복지리 292",
            "도로명주소":"경기도 양주시 꿈나무로 291",
            "세대수":0,
            "입주년차":20,
            "용적률점수":"--",
            "건폐율점수":"--",
            "세대당주차수":30,
            "난방방식":30,
            "공급면적":"--",
            "전용률":"--",
            "욕실수":100,
            "현관타입":100,
            "주거총점":31.5,
            "지역구공급총점":0.0,
            "역세권":0,
            "30분내 이동가능 거점":0,
            "1시간내 이동가능 거점":0,
            "교통총점":0.0,
            "백화점":0,
            "아울렛몰":0,
            "대형마트":0,
            "은행":0,
            "병원":10,
            "종합병원":0,
            "공원":0,
            "혐오시설":0,
            "인프라총점":1.0,
            "초등학군":89.99,
            "중학군":38.7,
            "학군총점":48.958,
            "인구수":25.02,
            "인구증감":19.02,
            "인구총점":23.22,
            "일자리":14.22,
            "소득수준":50.35,
            "일자리총점":25.059,
            "가치 총점":13.9437,
            "매매실거래년":20210813.0,
            "매매실거래가":19500.0,
            "전세실거래년":20211123.0,
            "전세실거래가":18000.0,
            "전세가율":92.31,
            "장기전세가율평균":65.83,
            "전세가율거품지수":-26.48,
            "검색코드":8996,
            "세대수":223.0,
            "준공년월":"2003-04-19",
            "준공년차":20.0,
            "가까운역이름":"양주",
            "가까운역거리":5407.68,
            "역세권여부":"비역세권",
            "30분이내주요거점역":0,
            "30분거점역이름":"[]",
            "1시간이내주요거점역":0,
            "1시간거점역이름":"[]",
            "3km이내백화점수":0,
            "5km이내아울렛몰수":0,
            "1km이내대형먀트수":0,
            "500m이내은행수":0,
            "500m이내병원수":3,
            "5km이내대형병원수":0,
            "500m이내공원수":0,
            "3km이내혐오시설수":0,
            "초등학교학업성취도":89.99,
            "중학교학업성취도":64.1,
            "용적률":197,
            "건폐율":18,
            "Y":37.78479,
            "X":126.984603,
            "rank":79.0,
            "area_info":"26평(87.34), 35평(116.12), 47평(157.6)",
            "last_sales":"2021-08-13,19500.0,26평(87.34)",
            "rank_history":[
                [
                    "202202",
                    79
                ],
                [
                    "202201",
                    76
                ]
            ],
            "rank_gap":-3
        },
        {
            "index":174,
            "아파트명":"대교산과내",
            "투자타입":"일반",
            "전용면적(m2)":"78.63",
            "전용면적(평)":"23평",
            "법정동주소":"경기도 양주시 백석읍 방성리 511-2",
            "도로명주소":"경기도 양주시 부흥로 1166-3",
            "세대수":30,
            "입주년차":20,
            "용적률점수":"--",
            "건폐율점수":"--",
            "세대당주차수":0,
            "난방방식":30,
            "공급면적":"--",
            "전용률":"--",
            "욕실수":50,
            "현관타입":100,
            "주거총점":32.5,
            "지역구공급총점":0.0,
            "역세권":0,
            "30분내 이동가능 거점":0,
            "1시간내 이동가능 거점":0,
            "교통총점":0.0,
            "백화점":0,
            "아울렛몰":0,
            "대형마트":0,
            "은행":0,
            "병원":0,
            "종합병원":0,
            "공원":0,
            "혐오시설":0,
            "인프라총점":0.0,
            "초등학군":89.97,
            "중학군":38.7,
            "학군총점":48.954,
            "인구수":25.02,
            "인구증감":19.02,
            "인구총점":23.22,
            "일자리":14.22,
            "소득수준":50.35,
            "일자리총점":25.059,
            "가치 총점":13.8431,
            "매매실거래년":20211225.0,
            "매매실거래가":14500.0,
            "전세실거래년":20211007.0,
            "전세실거래가":12000.0,
            "전세가율":82.76,
            "장기전세가율평균":65.83,
            "전세가율거품지수":-16.93,
            "검색코드":10654,
            "세대수":359.0,
            "준공년월":"1999-12-01",
            "준공년차":24.0,
            "가까운역이름":"양주",
            "가까운역거리":3932.99,
            "역세권여부":"비역세권",
            "30분이내주요거점역":0,
            "30분거점역이름":"[]",
            "1시간이내주요거점역":0,
            "1시간거점역이름":"[]",
            "3km이내백화점수":0,
            "5km이내아울렛몰수":0,
            "1km이내대형먀트수":0,
            "500m이내은행수":0,
            "500m이내병원수":0,
            "5km이내대형병원수":0,
            "500m이내공원수":0,
            "3km이내혐오시설수":0,
            "초등학교학업성취도":89.97,
            "중학교학업성취도":64.1,
            "용적률":266,
            "건폐율":19,
            "Y":37.794431,
            "X":127.007839,
            "rank":80.0,
            "area_info":"23평(78.63), 32평(105.94)",
            "last_sales":"2021-12-25,14500.0,23평(78.63)",
            "rank_history":[
                [
                    "202202",
                    80
                ],
                [
                    "202201",
                    77
                ]
            ],
            "rank_gap":-3
        },
        {
            "index":170,
            "아파트명":"가야3차",
            "투자타입":"일반",
            "전용면적(m2)":"71.8",
            "전용면적(평)":"21평",
            "법정동주소":"경기도 양주시 백석읍 복지리 41-1",
            "도로명주소":"경기도 양주시 양주산성로 523",
            "세대수":0,
            "입주년차":20,
            "용적률점수":"--",
            "건폐율점수":"--",
            "세대당주차수":0,
            "난방방식":30,
            "공급면적":"--",
            "전용률":"--",
            "욕실수":50,
            "현관타입":100,
            "주거총점":22.0,
            "지역구공급총점":0.0,
            "역세권":0,
            "30분내 이동가능 거점":0,
            "1시간내 이동가능 거점":0,
            "교통총점":0.0,
            "백화점":0,
            "아울렛몰":0,
            "대형마트":0,
            "은행":0,
            "병원":60,
            "종합병원":0,
            "공원":0,
            "혐오시설":0,
            "인프라총점":6.0,
            "초등학군":89.97,
            "중학군":38.7,
            "학군총점":48.954,
            "인구수":25.02,
            "인구증감":19.02,
            "인구총점":23.22,
            "일자리":14.22,
            "소득수준":50.35,
            "일자리총점":25.059,
            "가치 총점":13.5431,
            "매매실거래년":20211103.0,
            "매매실거래가":16000.0,
            "전세실거래년":20210702.0,
            "전세실거래가":13000.0,
            "전세가율":81.25,
            "장기전세가율평균":65.83,
            "전세가율거품지수":-15.42,
            "검색코드":10650,
            "세대수":203.0,
            "준공년월":"1999-08-01",
            "준공년차":24.0,
            "가까운역이름":"양주",
            "가까운역거리":4504.55,
            "역세권여부":"비역세권",
            "30분이내주요거점역":0,
            "30분거점역이름":"[]",
            "1시간이내주요거점역":0,
            "1시간거점역이름":"[]",
            "3km이내백화점수":0,
            "5km이내아울렛몰수":0,
            "1km이내대형먀트수":0,
            "500m이내은행수":0,
            "500m이내병원수":10,
            "5km이내대형병원수":0,
            "500m이내공원수":0,
            "3km이내혐오시설수":0,
            "초등학교학업성취도":89.97,
            "중학교학업성취도":64.1,
            "용적률":199,
            "건폐율":20,
            "Y":37.785866,
            "X":126.995556,
            "rank":81.0,
            "area_info":"21평(71.8), 30평(101.71)",
            "last_sales":"2021-11-03,16000.0,21평(71.8)",
            "rank_history":[
                [
                    "202202",
                    81
                ],
                [
                    "202201",
                    82
                ]
            ],
            "rank_gap":1
        },
        {
            "index":289,
            "아파트명":"송추우리마을",
            "투자타입":"일반",
            "전용면적(m2)":"65.83",
            "전용면적(평)":"19평",
            "법정동주소":"경기도 양주시 장흥면 부곡리 632-6",
            "도로명주소":"경기도 양주시 호국로473번길 11-12",
            "세대수":0,
            "입주년차":60,
            "용적률점수":"--",
            "건폐율점수":"--",
            "세대당주차수":0,
            "난방방식":30,
            "공급면적":"--",
            "전용률":"--",
            "욕실수":50,
            "현관타입":100,
            "주거총점":30.0,
            "지역구공급총점":0.0,
            "역세권":0,
            "30분내 이동가능 거점":0,
            "1시간내 이동가능 거점":0,
            "교통총점":0.0,
            "백화점":0,
            "아울렛몰":0,
            "대형마트":0,
            "은행":0,
            "병원":0,
            "종합병원":0,
            "공원":0,
            "혐오시설":0,
            "인프라총점":0.0,
            "초등학군":90.01,
            "중학군":37.76,
            "학군총점":48.21,
            "인구수":25.02,
            "인구증감":19.02,
            "인구총점":23.22,
            "일자리":14.22,
            "소득수준":50.35,
            "일자리총점":25.059,
            "가치 총점":13.2315,
            "매매실거래년":20211230.0,
            "매매실거래가":25000.0,
            "전세실거래년":20211023.0,
            "전세실거래가":13000.0,
            "전세가율":68.42,
            "장기전세가율평균":65.83,
            "전세가율거품지수":-2.59,
            "검색코드":13090,
            "세대수":140.0,
            "준공년월":"2011-05-17",
            "준공년차":12.0,
            "가까운역이름":"의정부시청",
            "가까운역거리":6586.71,
            "역세권여부":"비역세권",
            "30분이내주요거점역":0,
            "30분거점역이름":"[]",
            "1시간이내주요거점역":0,
            "1시간거점역이름":"[]",
            "3km이내백화점수":0,
            "5km이내아울렛몰수":0,
            "1km이내대형먀트수":0,
            "500m이내은행수":0,
            "500m이내병원수":0,
            "5km이내대형병원수":0,
            "500m이내공원수":0,
            "3km이내혐오시설수":0,
            "초등학교학업성취도":90.01,
            "중학교학업성취도":61.0,
            "용적률":79,
            "건폐율":10,
            "Y":37.713766,
            "X":126.967177,
            "rank":82.0,
            "area_info":"19평(65.83), 25평(82.91)",
            "last_sales":"2021-12-30,25000.0,25평(82.91)",
            "rank_history":[
                [
                    "202202",
                    82
                ],
                [
                    "202201",
                    80
                ]
            ],
            "rank_gap":-2
        },
        {
            "index":298,
            "아파트명":"금용",
            "투자타입":"재건축",
            "전용면적(m2)":"81.17",
            "전용면적(평)":"24평",
            "법정동주소":"경기도 양주시 회정동 866",
            "도로명주소":"경기도 양주시 평화로 1552-19",
            "세대수":0,
            "입주년차":"--",
            "용적률점수":0,
            "건폐율점수":100,
            "세대당주차수":"--",
            "난방방식":"--",
            "공급면적":70,
            "전용률":60,
            "욕실수":"--",
            "현관타입":"--",
            "주거총점":26.5,
            "지역구공급총점":0.0,
            "역세권":0,
            "30분내 이동가능 거점":0,
            "1시간내 이동가능 거점":0,
            "교통총점":0.0,
            "백화점":0,
            "아울렛몰":0,
            "대형마트":0,
            "은행":0,
            "병원":0,
            "종합병원":0,
            "공원":0,
            "혐오시설":0,
            "인프라총점":0.0,
            "초등학군":90.02,
            "중학군":39.66,
            "학군총점":49.732,
            "인구수":25.02,
            "인구증감":19.02,
            "인구총점":23.22,
            "일자리":14.22,
            "소득수준":50.35,
            "일자리총점":25.059,
            "가치 총점":12.7598,
            "매매실거래년":20211227.0,
            "매매실거래가":18900.0,
            "전세실거래년":20210410.0,
            "전세실거래가":13000.0,
            "전세가율":68.78,
            "장기전세가율평균":65.83,
            "전세가율거품지수":-2.95,
            "검색코드":12920,
            "세대수":184.0,
            "준공년월":"1992-05-27",
            "준공년차":31.0,
            "가까운역이름":"덕계",
            "가까운역거리":1006.97,
            "역세권여부":"비역세권",
            "30분이내주요거점역":0,
            "30분거점역이름":"[]",
            "1시간이내주요거점역":0,
            "1시간거점역이름":"[]",
            "3km이내백화점수":0,
            "5km이내아울렛몰수":0,
            "1km이내대형먀트수":0,
            "500m이내은행수":1,
            "500m이내병원수":0,
            "5km이내대형병원수":0,
            "500m이내공원수":0,
            "3km이내혐오시설수":0,
            "초등학교학업성취도":90.02,
            "중학교학업성취도":66.1,
            "용적률":249,
            "건폐율":18,
            "Y":37.827356,
            "X":127.054175,
            "rank":83.0,
            "area_info":"24평(81.17), 29평(98.65), 31평(103.96), 31평(104.35)",
            "last_sales":"2021-12-27,18900.0,24평(81.17)",
            "rank_history":[
                [
                    "202202",
                    83
                ],
                [
                    "202201",
                    81
                ]
            ],
            "rank_gap":-2
        },
        {
            "index":198,
            "아파트명":"백석세아2차",
            "투자타입":"일반",
            "전용면적(m2)":"78.15",
            "전용면적(평)":"23평",
            "법정동주소":"경기도 양주시 백석읍 방성리 162-4",
            "도로명주소":"경기도 양주시 꿈나무로 31-4",
            "세대수":0,
            "입주년차":0,
            "용적률점수":"--",
            "건폐율점수":"--",
            "세대당주차수":0,
            "난방방식":30,
            "공급면적":"--",
            "전용률":"--",
            "욕실수":50,
            "현관타입":100,
            "주거총점":18.0,
            "지역구공급총점":0.0,
            "역세권":0,
            "30분내 이동가능 거점":0,
            "1시간내 이동가능 거점":0,
            "교통총점":0.0,
            "백화점":0,
            "아울렛몰":0,
            "대형마트":0,
            "은행":0,
            "병원":0,
            "종합병원":0,
            "공원":80,
            "혐오시설":0,
            "인프라총점":2.4,
            "초등학군":90.01,
            "중학군":38.7,
            "학군총점":48.962,
            "인구수":25.02,
            "인구증감":19.02,
            "인구총점":23.22,
            "일자리":14.22,
            "소득수준":50.35,
            "일자리총점":25.059,
            "가치 총점":11.6643,
            "매매실거래년":20211203.0,
            "매매실거래가":9800.0,
            "전세실거래년":20211020.0,
            "전세실거래가":7500.0,
            "전세가율":76.53,
            "장기전세가율평균":65.83,
            "전세가율거품지수":-10.7,
            "검색코드":10653,
            "세대수":156.0,
            "준공년월":"1997-07-01",
            "준공년차":26.0,
            "가까운역이름":"양주",
            "가까운역거리":5051.22,
            "역세권여부":"비역세권",
            "30분이내주요거점역":0,
            "30분거점역이름":"[]",
            "1시간이내주요거점역":0,
            "1시간거점역이름":"[]",
            "3km이내백화점수":0,
            "5km이내아울렛몰수":0,
            "1km이내대형먀트수":0,
            "500m이내은행수":0,
            "500m이내병원수":0,
            "5km이내대형병원수":0,
            "500m이내공원수":1,
            "3km이내혐오시설수":0,
            "초등학교학업성취도":90.01,
            "중학교학업성취도":64.1,
            "용적률":220,
            "건폐율":23,
            "Y":37.803133,
            "X":127.000205,
            "rank":84.0,
            "area_info":"23평(78.15), 23평(78.15)",
            "last_sales":"2021-12-03,9800.0,23평(78.15)",
            "rank_history":[
                [
                    "202202",
                    84
                ],
                [
                    "202201",
                    83
                ]
            ],
            "rank_gap":-1
        }
    ]
}