{
    "schema":{
        "fields":[
            {
                "name":"index",
                "type":"integer"
            },
            {
                "name":"아파트명",
                "type":"string"
            },
            {
                "name":"투자타입",
                "type":"string"
            },
            {
                "name":"전용면적(m2)",
                "type":"string"
            },
            {
                "name":"전용면적(평)",
                "type":"string"
            },
            {
                "name":"법정동주소",
                "type":"string"
            },
            {
                "name":"도로명주소",
                "type":"string"
            },
            {
                "name":"세대수",
                "type":"integer"
            },
            {
                "name":"입주년차",
                "type":"string"
            },
            {
                "name":"용적률점수",
                "type":"string"
            },
            {
                "name":"건폐율점수",
                "type":"string"
            },
            {
                "name":"세대당주차수",
                "type":"string"
            },
            {
                "name":"난방방식",
                "type":"string"
            },
            {
                "name":"공급면적",
                "type":"string"
            },
            {
                "name":"전용률",
                "type":"string"
            },
            {
                "name":"욕실수",
                "type":"string"
            },
            {
                "name":"현관타입",
                "type":"string"
            },
            {
                "name":"주거총점",
                "type":"number"
            },
            {
                "name":"지역구공급총점",
                "type":"number"
            },
            {
                "name":"역세권",
                "type":"string"
            },
            {
                "name":"30분내 이동가능 거점",
                "type":"string"
            },
            {
                "name":"1시간내 이동가능 거점",
                "type":"string"
            },
            {
                "name":"교통총점",
                "type":"string"
            },
            {
                "name":"백화점",
                "type":"integer"
            },
            {
                "name":"아울렛몰",
                "type":"integer"
            },
            {
                "name":"대형마트",
                "type":"integer"
            },
            {
                "name":"은행",
                "type":"integer"
            },
            {
                "name":"병원",
                "type":"integer"
            },
            {
                "name":"종합병원",
                "type":"integer"
            },
            {
                "name":"공원",
                "type":"integer"
            },
            {
                "name":"혐오시설",
                "type":"integer"
            },
            {
                "name":"인프라총점",
                "type":"number"
            },
            {
                "name":"초등학군",
                "type":"number"
            },
            {
                "name":"중학군",
                "type":"number"
            },
            {
                "name":"학군총점",
                "type":"number"
            },
            {
                "name":"인구수",
                "type":"number"
            },
            {
                "name":"인구증감",
                "type":"number"
            },
            {
                "name":"인구총점",
                "type":"number"
            },
            {
                "name":"일자리",
                "type":"number"
            },
            {
                "name":"소득수준",
                "type":"integer"
            },
            {
                "name":"일자리총점",
                "type":"number"
            },
            {
                "name":"가치 총점",
                "type":"number"
            },
            {
                "name":"매매실거래년",
                "type":"string"
            },
            {
                "name":"매매실거래가",
                "type":"number"
            },
            {
                "name":"전세실거래년",
                "type":"number"
            },
            {
                "name":"전세실거래가",
                "type":"number"
            },
            {
                "name":"전세가율",
                "type":"number"
            },
            {
                "name":"장기전세가율평균",
                "type":"number"
            },
            {
                "name":"전세가율거품지수",
                "type":"number"
            },
            {
                "name":"검색코드",
                "type":"integer"
            },
            {
                "name":"세대수",
                "type":"integer"
            },
            {
                "name":"준공년월",
                "type":"string"
            },
            {
                "name":"준공년차",
                "type":"integer"
            },
            {
                "name":"가까운역이름",
                "type":"string"
            },
            {
                "name":"가까운역거리",
                "type":"string"
            },
            {
                "name":"역세권여부",
                "type":"string"
            },
            {
                "name":"30분이내주요거점역",
                "type":"string"
            },
            {
                "name":"30분거점역이름",
                "type":"string"
            },
            {
                "name":"1시간이내주요거점역",
                "type":"string"
            },
            {
                "name":"1시간거점역이름",
                "type":"string"
            },
            {
                "name":"3km이내백화점수",
                "type":"integer"
            },
            {
                "name":"5km이내아울렛몰수",
                "type":"integer"
            },
            {
                "name":"1km이내대형먀트수",
                "type":"integer"
            },
            {
                "name":"500m이내은행수",
                "type":"integer"
            },
            {
                "name":"500m이내병원수",
                "type":"integer"
            },
            {
                "name":"5km이내대형병원수",
                "type":"integer"
            },
            {
                "name":"500m이내공원수",
                "type":"integer"
            },
            {
                "name":"3km이내혐오시설수",
                "type":"integer"
            },
            {
                "name":"초등학교학업성취도",
                "type":"number"
            },
            {
                "name":"중학교학업성취도",
                "type":"number"
            },
            {
                "name":"용적률",
                "type":"integer"
            },
            {
                "name":"건폐율",
                "type":"integer"
            },
            {
                "name":"Y",
                "type":"number"
            },
            {
                "name":"X",
                "type":"number"
            },
            {
                "name":"rank",
                "type":"number"
            },
            {
                "name":"area_info",
                "type":"string"
            },
            {
                "name":"last_sales",
                "type":"string"
            },
            {
                "name":"rank_history",
                "type":"string"
            },
            {
                "name":"rank_gap",
                "type":"integer"
            }
        ],
        "primaryKey":[
            "index"
        ],
        "pandas_version":"1.4.0"
    },
    "data":[
        {
            "index":179,
            "아파트명":"속초자이",
            "투자타입":"일반",
            "전용면적(m2)":"81.12",
            "전용면적(평)":"24평",
            "법정동주소":"강원도 속초시 조양동 1586",
            "도로명주소":"강원도 속초시 조양로 181",
            "세대수":80,
            "입주년차":100,
            "용적률점수":"--",
            "건폐율점수":"--",
            "세대당주차수":30,
            "난방방식":30,
            "공급면적":"--",
            "전용률":"--",
            "욕실수":100,
            "현관타입":100,
            "주거총점":75.5,
            "지역구공급총점":0.0,
            "역세권":"NA",
            "30분내 이동가능 거점":"NA",
            "1시간내 이동가능 거점":"NA",
            "교통총점":"NA",
            "백화점":0,
            "아울렛몰":0,
            "대형마트":80,
            "은행":0,
            "병원":60,
            "종합병원":100,
            "공원":100,
            "혐오시설":0,
            "인프라총점":41.0,
            "초등학군":89.99,
            "중학군":45.02,
            "학군총점":54.014,
            "인구수":8.74,
            "인구증감":4.96,
            "인구총점":7.606,
            "일자리":4.88,
            "소득수준":48,
            "일자리총점":17.816,
            "가치 총점":56.3285,
            "매매실거래년":20211021.0,
            "매매실거래가":39500.0,
            "전세실거래년":20211231.0,
            "전세실거래가":27000.0,
            "전세가율":68.35,
            "장기전세가율평균":74.98,
            "전세가율거품지수":6.63,
            "검색코드":119365,
            "세대수":874,
            "준공년월":"2020-05-01",
            "준공년차":3,
            "가까운역이름":"NA",
            "가까운역거리":"NA",
            "역세권여부":"NA",
            "30분이내주요거점역":"NA",
            "30분거점역이름":"NA",
            "1시간이내주요거점역":"NA",
            "1시간거점역이름":"NA",
            "3km이내백화점수":0,
            "5km이내아울렛몰수":0,
            "1km이내대형먀트수":1,
            "500m이내은행수":0,
            "500m이내병원수":10,
            "5km이내대형병원수":2,
            "500m이내공원수":3,
            "3km이내혐오시설수":0,
            "초등학교학업성취도":89.99,
            "중학교학업성취도":74.1,
            "용적률":0,
            "건폐율":0,
            "Y":38.186888,
            "X":128.579586,
            "rank":1.0,
            "area_info":"24평(81.12), 25평(84.38), 30평(99.97), 30평(100.65), 33평(110.62), 33평(110.06), 34평(113.37), 34평(114.74), 34평(114.67), 53평(175.51), 58평(192.47)",
            "last_sales":"2021-10-21,39500.0,24평(81.12)",
            "rank_history":[
                [
                    "202202",
                    1
                ],
                [
                    "202201",
                    1
                ]
            ],
            "rank_gap":0
        },
        {
            "index":3,
            "아파트명":"교동주공2단지",
            "투자타입":"재건축",
            "전용면적(m2)":"49.91",
            "전용면적(평)":"15평",
            "법정동주소":"강원도 속초시 교동 898",
            "도로명주소":"강원도 속초시 번영로43번길 52",
            "세대수":50,
            "입주년차":"--",
            "용적률점수":100,
            "건폐율점수":80,
            "세대당주차수":"--",
            "난방방식":"--",
            "공급면적":50,
            "전용률":80,
            "욕실수":"--",
            "현관타입":"--",
            "주거총점":77.5,
            "지역구공급총점":0.0,
            "역세권":"NA",
            "30분내 이동가능 거점":"NA",
            "1시간내 이동가능 거점":"NA",
            "교통총점":"NA",
            "백화점":0,
            "아울렛몰":0,
            "대형마트":80,
            "은행":0,
            "병원":10,
            "종합병원":100,
            "공원":80,
            "혐오시설":0,
            "인프라총점":35.4,
            "초등학군":90.02,
            "중학군":41.1,
            "학군총점":50.884,
            "인구수":8.74,
            "인구증감":4.96,
            "인구총점":7.606,
            "일자리":4.88,
            "소득수준":48,
            "일자리총점":17.816,
            "가치 총점":54.006,
            "매매실거래년":20211230.0,
            "매매실거래가":15800.0,
            "전세실거래년":20210819.0,
            "전세실거래가":7000.0,
            "전세가율":42.42,
            "장기전세가율평균":74.98,
            "전세가율거품지수":32.56,
            "검색코드":6247,
            "세대수":590,
            "준공년월":"1990-06-12",
            "준공년차":33,
            "가까운역이름":"NA",
            "가까운역거리":"NA",
            "역세권여부":"NA",
            "30분이내주요거점역":"NA",
            "30분거점역이름":"NA",
            "1시간이내주요거점역":"NA",
            "1시간거점역이름":"NA",
            "3km이내백화점수":0,
            "5km이내아울렛몰수":0,
            "1km이내대형먀트수":1,
            "500m이내은행수":0,
            "500m이내병원수":3,
            "5km이내대형병원수":2,
            "500m이내공원수":1,
            "3km이내혐오시설수":0,
            "초등학교학업성취도":90.02,
            "중학교학업성취도":67.3,
            "용적률":125,
            "건폐율":23,
            "Y":38.207532,
            "X":128.579485,
            "rank":2.0,
            "area_info":"15평(49.91), 15평(49.78), 14평(49.48), 15평(50.21), 17평(57.87), 17평(57.57), 17평(57.93), 17평(58.23), 17평(58.22)",
            "last_sales":"2021-12-30,15800.0,15평(50.21)",
            "rank_history":[
                [
                    "202202",
                    2
                ],
                [
                    "202201",
                    2
                ]
            ],
            "rank_gap":0
        },
        {
            "index":161,
            "아파트명":"속초KCC스위첸",
            "투자타입":"일반",
            "전용면적(m2)":"82.31",
            "전용면적(평)":"24평",
            "법정동주소":"강원도 속초시 조양동 1572",
            "도로명주소":"강원도 속초시 청대로 40",
            "세대수":80,
            "입주년차":100,
            "용적률점수":"--",
            "건폐율점수":"--",
            "세대당주차수":30,
            "난방방식":30,
            "공급면적":"--",
            "전용률":"--",
            "욕실수":100,
            "현관타입":100,
            "주거총점":75.5,
            "지역구공급총점":0.0,
            "역세권":"NA",
            "30분내 이동가능 거점":"NA",
            "1시간내 이동가능 거점":"NA",
            "교통총점":"NA",
            "백화점":0,
            "아울렛몰":0,
            "대형마트":80,
            "은행":0,
            "병원":10,
            "종합병원":100,
            "공원":100,
            "혐오시설":-50,
            "인프라총점":35.0,
            "초등학군":89.98,
            "중학군":44.84,
            "학군총점":53.868,
            "인구수":8.74,
            "인구증감":4.96,
            "인구총점":7.606,
            "일자리":4.88,
            "소득수준":48,
            "일자리총점":17.816,
            "가치 총점":53.892,
            "매매실거래년":20220124.0,
            "매매실거래가":33000.0,
            "전세실거래년":20211227.0,
            "전세실거래가":23000.0,
            "전세가율":69.7,
            "장기전세가율평균":74.98,
            "전세가율거품지수":5.28,
            "검색코드":113743,
            "세대수":847,
            "준공년월":"2019-02-01",
            "준공년차":4,
            "가까운역이름":"NA",
            "가까운역거리":"NA",
            "역세권여부":"NA",
            "30분이내주요거점역":"NA",
            "30분거점역이름":"NA",
            "1시간이내주요거점역":"NA",
            "1시간거점역이름":"NA",
            "3km이내백화점수":0,
            "5km이내아울렛몰수":0,
            "1km이내대형먀트수":1,
            "500m이내은행수":0,
            "500m이내병원수":3,
            "5km이내대형병원수":2,
            "500m이내공원수":4,
            "3km이내혐오시설수":1,
            "초등학교학업성취도":89.98,
            "중학교학업성취도":73.4,
            "용적률":281,
            "건폐율":20,
            "Y":38.185314,
            "X":128.595895,
            "rank":3.0,
            "area_info":"24평(82.31), 24평(82.31), 30평(102.11), 34평(115.32), 34평(115.54)",
            "last_sales":"2022-01-24,33000.0,24평(82.31)",
            "rank_history":[
                [
                    "202202",
                    3
                ],
                [
                    "202201",
                    3
                ]
            ],
            "rank_gap":0
        },
        {
            "index":193,
            "아파트명":"속초조양동효성해링턴플레이스",
            "투자타입":"일반",
            "전용면적(m2)":"85.19",
            "전용면적(평)":"25평",
            "법정동주소":"강원도 속초시 조양동 1582",
            "도로명주소":"강원도 속초시 청대로 210",
            "세대수":50,
            "입주년차":100,
            "용적률점수":"--",
            "건폐율점수":"--",
            "세대당주차수":30,
            "난방방식":30,
            "공급면적":"--",
            "전용률":"--",
            "욕실수":100,
            "현관타입":100,
            "주거총점":65.0,
            "지역구공급총점":0.0,
            "역세권":"NA",
            "30분내 이동가능 거점":"NA",
            "1시간내 이동가능 거점":"NA",
            "교통총점":"NA",
            "백화점":0,
            "아울렛몰":0,
            "대형마트":80,
            "은행":0,
            "병원":30,
            "종합병원":100,
            "공원":100,
            "혐오시설":0,
            "인프라총점":38.0,
            "초등학군":89.99,
            "중학군":45.02,
            "학군총점":54.014,
            "인구수":8.74,
            "인구증감":4.96,
            "인구총점":7.606,
            "일자리":4.88,
            "소득수준":48,
            "일자리총점":17.816,
            "가치 총점":51.4535,
            "매매실거래년":20210817.0,
            "매매실거래가":49500.0,
            "전세실거래년":null,
            "전세실거래가":null,
            "전세가율":null,
            "장기전세가율평균":74.98,
            "전세가율거품지수":null,
            "검색코드":114182,
            "세대수":651,
            "준공년월":"2019-08-01",
            "준공년차":4,
            "가까운역이름":"NA",
            "가까운역거리":"NA",
            "역세권여부":"NA",
            "30분이내주요거점역":"NA",
            "30분거점역이름":"NA",
            "1시간이내주요거점역":"NA",
            "1시간거점역이름":"NA",
            "3km이내백화점수":0,
            "5km이내아울렛몰수":0,
            "1km이내대형먀트수":1,
            "500m이내은행수":0,
            "500m이내병원수":7,
            "5km이내대형병원수":2,
            "500m이내공원수":3,
            "3km이내혐오시설수":0,
            "초등학교학업성취도":89.99,
            "중학교학업성취도":74.1,
            "용적률":0,
            "건폐율":0,
            "Y":38.187549,
            "X":128.57766,
            "rank":4.0,
            "area_info":"25평(85.19), 25평(85.57), 29평(98.35), 32평(107.94), 32평(108.15), 43평(143.27), 53평(177.16), 54평(180.68)",
            "last_sales":"2021-08-17,49500.0,43평(143.27)",
            "rank_history":[
                [
                    "202202",
                    4
                ],
                [
                    "202201",
                    4
                ]
            ],
            "rank_gap":0
        },
        {
            "index":174,
            "아파트명":"속초양우내안애오션스카이",
            "투자타입":"일반",
            "전용면적(m2)":"113.93",
            "전용면적(평)":"34평",
            "법정동주소":"강원도 속초시 조양동 1587",
            "도로명주소":"강원도 속초시 청호로 8",
            "세대수":30,
            "입주년차":100,
            "용적률점수":"--",
            "건폐율점수":"--",
            "세대당주차수":60,
            "난방방식":30,
            "공급면적":"--",
            "전용률":"--",
            "욕실수":100,
            "현관타입":100,
            "주거총점":62.5,
            "지역구공급총점":0.0,
            "역세권":"NA",
            "30분내 이동가능 거점":"NA",
            "1시간내 이동가능 거점":"NA",
            "교통총점":"NA",
            "백화점":0,
            "아울렛몰":0,
            "대형마트":80,
            "은행":0,
            "병원":30,
            "종합병원":100,
            "공원":100,
            "혐오시설":-50,
            "인프라총점":37.0,
            "초등학군":89.98,
            "중학군":44.84,
            "학군총점":53.868,
            "인구수":8.74,
            "인구증감":4.96,
            "인구총점":7.606,
            "일자리":4.88,
            "소득수준":48,
            "일자리총점":17.816,
            "가치 총점":50.142,
            "매매실거래년":20210622.0,
            "매매실거래가":48720.0,
            "전세실거래년":20210216.0,
            "전세실거래가":30000.0,
            "전세가율":91.46,
            "장기전세가율평균":74.98,
            "전세가율거품지수":-16.48,
            "검색코드":119542,
            "세대수":320,
            "준공년월":"2021-03-01",
            "준공년차":2,
            "가까운역이름":"NA",
            "가까운역거리":"NA",
            "역세권여부":"NA",
            "30분이내주요거점역":"NA",
            "30분거점역이름":"NA",
            "1시간이내주요거점역":"NA",
            "1시간거점역이름":"NA",
            "3km이내백화점수":0,
            "5km이내아울렛몰수":0,
            "1km이내대형먀트수":1,
            "500m이내은행수":0,
            "500m이내병원수":6,
            "5km이내대형병원수":2,
            "500m이내공원수":2,
            "3km이내혐오시설수":1,
            "초등학교학업성취도":89.98,
            "중학교학업성취도":73.4,
            "용적률":0,
            "건폐율":0,
            "Y":38.190579,
            "X":128.599888,
            "rank":5.0,
            "area_info":"34평(113.93), 34평(114.57), 34평(114.89), 34평(115.29), 45평(150.04)",
            "last_sales":"2021-06-22,48720.0,45평(150.04)",
            "rank_history":[
                [
                    "202202",
                    5
                ],
                [
                    "202201",
                    5
                ]
            ],
            "rank_gap":0
        },
        {
            "index":227,
            "아파트명":"속초조양휴먼빌",
            "투자타입":"일반",
            "전용면적(m2)":"103.78",
            "전용면적(평)":"31평",
            "법정동주소":"강원도 속초시 조양동 1585",
            "도로명주소":"강원도 속초시 논산길 17",
            "세대수":30,
            "입주년차":100,
            "용적률점수":"--",
            "건폐율점수":"--",
            "세대당주차수":30,
            "난방방식":30,
            "공급면적":"--",
            "전용률":"--",
            "욕실수":100,
            "현관타입":100,
            "주거총점":58.0,
            "지역구공급총점":0.0,
            "역세권":"NA",
            "30분내 이동가능 거점":"NA",
            "1시간내 이동가능 거점":"NA",
            "교통총점":"NA",
            "백화점":0,
            "아울렛몰":0,
            "대형마트":80,
            "은행":0,
            "병원":30,
            "종합병원":100,
            "공원":100,
            "혐오시설":0,
            "인프라총점":38.0,
            "초등학군":90.0,
            "중학군":45.02,
            "학군총점":54.016,
            "인구수":8.74,
            "인구증감":4.96,
            "인구총점":7.606,
            "일자리":4.88,
            "소득수준":48,
            "일자리총점":17.816,
            "가치 총점":49.004,
            "매매실거래년":20210814.0,
            "매매실거래가":36500.0,
            "전세실거래년":20211119.0,
            "전세실거래가":33000.0,
            "전세가율":90.41,
            "장기전세가율평균":74.98,
            "전세가율거품지수":-15.43,
            "검색코드":118995,
            "세대수":379,
            "준공년월":"2020-04-01",
            "준공년차":3,
            "가까운역이름":"NA",
            "가까운역거리":"NA",
            "역세권여부":"NA",
            "30분이내주요거점역":"NA",
            "30분거점역이름":"NA",
            "1시간이내주요거점역":"NA",
            "1시간거점역이름":"NA",
            "3km이내백화점수":0,
            "5km이내아울렛몰수":0,
            "1km이내대형먀트수":1,
            "500m이내은행수":0,
            "500m이내병원수":8,
            "5km이내대형병원수":2,
            "500m이내공원수":3,
            "3km이내혐오시설수":0,
            "초등학교학업성취도":90.0,
            "중학교학업성취도":74.1,
            "용적률":0,
            "건폐율":0,
            "Y":38.186409,
            "X":128.581877,
            "rank":6.0,
            "area_info":"31평(103.78), 33평(109.72)",
            "last_sales":"2021-08-14,36500.0,31평(103.78)",
            "rank_history":[
                [
                    "202202",
                    6
                ],
                [
                    "202201",
                    6
                ]
            ],
            "rank_gap":0
        },
        {
            "index":101,
            "아파트명":"e편한세상영랑호",
            "투자타입":"일반",
            "전용면적(m2)":"99.77",
            "전용면적(평)":"30평",
            "법정동주소":"강원도 속초시 동명동 596",
            "도로명주소":"강원도 속초시 번영로129번길 22",
            "세대수":50,
            "입주년차":80,
            "용적률점수":"--",
            "건폐율점수":"--",
            "세대당주차수":30,
            "난방방식":30,
            "공급면적":"--",
            "전용률":"--",
            "욕실수":100,
            "현관타입":100,
            "주거총점":61.0,
            "지역구공급총점":0.0,
            "역세권":"NA",
            "30분내 이동가능 거점":"NA",
            "1시간내 이동가능 거점":"NA",
            "교통총점":"NA",
            "백화점":0,
            "아울렛몰":0,
            "대형마트":80,
            "은행":0,
            "병원":0,
            "종합병원":100,
            "공원":100,
            "혐오시설":0,
            "인프라총점":35.0,
            "초등학군":90.02,
            "중학군":44.84,
            "학군총점":53.876,
            "인구수":8.74,
            "인구증감":4.96,
            "인구총점":7.606,
            "일자리":4.88,
            "소득수준":48,
            "일자리총점":17.816,
            "가치 총점":48.819,
            "매매실거래년":20211126.0,
            "매매실거래가":71800.0,
            "전세실거래년":20210807.0,
            "전세실거래가":20700.0,
            "전세가율":48.36,
            "장기전세가율평균":74.98,
            "전세가율거품지수":26.62,
            "검색코드":110383,
            "세대수":497,
            "준공년월":"2017-10-01",
            "준공년차":6,
            "가까운역이름":"NA",
            "가까운역거리":"NA",
            "역세권여부":"NA",
            "30분이내주요거점역":"NA",
            "30분거점역이름":"NA",
            "1시간이내주요거점역":"NA",
            "1시간거점역이름":"NA",
            "3km이내백화점수":0,
            "5km이내아울렛몰수":0,
            "1km이내대형먀트수":1,
            "500m이내은행수":0,
            "500m이내병원수":0,
            "5km이내대형병원수":2,
            "500m이내공원수":2,
            "3km이내혐오시설수":0,
            "초등학교학업성취도":90.02,
            "중학교학업성취도":73.4,
            "용적률":261,
            "건폐율":15,
            "Y":38.211706,
            "X":128.585662,
            "rank":7.0,
            "area_info":"30평(99.77), 34평(112.93), 34평(113.91), 34평(113.15), 46평(152.84), 58평(191.87), 57평(191.45), 58평(193.44)",
            "last_sales":"2021-11-26,71800.0,46평(152.84)",
            "rank_history":[
                [
                    "202202",
                    7
                ],
                [
                    "202201",
                    7
                ]
            ],
            "rank_gap":0
        },
        {
            "index":23,
            "아파트명":"럭키설악타운1차",
            "투자타입":"재건축",
            "전용면적(m2)":"82.9",
            "전용면적(평)":"25평",
            "법정동주소":"강원도 속초시 교동 767-224",
            "도로명주소":"강원도 속초시 만천4길 1",
            "세대수":30,
            "입주년차":"--",
            "용적률점수":60,
            "건폐율점수":100,
            "세대당주차수":"--",
            "난방방식":"--",
            "공급면적":70,
            "전용률":60,
            "욕실수":"--",
            "현관타입":"--",
            "주거총점":59.5,
            "지역구공급총점":0.0,
            "역세권":"NA",
            "30분내 이동가능 거점":"NA",
            "1시간내 이동가능 거점":"NA",
            "교통총점":"NA",
            "백화점":0,
            "아울렛몰":0,
            "대형마트":80,
            "은행":0,
            "병원":60,
            "종합병원":100,
            "공원":100,
            "혐오시설":0,
            "인프라총점":41.0,
            "초등학군":90.01,
            "중학군":34.42,
            "학군총점":45.538,
            "인구수":8.74,
            "인구증감":4.96,
            "인구총점":7.606,
            "일자리":4.88,
            "소득수준":48,
            "일자리총점":17.816,
            "가치 총점":48.6095,
            "매매실거래년":20211228.0,
            "매매실거래가":20000.0,
            "전세실거래년":20211101.0,
            "전세실거래가":9500.0,
            "전세가율":95.0,
            "장기전세가율평균":74.98,
            "전세가율거품지수":-20.02,
            "검색코드":6203,
            "세대수":383,
            "준공년월":"1991-06-04",
            "준공년차":32,
            "가까운역이름":"NA",
            "가까운역거리":"NA",
            "역세권여부":"NA",
            "30분이내주요거점역":"NA",
            "30분거점역이름":"NA",
            "1시간이내주요거점역":"NA",
            "1시간거점역이름":"NA",
            "3km이내백화점수":0,
            "5km이내아울렛몰수":0,
            "1km이내대형먀트수":1,
            "500m이내은행수":0,
            "500m이내병원수":18,
            "5km이내대형병원수":2,
            "500m이내공원수":5,
            "3km이내혐오시설수":0,
            "초등학교학업성취도":90.01,
            "중학교학업성취도":57.1,
            "용적률":186,
            "건폐율":15,
            "Y":38.200318,
            "X":128.57356,
            "rank":8.0,
            "area_info":"25평(82.9), 28평(92.75), 31평(103.12)",
            "last_sales":"2021-12-28,20000.0,31평(103.12)",
            "rank_history":[
                [
                    "202202",
                    8
                ],
                [
                    "202201",
                    8
                ]
            ],
            "rank_gap":0
        },
        {
            "index":251,
            "아파트명":"속초청호아이파크",
            "투자타입":"일반",
            "전용면적(m2)":"82.0",
            "전용면적(평)":"24평",
            "법정동주소":"강원도 속초시 청호동 1356",
            "도로명주소":"강원도 속초시 청호로 22",
            "세대수":50,
            "입주년차":80,
            "용적률점수":"--",
            "건폐율점수":"--",
            "세대당주차수":30,
            "난방방식":30,
            "공급면적":"--",
            "전용률":"--",
            "욕실수":100,
            "현관타입":100,
            "주거총점":61.0,
            "지역구공급총점":0.0,
            "역세권":"NA",
            "30분내 이동가능 거점":"NA",
            "1시간내 이동가능 거점":"NA",
            "교통총점":"NA",
            "백화점":0,
            "아울렛몰":0,
            "대형마트":80,
            "은행":0,
            "병원":0,
            "종합병원":100,
            "공원":80,
            "혐오시설":0,
            "인프라총점":34.4,
            "초등학군":90.11,
            "중학군":44.84,
            "학군총점":53.894,
            "인구수":8.74,
            "인구증감":4.96,
            "인구총점":7.606,
            "일자리":4.88,
            "소득수준":48,
            "일자리총점":17.816,
            "가치 총점":48.5835,
            "매매실거래년":20220128.0,
            "매매실거래가":49000.0,
            "전세실거래년":20220121.0,
            "전세실거래가":16000.0,
            "전세가율":43.24,
            "장기전세가율평균":74.98,
            "전세가율거품지수":31.74,
            "검색코드":111624,
            "세대수":687,
            "준공년월":"2018-01-30",
            "준공년차":5,
            "가까운역이름":"NA",
            "가까운역거리":"NA",
            "역세권여부":"NA",
            "30분이내주요거점역":"NA",
            "30분거점역이름":"NA",
            "1시간이내주요거점역":"NA",
            "1시간거점역이름":"NA",
            "3km이내백화점수":0,
            "5km이내아울렛몰수":0,
            "1km이내대형먀트수":1,
            "500m이내은행수":0,
            "500m이내병원수":1,
            "5km이내대형병원수":2,
            "500m이내공원수":1,
            "3km이내혐오시설수":0,
            "초등학교학업성취도":90.11,
            "중학교학업성취도":73.4,
            "용적률":248,
            "건폐율":18,
            "Y":38.193168,
            "X":128.599875,
            "rank":9.0,
            "area_info":"24평(82.0), 24평(82.49), 31평(102.93), 31평(103.18), 34평(115.32), 34평(115.58), 43평(142.98), 43평(142.98), 43평(142.98)",
            "last_sales":"2022-01-28,49000.0,34평(115.32)",
            "rank_history":[
                [
                    "202202",
                    9
                ],
                [
                    "202201",
                    9
                ]
            ],
            "rank_gap":0
        },
        {
            "index":201,
            "아파트명":"속초조양양우내안애",
            "투자타입":"일반",
            "전용면적(m2)":"80.35",
            "전용면적(평)":"24평",
            "법정동주소":"강원도 속초시 조양동 1569",
            "도로명주소":"강원도 속초시 온정로1길 30",
            "세대수":50,
            "입주년차":80,
            "용적률점수":"--",
            "건폐율점수":"--",
            "세대당주차수":0,
            "난방방식":30,
            "공급면적":"--",
            "전용률":"--",
            "욕실수":100,
            "현관타입":100,
            "주거총점":56.5,
            "지역구공급총점":0.0,
            "역세권":"NA",
            "30분내 이동가능 거점":"NA",
            "1시간내 이동가능 거점":"NA",
            "교통총점":"NA",
            "백화점":0,
            "아울렛몰":0,
            "대형마트":80,
            "은행":0,
            "병원":10,
            "종합병원":100,
            "공원":100,
            "혐오시설":0,
            "인프라총점":36.0,
            "초등학군":90.0,
            "중학군":44.84,
            "학군총점":53.872,
            "인구수":8.74,
            "인구증감":4.96,
            "인구총점":7.606,
            "일자리":4.88,
            "소득수준":48,
            "일자리총점":17.816,
            "가치 총점":47.643,
            "매매실거래년":20220117.0,
            "매매실거래가":25000.0,
            "전세실거래년":20220127.0,
            "전세실거래가":21500.0,
            "전세가율":86.0,
            "장기전세가율평균":74.98,
            "전세가율거품지수":-11.02,
            "검색코드":107849,
            "세대수":443,
            "준공년월":"2016-01-01",
            "준공년차":7,
            "가까운역이름":"NA",
            "가까운역거리":"NA",
            "역세권여부":"NA",
            "30분이내주요거점역":"NA",
            "30분거점역이름":"NA",
            "1시간이내주요거점역":"NA",
            "1시간거점역이름":"NA",
            "3km이내백화점수":0,
            "5km이내아울렛몰수":0,
            "1km이내대형먀트수":1,
            "500m이내은행수":1,
            "500m이내병원수":2,
            "5km이내대형병원수":2,
            "500m이내공원수":5,
            "3km이내혐오시설수":0,
            "초등학교학업성취도":90.0,
            "중학교학업성취도":73.4,
            "용적률":228,
            "건폐율":25,
            "Y":38.186516,
            "X":128.589764,
            "rank":10.0,
            "area_info":"24평(80.35), 24평(81.69), 24평(81.63), 24평(81.33), 28평(92.66), 41평(136.32)",
            "last_sales":"2022-01-17,25000.0,24평(80.35)",
            "rank_history":[
                [
                    "202202",
                    10
                ],
                [
                    "202201",
                    11
                ]
            ],
            "rank_gap":1
        },
        {
            "index":144,
            "아파트명":"부영5차",
            "투자타입":"일반",
            "전용면적(m2)":"55.82",
            "전용면적(평)":"16평",
            "법정동주소":"강원도 속초시 조양동 1501",
            "도로명주소":"강원도 속초시 청대로204번길 40",
            "세대수":90,
            "입주년차":0,
            "용적률점수":"--",
            "건폐율점수":"--",
            "세대당주차수":0,
            "난방방식":30,
            "공급면적":"--",
            "전용률":"--",
            "욕실수":50,
            "현관타입":100,
            "주거총점":49.5,
            "지역구공급총점":0.0,
            "역세권":"NA",
            "30분내 이동가능 거점":"NA",
            "1시간내 이동가능 거점":"NA",
            "교통총점":"NA",
            "백화점":0,
            "아울렛몰":0,
            "대형마트":80,
            "은행":0,
            "병원":60,
            "종합병원":100,
            "공원":100,
            "혐오시설":0,
            "인프라총점":41.0,
            "초등학군":89.99,
            "중학군":45.02,
            "학군총점":54.014,
            "인구수":8.74,
            "인구증감":4.96,
            "인구총점":7.606,
            "일자리":4.88,
            "소득수준":48,
            "일자리총점":17.816,
            "가치 총점":47.2285,
            "매매실거래년":20211121.0,
            "매매실거래가":17100.0,
            "전세실거래년":20210828.0,
            "전세실거래가":8500.0,
            "전세가율":91.4,
            "장기전세가율평균":74.98,
            "전세가율거품지수":-16.42,
            "검색코드":112706,
            "세대수":1030,
            "준공년월":"1995-07-24",
            "준공년차":28,
            "가까운역이름":"NA",
            "가까운역거리":"NA",
            "역세권여부":"NA",
            "30분이내주요거점역":"NA",
            "30분거점역이름":"NA",
            "1시간이내주요거점역":"NA",
            "1시간거점역이름":"NA",
            "3km이내백화점수":0,
            "5km이내아울렛몰수":0,
            "1km이내대형먀트수":1,
            "500m이내은행수":0,
            "500m이내병원수":18,
            "5km이내대형병원수":2,
            "500m이내공원수":3,
            "3km이내혐오시설수":0,
            "초등학교학업성취도":89.99,
            "중학교학업성취도":74.1,
            "용적률":219,
            "건폐율":18,
            "Y":38.188505,
            "X":128.581127,
            "rank":11.0,
            "area_info":"16평(55.82), 21평(69.78), 25평(83.74)",
            "last_sales":"2021-11-21,17100.0,25평(83.74)",
            "rank_history":[
                [
                    "202202",
                    11
                ],
                [
                    "202201",
                    10
                ]
            ],
            "rank_gap":-1
        },
        {
            "index":58,
            "아파트명":"속초미소지움더뷰",
            "투자타입":"일반",
            "전용면적(m2)":"90.55",
            "전용면적(평)":"27평",
            "법정동주소":"강원도 속초시 교동 1033",
            "도로명주소":"강원도 속초시 중앙로17번길 11",
            "세대수":30,
            "입주년차":100,
            "용적률점수":"--",
            "건폐율점수":"--",
            "세대당주차수":30,
            "난방방식":30,
            "공급면적":"--",
            "전용률":"--",
            "욕실수":50,
            "현관타입":100,
            "주거총점":53.0,
            "지역구공급총점":0.0,
            "역세권":"NA",
            "30분내 이동가능 거점":"NA",
            "1시간내 이동가능 거점":"NA",
            "교통총점":"NA",
            "백화점":0,
            "아울렛몰":0,
            "대형마트":80,
            "은행":0,
            "병원":80,
            "종합병원":100,
            "공원":100,
            "혐오시설":0,
            "인프라총점":43.0,
            "초등학군":90.02,
            "중학군":34.42,
            "학군총점":45.54,
            "인구수":8.74,
            "인구증감":4.96,
            "인구총점":7.606,
            "일자리":4.88,
            "소득수준":48,
            "일자리총점":17.816,
            "가치 총점":47.135,
            "매매실거래년":20210105.0,
            "매매실거래가":90085.0,
            "전세실거래년":null,
            "전세실거래가":null,
            "전세가율":null,
            "장기전세가율평균":74.98,
            "전세가율거품지수":null,
            "검색코드":119391,
            "세대수":368,
            "준공년월":"2021-03-01",
            "준공년차":2,
            "가까운역이름":"NA",
            "가까운역거리":"NA",
            "역세권여부":"NA",
            "30분이내주요거점역":"NA",
            "30분거점역이름":"NA",
            "1시간이내주요거점역":"NA",
            "1시간거점역이름":"NA",
            "3km이내백화점수":0,
            "5km이내아울렛몰수":0,
            "1km이내대형먀트수":1,
            "500m이내은행수":0,
            "500m이내병원수":39,
            "5km이내대형병원수":2,
            "500m이내공원수":2,
            "3km이내혐오시설수":0,
            "초등학교학업성취도":90.02,
            "중학교학업성취도":57.1,
            "용적률":640,
            "건폐율":56,
            "Y":38.198626,
            "X":128.57781,
            "rank":12.0,
            "area_info":"27평(90.55), 29평(98.6), 33평(111.17), 33평(111.7), 59평(197.08)",
            "last_sales":"2021-01-05,90085.0,59평(197.08)",
            "rank_history":[
                [
                    "202202",
                    12
                ],
                [
                    "202201",
                    12
                ]
            ],
            "rank_gap":0
        },
        {
            "index":159,
            "아파트명":"성호",
            "투자타입":"일반",
            "전용면적(m2)":"70.81",
            "전용면적(평)":"21평",
            "법정동주소":"강원도 속초시 조양동 1294-23",
            "도로명주소":"강원도 속초시 청대로 8",
            "세대수":100,
            "입주년차":20,
            "용적률점수":"--",
            "건폐율점수":"--",
            "세대당주차수":0,
            "난방방식":30,
            "공급면적":"--",
            "전용률":"--",
            "욕실수":50,
            "현관타입":100,
            "주거총점":57.0,
            "지역구공급총점":0.0,
            "역세권":"NA",
            "30분내 이동가능 거점":"NA",
            "1시간내 이동가능 거점":"NA",
            "교통총점":"NA",
            "백화점":0,
            "아울렛몰":0,
            "대형마트":80,
            "은행":0,
            "병원":10,
            "종합병원":100,
            "공원":100,
            "혐오시설":-100,
            "인프라총점":34.0,
            "초등학군":89.98,
            "중학군":44.84,
            "학군총점":53.868,
            "인구수":8.74,
            "인구증감":4.96,
            "인구총점":7.606,
            "일자리":4.88,
            "소득수준":48,
            "일자리총점":17.816,
            "가치 총점":47.017,
            "매매실거래년":20220122.0,
            "매매실거래가":14200.0,
            "전세실거래년":20220120.0,
            "전세실거래가":11000.0,
            "전세가율":110.55,
            "장기전세가율평균":74.98,
            "전세가율거품지수":-35.57,
            "검색코드":25391,
            "세대수":1728,
            "준공년월":"2001-02-12",
            "준공년차":22,
            "가까운역이름":"NA",
            "가까운역거리":"NA",
            "역세권여부":"NA",
            "30분이내주요거점역":"NA",
            "30분거점역이름":"NA",
            "1시간이내주요거점역":"NA",
            "1시간거점역이름":"NA",
            "3km이내백화점수":0,
            "5km이내아울렛몰수":0,
            "1km이내대형먀트수":1,
            "500m이내은행수":0,
            "500m이내병원수":2,
            "5km이내대형병원수":2,
            "500m이내공원수":2,
            "3km이내혐오시설수":3,
            "초등학교학업성취도":89.98,
            "중학교학업성취도":73.4,
            "용적률":357,
            "건폐율":21,
            "Y":38.185004,
            "X":128.598233,
            "rank":13.0,
            "area_info":"21평(70.81), 25평(85.23)",
            "last_sales":"2022-01-22,14200.0,25평(85.23)",
            "rank_history":[
                [
                    "202202",
                    13
                ],
                [
                    "202201",
                    16
                ]
            ],
            "rank_gap":3
        },
        {
            "index":64,
            "아파트명":"속초청초",
            "투자타입":"일반",
            "전용면적(m2)":"57.01",
            "전용면적(평)":"17평",
            "법정동주소":"강원도 속초시 교동 961-1",
            "도로명주소":"강원도 속초시 먹거리길 17",
            "세대수":80,
            "입주년차":0,
            "용적률점수":"--",
            "건폐율점수":"--",
            "세대당주차수":0,
            "난방방식":30,
            "공급면적":"--",
            "전용률":"--",
            "욕실수":50,
            "현관타입":100,
            "주거총점":46.0,
            "지역구공급총점":0.0,
            "역세권":"NA",
            "30분내 이동가능 거점":"NA",
            "1시간내 이동가능 거점":"NA",
            "교통총점":"NA",
            "백화점":0,
            "아울렛몰":0,
            "대형마트":80,
            "은행":0,
            "병원":80,
            "종합병원":100,
            "공원":100,
            "혐오시설":0,
            "인프라총점":43.0,
            "초등학군":89.99,
            "중학군":45.02,
            "학군총점":54.014,
            "인구수":8.74,
            "인구증감":4.96,
            "인구총점":7.606,
            "일자리":4.88,
            "소득수준":48,
            "일자리총점":17.816,
            "가치 총점":46.8035,
            "매매실거래년":20220111.0,
            "매매실거래가":7000.0,
            "전세실거래년":20211206.0,
            "전세실거래가":6000.0,
            "전세가율":85.71,
            "장기전세가율평균":74.98,
            "전세가율거품지수":-10.73,
            "검색코드":14115,
            "세대수":745,
            "준공년월":"1993-10-27",
            "준공년차":30,
            "가까운역이름":"NA",
            "가까운역거리":"NA",
            "역세권여부":"NA",
            "30분이내주요거점역":"NA",
            "30분거점역이름":"NA",
            "1시간이내주요거점역":"NA",
            "1시간거점역이름":"NA",
            "3km이내백화점수":0,
            "5km이내아울렛몰수":0,
            "1km이내대형먀트수":1,
            "500m이내은행수":0,
            "500m이내병원수":30,
            "5km이내대형병원수":2,
            "500m이내공원수":2,
            "3km이내혐오시설수":0,
            "초등학교학업성취도":89.99,
            "중학교학업성취도":74.1,
            "용적률":227,
            "건폐율":55,
            "Y":38.196879,
            "X":128.574811,
            "rank":14.0,
            "area_info":"17평(57.01), 21평(70.37)",
            "last_sales":"2022-01-11,7000.0,17평(57.01)",
            "rank_history":[
                [
                    "202202",
                    14
                ],
                [
                    "202201",
                    15
                ]
            ],
            "rank_gap":1
        },
        {
            "index":71,
            "아파트명":"하우스토리",
            "투자타입":"일반",
            "전용면적(m2)":"52.93",
            "전용면적(평)":"16평",
            "법정동주소":"강원도 속초시 교동 1029",
            "도로명주소":"강원도 속초시 동해대로 4284",
            "세대수":50,
            "입주년차":60,
            "용적률점수":"--",
            "건폐율점수":"--",
            "세대당주차수":0,
            "난방방식":30,
            "공급면적":"--",
            "전용률":"--",
            "욕실수":50,
            "현관타입":100,
            "주거총점":47.5,
            "지역구공급총점":0.0,
            "역세권":"NA",
            "30분내 이동가능 거점":"NA",
            "1시간내 이동가능 거점":"NA",
            "교통총점":"NA",
            "백화점":0,
            "아울렛몰":0,
            "대형마트":80,
            "은행":0,
            "병원":60,
            "종합병원":100,
            "공원":100,
            "혐오시설":0,
            "인프라총점":41.0,
            "초등학군":90.01,
            "중학군":45.02,
            "학군총점":54.018,
            "인구수":8.74,
            "인구증감":4.96,
            "인구총점":7.606,
            "일자리":4.88,
            "소득수준":48,
            "일자리총점":17.816,
            "가치 총점":46.5295,
            "매매실거래년":20220122.0,
            "매매실거래가":13500.0,
            "전세실거래년":20211203.0,
            "전세실거래가":12000.0,
            "전세가율":88.89,
            "장기전세가율평균":74.98,
            "전세가율거품지수":-13.91,
            "검색코드":104321,
            "세대수":661,
            "준공년월":"2011-12-30",
            "준공년차":12,
            "가까운역이름":"NA",
            "가까운역거리":"NA",
            "역세권여부":"NA",
            "30분이내주요거점역":"NA",
            "30분거점역이름":"NA",
            "1시간이내주요거점역":"NA",
            "1시간거점역이름":"NA",
            "3km이내백화점수":0,
            "5km이내아울렛몰수":0,
            "1km이내대형먀트수":1,
            "500m이내은행수":0,
            "500m이내병원수":17,
            "5km이내대형병원수":2,
            "500m이내공원수":5,
            "3km이내혐오시설수":0,
            "초등학교학업성취도":90.01,
            "중학교학업성취도":74.1,
            "용적률":272,
            "건폐율":21,
            "Y":38.199375,
            "X":128.572936,
            "rank":15.0,
            "area_info":"16평(52.93), 24평(79.94), 24평(80.46), 32평(107.95), 32평(107.44), 42평(141.15)",
            "last_sales":"2022-01-22,13500.0,16평(52.93)",
            "rank_history":[
                [
                    "202202",
                    15
                ],
                [
                    "202201",
                    14
                ]
            ],
            "rank_gap":-1
        },
        {
            "index":240,
            "아파트명":"힐스테이트속초센트럴",
            "투자타입":"일반",
            "전용면적(m2)":"103.16",
            "전용면적(평)":"31평",
            "법정동주소":"강원도 속초시 중앙동 468-19",
            "도로명주소":"강원도 속초시 중앙로 170",
            "세대수":0,
            "입주년차":100,
            "용적률점수":"--",
            "건폐율점수":"--",
            "세대당주차수":30,
            "난방방식":30,
            "공급면적":"--",
            "전용률":"--",
            "욕실수":100,
            "현관타입":100,
            "주거총점":47.5,
            "지역구공급총점":0.0,
            "역세권":"NA",
            "30분내 이동가능 거점":"NA",
            "1시간내 이동가능 거점":"NA",
            "교통총점":"NA",
            "백화점":0,
            "아울렛몰":0,
            "대형마트":80,
            "은행":0,
            "병원":60,
            "종합병원":100,
            "공원":100,
            "혐오시설":0,
            "인프라총점":41.0,
            "초등학군":90.02,
            "중학군":44.84,
            "학군총점":53.876,
            "인구수":8.74,
            "인구증감":4.96,
            "인구총점":7.606,
            "일자리":4.88,
            "소득수준":48,
            "일자리총점":17.816,
            "가치 총점":46.494,
            "매매실거래년":20211101.0,
            "매매실거래가":38400.0,
            "전세실거래년":20211208.0,
            "전세실거래가":25000.0,
            "전세가율":85.98,
            "장기전세가율평균":74.98,
            "전세가율거품지수":-11.0,
            "검색코드":122108,
            "세대수":256,
            "준공년월":"2021-10-22",
            "준공년차":2,
            "가까운역이름":"NA",
            "가까운역거리":"NA",
            "역세권여부":"NA",
            "30분이내주요거점역":"NA",
            "30분거점역이름":"NA",
            "1시간이내주요거점역":"NA",
            "1시간거점역이름":"NA",
            "3km이내백화점수":0,
            "5km이내아울렛몰수":0,
            "1km이내대형먀트수":1,
            "500m이내은행수":0,
            "500m이내병원수":22,
            "5km이내대형병원수":2,
            "500m이내공원수":4,
            "3km이내혐오시설수":0,
            "초등학교학업성취도":90.02,
            "중학교학업성취도":73.4,
            "용적률":871,
            "건폐율":75,
            "Y":38.205564,
            "X":128.593194,
            "rank":16.0,
            "area_info":"31평(103.16), 31평(103.06), 33평(110.5), 33평(111.78), 33평(111.03), 33평(111.32), 40평(135.5), 45평(150.97), 45평(151.75), 45평(151.86), 45평(151.98)",
            "last_sales":"2021-11-01,38400.0,33평(111.32)",
            "rank_history":[
                [
                    "202202",
                    16
                ],
                [
                    "202201",
                    13
                ]
            ],
            "rank_gap":-3
        },
        {
            "index":94,
            "아파트명":"속초e-편한세상",
            "투자타입":"일반",
            "전용면적(m2)":"109.24",
            "전용면적(평)":"33평",
            "법정동주소":"강원도 속초시 금호동 627",
            "도로명주소":"강원도 속초시 미시령로 3439",
            "세대수":50,
            "입주년차":40,
            "용적률점수":"--",
            "건폐율점수":"--",
            "세대당주차수":30,
            "난방방식":30,
            "공급면적":"--",
            "전용률":"--",
            "욕실수":100,
            "현관타입":100,
            "주거총점":53.0,
            "지역구공급총점":0.0,
            "역세권":"NA",
            "30분내 이동가능 거점":"NA",
            "1시간내 이동가능 거점":"NA",
            "교통총점":"NA",
            "백화점":0,
            "아울렛몰":0,
            "대형마트":80,
            "은행":0,
            "병원":0,
            "종합병원":100,
            "공원":100,
            "혐오시설":0,
            "인프라총점":35.0,
            "초등학군":90.02,
            "중학군":44.84,
            "학군총점":53.876,
            "인구수":8.74,
            "인구증감":4.96,
            "인구총점":7.606,
            "일자리":4.88,
            "소득수준":48,
            "일자리총점":17.816,
            "가치 총점":46.019,
            "매매실거래년":20220120.0,
            "매매실거래가":28000.0,
            "전세실거래년":20211113.0,
            "전세실거래가":27000.0,
            "전세가율":96.43,
            "장기전세가율평균":74.98,
            "전세가율거품지수":-21.45,
            "검색코드":18273,
            "세대수":449,
            "준공년월":"2006-05-30",
            "준공년차":17,
            "가까운역이름":"NA",
            "가까운역거리":"NA",
            "역세권여부":"NA",
            "30분이내주요거점역":"NA",
            "30분거점역이름":"NA",
            "1시간이내주요거점역":"NA",
            "1시간거점역이름":"NA",
            "3km이내백화점수":0,
            "5km이내아울렛몰수":0,
            "1km이내대형먀트수":1,
            "500m이내은행수":0,
            "500m이내병원수":1,
            "5km이내대형병원수":2,
            "500m이내공원수":2,
            "3km이내혐오시설수":0,
            "초등학교학업성취도":90.02,
            "중학교학업성취도":73.4,
            "용적률":193,
            "건폐율":17,
            "Y":38.209655,
            "X":128.582014,
            "rank":17.0,
            "area_info":"33평(109.24), 45평(150.15)",
            "last_sales":"2022-01-20,28000.0,33평(109.24)",
            "rank_history":[
                [
                    "202202",
                    17
                ],
                [
                    "202201",
                    17
                ]
            ],
            "rank_gap":0
        },
        {
            "index":129,
            "아파트명":"대광로제비앙",
            "투자타입":"일반",
            "전용면적(m2)":"109.15",
            "전용면적(평)":"33평",
            "법정동주소":"강원도 속초시 조양동 1568",
            "도로명주소":"강원도 속초시 온정로1길 11-8",
            "세대수":30,
            "입주년차":60,
            "용적률점수":"--",
            "건폐율점수":"--",
            "세대당주차수":30,
            "난방방식":30,
            "공급면적":"--",
            "전용률":"--",
            "욕실수":100,
            "현관타입":100,
            "주거총점":50.0,
            "지역구공급총점":0.0,
            "역세권":"NA",
            "30분내 이동가능 거점":"NA",
            "1시간내 이동가능 거점":"NA",
            "교통총점":"NA",
            "백화점":0,
            "아울렛몰":0,
            "대형마트":80,
            "은행":0,
            "병원":10,
            "종합병원":100,
            "공원":100,
            "혐오시설":0,
            "인프라총점":36.0,
            "초등학군":90.0,
            "중학군":45.02,
            "학군총점":54.016,
            "인구수":8.74,
            "인구증감":4.96,
            "인구총점":7.606,
            "일자리":4.88,
            "소득수준":48,
            "일자리총점":17.816,
            "가치 총점":45.404,
            "매매실거래년":20220120.0,
            "매매실거래가":27000.0,
            "전세실거래년":20211202.0,
            "전세실거래가":20000.0,
            "전세가율":74.07,
            "장기전세가율평균":74.98,
            "전세가율거품지수":0.91,
            "검색코드":126744,
            "세대수":362,
            "준공년월":"2009-12-18",
            "준공년차":14,
            "가까운역이름":"NA",
            "가까운역거리":"NA",
            "역세권여부":"NA",
            "30분이내주요거점역":"NA",
            "30분거점역이름":"NA",
            "1시간이내주요거점역":"NA",
            "1시간거점역이름":"NA",
            "3km이내백화점수":0,
            "5km이내아울렛몰수":0,
            "1km이내대형먀트수":1,
            "500m이내은행수":1,
            "500m이내병원수":2,
            "5km이내대형병원수":2,
            "500m이내공원수":5,
            "3km이내혐오시설수":0,
            "초등학교학업성취도":90.0,
            "중학교학업성취도":74.1,
            "용적률":251,
            "건폐율":20,
            "Y":38.185082,
            "X":128.590072,
            "rank":18.0,
            "area_info":"33평(109.15), 33평(111.24), 34평(113.67), 34평(113.5), 34평(113.43), 34평(113.39)",
            "last_sales":"2022-01-20,27000.0,33평(109.15)",
            "rank_history":[
                [
                    "202202",
                    18
                ],
                [
                    "202201",
                    18
                ]
            ],
            "rank_gap":0
        },
        {
            "index":230,
            "아파트명":"조양주공1단지",
            "투자타입":"일반",
            "전용면적(m2)":"77.17",
            "전용면적(평)":"23평",
            "법정동주소":"강원도 속초시 조양동 1217-1",
            "도로명주소":"강원도 속초시 온정로 6",
            "세대수":80,
            "입주년차":20,
            "용적률점수":"--",
            "건폐율점수":"--",
            "세대당주차수":0,
            "난방방식":30,
            "공급면적":"--",
            "전용률":"--",
            "욕실수":50,
            "현관타입":100,
            "주거총점":50.0,
            "지역구공급총점":0.0,
            "역세권":"NA",
            "30분내 이동가능 거점":"NA",
            "1시간내 이동가능 거점":"NA",
            "교통총점":"NA",
            "백화점":0,
            "아울렛몰":0,
            "대형마트":80,
            "은행":0,
            "병원":10,
            "종합병원":100,
            "공원":100,
            "혐오시설":0,
            "인프라총점":36.0,
            "초등학군":89.98,
            "중학군":44.84,
            "학군총점":53.868,
            "인구수":8.74,
            "인구증감":4.96,
            "인구총점":7.606,
            "일자리":4.88,
            "소득수준":48,
            "일자리총점":17.816,
            "가치 총점":45.367,
            "매매실거래년":20220110.0,
            "매매실거래가":15000.0,
            "전세실거래년":20220126.0,
            "전세실거래가":10500.0,
            "전세가율":70.0,
            "장기전세가율평균":74.98,
            "전세가율거품지수":4.98,
            "검색코드":106143,
            "세대수":708,
            "준공년월":"2000-04-01",
            "준공년차":23,
            "가까운역이름":"NA",
            "가까운역거리":"NA",
            "역세권여부":"NA",
            "30분이내주요거점역":"NA",
            "30분거점역이름":"NA",
            "1시간이내주요거점역":"NA",
            "1시간거점역이름":"NA",
            "3km이내백화점수":0,
            "5km이내아울렛몰수":0,
            "1km이내대형먀트수":1,
            "500m이내은행수":0,
            "500m이내병원수":2,
            "5km이내대형병원수":2,
            "500m이내공원수":5,
            "3km이내혐오시설수":0,
            "초등학교학업성취도":89.98,
            "중학교학업성취도":73.4,
            "용적률":187,
            "건폐율":18,
            "Y":38.185522,
            "X":128.593877,
            "rank":19.0,
            "area_info":"23평(77.17)",
            "last_sales":"2022-01-10,15000.0,23평(77.17)",
            "rank_history":[
                [
                    "202202",
                    19
                ],
                [
                    "202201",
                    19
                ]
            ],
            "rank_gap":0
        },
        {
            "index":190,
            "아파트명":"속초조양동ES아뜨리움",
            "투자타입":"일반",
            "전용면적(m2)":"79.78",
            "전용면적(평)":"24평",
            "법정동주소":"강원도 속초시 조양동 1571",
            "도로명주소":"강원도 속초시 조양로 40",
            "세대수":0,
            "입주년차":80,
            "용적률점수":"--",
            "건폐율점수":"--",
            "세대당주차수":30,
            "난방방식":30,
            "공급면적":"--",
            "전용률":"--",
            "욕실수":100,
            "현관타입":100,
            "주거총점":43.5,
            "지역구공급총점":0.0,
            "역세권":"NA",
            "30분내 이동가능 거점":"NA",
            "1시간내 이동가능 거점":"NA",
            "교통총점":"NA",
            "백화점":0,
            "아울렛몰":0,
            "대형마트":80,
            "은행":0,
            "병원":60,
            "종합병원":100,
            "공원":100,
            "혐오시설":-50,
            "인프라총점":40.0,
            "초등학군":89.98,
            "중학군":44.84,
            "학군총점":53.868,
            "인구수":8.74,
            "인구증감":4.96,
            "인구총점":7.606,
            "일자리":4.88,
            "소득수준":48,
            "일자리총점":17.816,
            "가치 총점":44.692,
            "매매실거래년":"18000101",
            "매매실거래가":null,
            "전세실거래년":null,
            "전세실거래가":null,
            "전세가율":null,
            "장기전세가율평균":74.98,
            "전세가율거품지수":null,
            "검색코드":113423,
            "세대수":232,
            "준공년월":"2017-04-01",
            "준공년차":6,
            "가까운역이름":"NA",
            "가까운역거리":"NA",
            "역세권여부":"NA",
            "30분이내주요거점역":"NA",
            "30분거점역이름":"NA",
            "1시간이내주요거점역":"NA",
            "1시간거점역이름":"NA",
            "3km이내백화점수":0,
            "5km이내아울렛몰수":0,
            "1km이내대형먀트수":1,
            "500m이내은행수":0,
            "500m이내병원수":10,
            "5km이내대형병원수":2,
            "500m이내공원수":3,
            "3km이내혐오시설수":1,
            "초등학교학업성취도":89.98,
            "중학교학업성취도":73.4,
            "용적률":205,
            "건폐율":29,
            "Y":38.187667,
            "X":128.59733,
            "rank":20.0,
            "area_info":"24평(79.78), 30평(100.61), 31평(105.64)",
            "last_sales":"1800-01-01,nan,24평(79.78)",
            "rank_history":[
                [
                    "202202",
                    20
                ],
                [
                    "202201",
                    23
                ]
            ],
            "rank_gap":3
        },
        {
            "index":170,
            "아파트명":"속초서희스타힐스더베이2차",
            "투자타입":"일반",
            "전용면적(m2)":"103.76",
            "전용면적(평)":"31평",
            "법정동주소":"강원도 속초시 조양동 1390-2번지 외 6필지",
            "도로명주소":"강원도 속초시 동해대로 3959",
            "세대수":0,
            "입주년차":100,
            "용적률점수":"--",
            "건폐율점수":"--",
            "세대당주차수":30,
            "난방방식":30,
            "공급면적":"--",
            "전용률":"--",
            "욕실수":100,
            "현관타입":100,
            "주거총점":47.5,
            "지역구공급총점":0.0,
            "역세권":"NA",
            "30분내 이동가능 거점":"NA",
            "1시간내 이동가능 거점":"NA",
            "교통총점":"NA",
            "백화점":0,
            "아울렛몰":0,
            "대형마트":80,
            "은행":0,
            "병원":10,
            "종합병원":100,
            "공원":100,
            "혐오시설":-50,
            "인프라총점":35.0,
            "초등학군":89.98,
            "중학군":44.84,
            "학군총점":53.868,
            "인구수":8.74,
            "인구증감":4.96,
            "인구총점":7.606,
            "일자리":4.88,
            "소득수준":48,
            "일자리총점":17.816,
            "가치 총점":44.092,
            "매매실거래년":20220126.0,
            "매매실거래가":36494.0,
            "전세실거래년":20211222.0,
            "전세실거래가":32000.0,
            "전세가율":88.42,
            "장기전세가율평균":74.98,
            "전세가율거품지수":-13.44,
            "검색코드":124998,
            "세대수":186,
            "준공년월":"2021-09-01",
            "준공년차":2,
            "가까운역이름":"NA",
            "가까운역거리":"NA",
            "역세권여부":"NA",
            "30분이내주요거점역":"NA",
            "30분거점역이름":"NA",
            "1시간이내주요거점역":"NA",
            "1시간거점역이름":"NA",
            "3km이내백화점수":0,
            "5km이내아울렛몰수":0,
            "1km이내대형먀트수":1,
            "500m이내은행수":0,
            "500m이내병원수":3,
            "5km이내대형병원수":2,
            "500m이내공원수":2,
            "3km이내혐오시설수":1,
            "초등학교학업성취도":89.98,
            "중학교학업성취도":73.4,
            "용적률":701,
            "건폐율":49,
            "Y":38.188323,
            "X":128.599954,
            "rank":21.0,
            "area_info":"31평(103.76), 31평(103.71), 34평(113.62), 49평(162.82)",
            "last_sales":"2022-01-26,36494.0,34평(113.62)",
            "rank_history":[
                [
                    "202202",
                    21
                ],
                [
                    "202201",
                    22
                ]
            ],
            "rank_gap":1
        },
        {
            "index":166,
            "아파트명":"속초서희스타힐스더베이",
            "투자타입":"일반",
            "전용면적(m2)":"109.76",
            "전용면적(평)":"33평",
            "법정동주소":"강원도 속초시 조양동 1459",
            "도로명주소":"강원도 속초시 동해대로 3958",
            "세대수":0,
            "입주년차":100,
            "용적률점수":"--",
            "건폐율점수":"--",
            "세대당주차수":30,
            "난방방식":30,
            "공급면적":"--",
            "전용률":"--",
            "욕실수":100,
            "현관타입":100,
            "주거총점":47.5,
            "지역구공급총점":0.0,
            "역세권":"NA",
            "30분내 이동가능 거점":"NA",
            "1시간내 이동가능 거점":"NA",
            "교통총점":"NA",
            "백화점":0,
            "아울렛몰":0,
            "대형마트":80,
            "은행":0,
            "병원":10,
            "종합병원":100,
            "공원":100,
            "혐오시설":-50,
            "인프라총점":35.0,
            "초등학군":89.98,
            "중학군":44.84,
            "학군총점":53.868,
            "인구수":8.74,
            "인구증감":4.96,
            "인구총점":7.606,
            "일자리":4.88,
            "소득수준":48,
            "일자리총점":17.816,
            "가치 총점":44.092,
            "매매실거래년":20211206.0,
            "매매실거래가":64000.0,
            "전세실거래년":null,
            "전세실거래가":null,
            "전세가율":null,
            "장기전세가율평균":74.98,
            "전세가율거품지수":null,
            "검색코드":116007,
            "세대수":232,
            "준공년월":"2020-01-10",
            "준공년차":3,
            "가까운역이름":"NA",
            "가까운역거리":"NA",
            "역세권여부":"NA",
            "30분이내주요거점역":"NA",
            "30분거점역이름":"NA",
            "1시간이내주요거점역":"NA",
            "1시간거점역이름":"NA",
            "3km이내백화점수":0,
            "5km이내아울렛몰수":0,
            "1km이내대형먀트수":1,
            "500m이내은행수":0,
            "500m이내병원수":3,
            "5km이내대형병원수":2,
            "500m이내공원수":2,
            "3km이내혐오시설수":1,
            "초등학교학업성취도":89.98,
            "중학교학업성취도":73.4,
            "용적률":802,
            "건폐율":63,
            "Y":38.188318,
            "X":128.601009,
            "rank":21.0,
            "area_info":"33평(109.76), 33평(110.86), 37평(123.23), 37평(124.44)",
            "last_sales":"2021-12-06,64000.0,37평(124.44)",
            "rank_history":[
                [
                    "202202",
                    21
                ],
                [
                    "202201",
                    22
                ]
            ],
            "rank_gap":1
        },
        {
            "index":140,
            "아파트명":"부영3차",
            "투자타입":"일반",
            "전용면적(m2)":"80.6",
            "전용면적(평)":"24평",
            "법정동주소":"강원도 속초시 조양동 1499",
            "도로명주소":"강원도 속초시 소평로 162",
            "세대수":90,
            "입주년차":0,
            "용적률점수":"--",
            "건폐율점수":"--",
            "세대당주차수":0,
            "난방방식":30,
            "공급면적":"--",
            "전용률":"--",
            "욕실수":50,
            "현관타입":10,
            "주거총점":40.5,
            "지역구공급총점":0.0,
            "역세권":"NA",
            "30분내 이동가능 거점":"NA",
            "1시간내 이동가능 거점":"NA",
            "교통총점":"NA",
            "백화점":0,
            "아울렛몰":0,
            "대형마트":80,
            "은행":0,
            "병원":60,
            "종합병원":100,
            "공원":100,
            "혐오시설":0,
            "인프라총점":41.0,
            "초등학군":89.99,
            "중학군":45.02,
            "학군총점":54.014,
            "인구수":8.74,
            "인구증감":4.96,
            "인구총점":7.606,
            "일자리":4.88,
            "소득수준":48,
            "일자리총점":17.816,
            "가치 총점":44.0785,
            "매매실거래년":20220119.0,
            "매매실거래가":21500.0,
            "전세실거래년":20220120.0,
            "전세실거래가":9000.0,
            "전세가율":41.86,
            "장기전세가율평균":74.98,
            "전세가율거품지수":33.12,
            "검색코드":6269,
            "세대수":1320,
            "준공년월":"1996-10-30",
            "준공년차":27,
            "가까운역이름":"NA",
            "가까운역거리":"NA",
            "역세권여부":"NA",
            "30분이내주요거점역":"NA",
            "30분거점역이름":"NA",
            "1시간이내주요거점역":"NA",
            "1시간거점역이름":"NA",
            "3km이내백화점수":0,
            "5km이내아울렛몰수":0,
            "1km이내대형먀트수":1,
            "500m이내은행수":0,
            "500m이내병원수":18,
            "5km이내대형병원수":2,
            "500m이내공원수":3,
            "3km이내혐오시설수":0,
            "초등학교학업성취도":89.99,
            "중학교학업성취도":74.1,
            "용적률":218,
            "건폐율":20,
            "Y":38.18994,
            "X":128.578821,
            "rank":22.0,
            "area_info":"24평(80.6), 31평(103.98), 47평(156.76), 58평(192.02)",
            "last_sales":"2022-01-19,21500.0,24평(80.6)",
            "rank_history":[
                [
                    "202202",
                    22
                ],
                [
                    "202201",
                    20
                ]
            ],
            "rank_gap":-2
        },
        {
            "index":46,
            "아파트명":"속초교동블루핀(도시형)",
            "투자타입":"일반",
            "전용면적(m2)":"27.08",
            "전용면적(평)":"8평",
            "법정동주소":"강원도 속초시 교동 658-42",
            "도로명주소":"강원도 속초시 교동로1길 17",
            "세대수":0,
            "입주년차":100,
            "용적률점수":"--",
            "건폐율점수":"--",
            "세대당주차수":0,
            "난방방식":30,
            "공급면적":"--",
            "전용률":"--",
            "욕실수":50,
            "현관타입":100,
            "주거총점":38.0,
            "지역구공급총점":0.0,
            "역세권":"NA",
            "30분내 이동가능 거점":"NA",
            "1시간내 이동가능 거점":"NA",
            "교통총점":"NA",
            "백화점":0,
            "아울렛몰":0,
            "대형마트":100,
            "은행":0,
            "병원":80,
            "종합병원":100,
            "공원":100,
            "혐오시설":0,
            "인프라총점":46.0,
            "초등학군":90.02,
            "중학군":34.42,
            "학군총점":45.54,
            "인구수":8.74,
            "인구증감":4.96,
            "인구총점":7.606,
            "일자리":4.88,
            "소득수준":48,
            "일자리총점":17.816,
            "가치 총점":43.085,
            "매매실거래년":20211228.0,
            "매매실거래가":12700.0,
            "전세실거래년":null,
            "전세실거래가":null,
            "전세가율":null,
            "장기전세가율평균":74.98,
            "전세가율거품지수":null,
            "검색코드":124671,
            "세대수":235,
            "준공년월":"2019-03-27",
            "준공년차":4,
            "가까운역이름":"NA",
            "가까운역거리":"NA",
            "역세권여부":"NA",
            "30분이내주요거점역":"NA",
            "30분거점역이름":"NA",
            "1시간이내주요거점역":"NA",
            "1시간거점역이름":"NA",
            "3km이내백화점수":0,
            "5km이내아울렛몰수":0,
            "1km이내대형먀트수":2,
            "500m이내은행수":1,
            "500m이내병원수":40,
            "5km이내대형병원수":2,
            "500m이내공원수":2,
            "3km이내혐오시설수":0,
            "초등학교학업성취도":90.02,
            "중학교학업성취도":57.1,
            "용적률":838,
            "건폐율":66,
            "Y":38.201052,
            "X":128.581439,
            "rank":23.0,
            "area_info":"8평(27.08), 8평(27.08), 13평(43.59), 13평(43.59)",
            "last_sales":"2021-12-28,12700.0,13평(43.59)",
            "rank_history":[
                [
                    "202202",
                    23
                ],
                [
                    "202201",
                    21
                ]
            ],
            "rank_gap":-2
        },
        {
            "index":147,
            "아파트명":"부영6차",
            "투자타입":"일반",
            "전용면적(m2)":"55.88",
            "전용면적(평)":"16평",
            "법정동주소":"강원도 속초시 조양동 1502",
            "도로명주소":"강원도 속초시 조양로 163",
            "세대수":50,
            "입주년차":0,
            "용적률점수":"--",
            "건폐율점수":"--",
            "세대당주차수":0,
            "난방방식":30,
            "공급면적":"--",
            "전용률":"--",
            "욕실수":50,
            "현관타입":100,
            "주거총점":35.5,
            "지역구공급총점":0.0,
            "역세권":"NA",
            "30분내 이동가능 거점":"NA",
            "1시간내 이동가능 거점":"NA",
            "교통총점":"NA",
            "백화점":0,
            "아울렛몰":0,
            "대형마트":80,
            "은행":0,
            "병원":60,
            "종합병원":100,
            "공원":100,
            "혐오시설":0,
            "인프라총점":41.0,
            "초등학군":90.0,
            "중학군":45.02,
            "학군총점":54.016,
            "인구수":8.74,
            "인구증감":4.96,
            "인구총점":7.606,
            "일자리":4.88,
            "소득수준":48,
            "일자리총점":17.816,
            "가치 총점":42.329,
            "매매실거래년":20220126.0,
            "매매실거래가":13000.0,
            "전세실거래년":20211028.0,
            "전세실거래가":10000.0,
            "전세가율":117.65,
            "장기전세가율평균":74.98,
            "전세가율거품지수":-42.67,
            "검색코드":114121,
            "세대수":440,
            "준공년월":"1995-07-24",
            "준공년차":28,
            "가까운역이름":"NA",
            "가까운역거리":"NA",
            "역세권여부":"NA",
            "30분이내주요거점역":"NA",
            "30분거점역이름":"NA",
            "1시간이내주요거점역":"NA",
            "1시간거점역이름":"NA",
            "3km이내백화점수":0,
            "5km이내아울렛몰수":0,
            "1km이내대형먀트수":1,
            "500m이내은행수":0,
            "500m이내병원수":10,
            "5km이내대형병원수":2,
            "500m이내공원수":3,
            "3km이내혐오시설수":0,
            "초등학교학업성취도":90.0,
            "중학교학업성취도":74.1,
            "용적률":195,
            "건폐율":22,
            "Y":38.187519,
            "X":128.581884,
            "rank":24.0,
            "area_info":"16평(55.88), 21평(69.85), 25평(83.82)",
            "last_sales":"2022-01-26,13000.0,25평(83.82)",
            "rank_history":[
                [
                    "202202",
                    24
                ],
                [
                    "202201",
                    26
                ]
            ],
            "rank_gap":2
        },
        {
            "index":150,
            "아파트명":"부영9차",
            "투자타입":"일반",
            "전용면적(m2)":"55.69",
            "전용면적(평)":"16평",
            "법정동주소":"강원도 속초시 조양동 1505",
            "도로명주소":"강원도 속초시 조양로142번길 13",
            "세대수":50,
            "입주년차":0,
            "용적률점수":"--",
            "건폐율점수":"--",
            "세대당주차수":0,
            "난방방식":30,
            "공급면적":"--",
            "전용률":"--",
            "욕실수":50,
            "현관타입":100,
            "주거총점":35.5,
            "지역구공급총점":0.0,
            "역세권":"NA",
            "30분내 이동가능 거점":"NA",
            "1시간내 이동가능 거점":"NA",
            "교통총점":"NA",
            "백화점":0,
            "아울렛몰":0,
            "대형마트":80,
            "은행":0,
            "병원":60,
            "종합병원":100,
            "공원":100,
            "혐오시설":0,
            "인프라총점":41.0,
            "초등학군":90.0,
            "중학군":45.02,
            "학군총점":54.016,
            "인구수":8.74,
            "인구증감":4.96,
            "인구총점":7.606,
            "일자리":4.88,
            "소득수준":48,
            "일자리총점":17.816,
            "가치 총점":42.329,
            "매매실거래년":20220111.0,
            "매매실거래가":16050.0,
            "전세실거래년":20200904.0,
            "전세실거래가":4636.0,
            "전세가율":45.01,
            "장기전세가율평균":74.98,
            "전세가율거품지수":29.97,
            "검색코드":114122,
            "세대수":440,
            "준공년월":"1995-07-24",
            "준공년차":28,
            "가까운역이름":"NA",
            "가까운역거리":"NA",
            "역세권여부":"NA",
            "30분이내주요거점역":"NA",
            "30분거점역이름":"NA",
            "1시간이내주요거점역":"NA",
            "1시간거점역이름":"NA",
            "3km이내백화점수":0,
            "5km이내아울렛몰수":0,
            "1km이내대형먀트수":1,
            "500m이내은행수":1,
            "500m이내병원수":10,
            "5km이내대형병원수":2,
            "500m이내공원수":4,
            "3km이내혐오시설수":0,
            "초등학교학업성취도":90.0,
            "중학교학업성취도":74.1,
            "용적률":235,
            "건폐율":25,
            "Y":38.188768,
            "X":128.58436,
            "rank":24.0,
            "area_info":"16평(55.69), 21평(69.61), 25평(83.54)",
            "last_sales":"2022-01-11,16050.0,21평(69.61)",
            "rank_history":[
                [
                    "202202",
                    24
                ],
                [
                    "202201",
                    26
                ]
            ],
            "rank_gap":2
        },
        {
            "index":66,
            "아파트명":"청초대우",
            "투자타입":"일반",
            "전용면적(m2)":"77.75",
            "전용면적(평)":"23평",
            "법정동주소":"강원도 속초시 교동 961",
            "도로명주소":"강원도 속초시 동해대로 4271",
            "세대수":50,
            "입주년차":0,
            "용적률점수":"--",
            "건폐율점수":"--",
            "세대당주차수":0,
            "난방방식":30,
            "공급면적":"--",
            "전용률":"--",
            "욕실수":50,
            "현관타입":100,
            "주거총점":35.5,
            "지역구공급총점":0.0,
            "역세권":"NA",
            "30분내 이동가능 거점":"NA",
            "1시간내 이동가능 거점":"NA",
            "교통총점":"NA",
            "백화점":0,
            "아울렛몰":0,
            "대형마트":80,
            "은행":0,
            "병원":60,
            "종합병원":100,
            "공원":100,
            "혐오시설":0,
            "인프라총점":41.0,
            "초등학군":89.99,
            "중학군":45.02,
            "학군총점":54.014,
            "인구수":8.74,
            "인구증감":4.96,
            "인구총점":7.606,
            "일자리":4.88,
            "소득수준":48,
            "일자리총점":17.816,
            "가치 총점":42.3285,
            "매매실거래년":20220126.0,
            "매매실거래가":24700.0,
            "전세실거래년":20180712.0,
            "전세실거래가":10000.0,
            "전세가율":58.82,
            "장기전세가율평균":74.98,
            "전세가율거품지수":16.16,
            "검색코드":9532,
            "세대수":535,
            "준공년월":"1998-06-30",
            "준공년차":25,
            "가까운역이름":"NA",
            "가까운역거리":"NA",
            "역세권여부":"NA",
            "30분이내주요거점역":"NA",
            "30분거점역이름":"NA",
            "1시간이내주요거점역":"NA",
            "1시간거점역이름":"NA",
            "3km이내백화점수":0,
            "5km이내아울렛몰수":0,
            "1km이내대형먀트수":1,
            "500m이내은행수":0,
            "500m이내병원수":24,
            "5km이내대형병원수":2,
            "500m이내공원수":3,
            "3km이내혐오시설수":0,
            "초등학교학업성취도":89.99,
            "중학교학업성취도":74.1,
            "용적률":214,
            "건폐율":21,
            "Y":38.197136,
            "X":128.573912,
            "rank":25.0,
            "area_info":"23평(77.75), 23평(77.72), 26평(88.85), 31평(104.82), 32평(107.48)",
            "last_sales":"2022-01-26,24700.0,32평(107.48)",
            "rank_history":[
                [
                    "202202",
                    25
                ],
                [
                    "202201",
                    24
                ]
            ],
            "rank_gap":-1
        },
        {
            "index":63,
            "아파트명":"속초석미모닝파크",
            "투자타입":"일반",
            "전용면적(m2)":"100.76",
            "전용면적(평)":"30평",
            "법정동주소":"강원도 속초시 교동 984",
            "도로명주소":"강원도 속초시 수복로 12",
            "세대수":0,
            "입주년차":40,
            "용적률점수":"--",
            "건폐율점수":"--",
            "세대당주차수":30,
            "난방방식":30,
            "공급면적":"--",
            "전용률":"--",
            "욕실수":100,
            "현관타입":100,
            "주거총점":35.5,
            "지역구공급총점":0.0,
            "역세권":"NA",
            "30분내 이동가능 거점":"NA",
            "1시간내 이동가능 거점":"NA",
            "교통총점":"NA",
            "백화점":0,
            "아울렛몰":0,
            "대형마트":80,
            "은행":0,
            "병원":60,
            "종합병원":100,
            "공원":100,
            "혐오시설":0,
            "인프라총점":41.0,
            "초등학군":89.99,
            "중학군":45.02,
            "학군총점":54.014,
            "인구수":8.74,
            "인구증감":4.96,
            "인구총점":7.606,
            "일자리":4.88,
            "소득수준":48,
            "일자리총점":17.816,
            "가치 총점":42.3285,
            "매매실거래년":20220126.0,
            "매매실거래가":23000.0,
            "전세실거래년":20211223.0,
            "전세실거래가":20000.0,
            "전세가율":86.96,
            "장기전세가율평균":74.98,
            "전세가율거품지수":-11.98,
            "검색코드":103901,
            "세대수":210,
            "준공년월":"2005-07-05",
            "준공년차":18,
            "가까운역이름":"NA",
            "가까운역거리":"NA",
            "역세권여부":"NA",
            "30분이내주요거점역":"NA",
            "30분거점역이름":"NA",
            "1시간이내주요거점역":"NA",
            "1시간거점역이름":"NA",
            "3km이내백화점수":0,
            "5km이내아울렛몰수":0,
            "1km이내대형먀트수":1,
            "500m이내은행수":0,
            "500m이내병원수":28,
            "5km이내대형병원수":2,
            "500m이내공원수":2,
            "3km이내혐오시설수":0,
            "초등학교학업성취도":89.99,
            "중학교학업성취도":74.1,
            "용적률":219,
            "건폐율":20,
            "Y":38.194585,
            "X":128.575958,
            "rank":25.0,
            "area_info":"30평(100.76)",
            "last_sales":"2022-01-26,23000.0,30평(100.76)",
            "rank_history":[
                [
                    "202202",
                    25
                ],
                [
                    "202201",
                    24
                ]
            ],
            "rank_gap":-1
        },
        {
            "index":138,
            "아파트명":"부영1차",
            "투자타입":"일반",
            "전용면적(m2)":"106.5",
            "전용면적(평)":"32평",
            "법정동주소":"강원도 속초시 조양동 1540",
            "도로명주소":"강원도 속초시 조양로142번길 12",
            "세대수":0,
            "입주년차":0,
            "용적률점수":"--",
            "건폐율점수":"--",
            "세대당주차수":80,
            "난방방식":30,
            "공급면적":"--",
            "전용률":"--",
            "욕실수":100,
            "현관타입":100,
            "주거총점":35.0,
            "지역구공급총점":0.0,
            "역세권":"NA",
            "30분내 이동가능 거점":"NA",
            "1시간내 이동가능 거점":"NA",
            "교통총점":"NA",
            "백화점":0,
            "아울렛몰":0,
            "대형마트":100,
            "은행":0,
            "병원":30,
            "종합병원":100,
            "공원":100,
            "혐오시설":0,
            "인프라총점":41.0,
            "초등학군":90.0,
            "중학군":45.02,
            "학군총점":54.016,
            "인구수":8.74,
            "인구증감":4.96,
            "인구총점":7.606,
            "일자리":4.88,
            "소득수준":48,
            "일자리총점":17.816,
            "가치 총점":42.154,
            "매매실거래년":20220125.0,
            "매매실거래가":25000.0,
            "전세실거래년":20210626.0,
            "전세실거래가":15700.0,
            "전세가율":62.8,
            "장기전세가율평균":74.98,
            "전세가율거품지수":12.18,
            "검색코드":100769,
            "세대수":120,
            "준공년월":"1998-11-12",
            "준공년차":25,
            "가까운역이름":"NA",
            "가까운역거리":"NA",
            "역세권여부":"NA",
            "30분이내주요거점역":"NA",
            "30분거점역이름":"NA",
            "1시간이내주요거점역":"NA",
            "1시간거점역이름":"NA",
            "3km이내백화점수":0,
            "5km이내아울렛몰수":0,
            "1km이내대형먀트수":2,
            "500m이내은행수":1,
            "500m이내병원수":7,
            "5km이내대형병원수":2,
            "500m이내공원수":4,
            "3km이내혐오시설수":0,
            "초등학교학업성취도":90.0,
            "중학교학업성취도":74.1,
            "용적률":0,
            "건폐율":0,
            "Y":38.188544,
            "X":128.586036,
            "rank":26.0,
            "area_info":"32평(106.5)",
            "last_sales":"2022-01-25,25000.0,32평(106.5)",
            "rank_history":[
                [
                    "202202",
                    26
                ],
                [
                    "202201",
                    25
                ]
            ],
            "rank_gap":-1
        },
        {
            "index":87,
            "아파트명":"생모리츠",
            "투자타입":"일반",
            "전용면적(m2)":"60.3",
            "전용면적(평)":"18평",
            "법정동주소":"강원도 속초시 금호동 630",
            "도로명주소":"강원도 속초시 수복로 174",
            "세대수":0,
            "입주년차":60,
            "용적률점수":"--",
            "건폐율점수":"--",
            "세대당주차수":0,
            "난방방식":30,
            "공급면적":"--",
            "전용률":"--",
            "욕실수":50,
            "현관타입":100,
            "주거총점":30.0,
            "지역구공급총점":0.0,
            "역세권":"NA",
            "30분내 이동가능 거점":"NA",
            "1시간내 이동가능 거점":"NA",
            "교통총점":"NA",
            "백화점":0,
            "아울렛몰":0,
            "대형마트":80,
            "은행":0,
            "병원":80,
            "종합병원":100,
            "공원":100,
            "혐오시설":0,
            "인프라총점":43.0,
            "초등학군":90.02,
            "중학군":44.84,
            "학군총점":53.876,
            "인구수":8.74,
            "인구증감":4.96,
            "인구총점":7.606,
            "일자리":4.88,
            "소득수준":48,
            "일자리총점":17.816,
            "가치 총점":41.169,
            "매매실거래년":20211125.0,
            "매매실거래가":37000.0,
            "전세실거래년":20210203.0,
            "전세실거래가":13000.0,
            "전세가율":78.79,
            "장기전세가율평균":74.98,
            "전세가율거품지수":-3.81,
            "검색코드":23207,
            "세대수":251,
            "준공년월":"2011-12-05",
            "준공년차":12,
            "가까운역이름":"NA",
            "가까운역거리":"NA",
            "역세권여부":"NA",
            "30분이내주요거점역":"NA",
            "30분거점역이름":"NA",
            "1시간이내주요거점역":"NA",
            "1시간거점역이름":"NA",
            "3km이내백화점수":0,
            "5km이내아울렛몰수":0,
            "1km이내대형먀트수":1,
            "500m이내은행수":0,
            "500m이내병원수":36,
            "5km이내대형병원수":2,
            "500m이내공원수":2,
            "3km이내혐오시설수":0,
            "초등학교학업성취도":90.02,
            "중학교학업성취도":73.4,
            "용적률":333,
            "건폐율":22,
            "Y":38.203379,
            "X":128.588644,
            "rank":27.0,
            "area_info":"18평(60.3), 26평(87.09), 33평(109.4), 50평(165.87)",
            "last_sales":"2021-11-25,37000.0,50평(165.87)",
            "rank_history":[
                [
                    "202202",
                    27
                ],
                [
                    "202201",
                    27
                ]
            ],
            "rank_gap":0
        },
        {
            "index":207,
            "아파트명":"속초조양코아루",
            "투자타입":"일반",
            "전용면적(m2)":"109.22",
            "전용면적(평)":"33평",
            "법정동주소":"강원도 속초시 조양동 1563",
            "도로명주소":"강원도 속초시 청대마을길 20",
            "세대수":0,
            "입주년차":40,
            "용적률점수":"--",
            "건폐율점수":"--",
            "세대당주차수":30,
            "난방방식":30,
            "공급면적":"--",
            "전용률":"--",
            "욕실수":100,
            "현관타입":100,
            "주거총점":35.5,
            "지역구공급총점":0.0,
            "역세권":"NA",
            "30분내 이동가능 거점":"NA",
            "1시간내 이동가능 거점":"NA",
            "교통총점":"NA",
            "백화점":0,
            "아울렛몰":0,
            "대형마트":80,
            "은행":0,
            "병원":0,
            "종합병원":100,
            "공원":100,
            "혐오시설":0,
            "인프라총점":35.0,
            "초등학군":89.99,
            "중학군":45.02,
            "학군총점":54.014,
            "인구수":8.74,
            "인구증감":4.96,
            "인구총점":7.606,
            "일자리":4.88,
            "소득수준":48,
            "일자리총점":17.816,
            "가치 총점":39.9285,
            "매매실거래년":20220120.0,
            "매매실거래가":30000.0,
            "전세실거래년":20210826.0,
            "전세실거래가":2000.0,
            "전세가율":6.67,
            "장기전세가율평균":74.98,
            "전세가율거품지수":68.31,
            "검색코드":22952,
            "세대수":224,
            "준공년월":"2006-10-27",
            "준공년차":17,
            "가까운역이름":"NA",
            "가까운역거리":"NA",
            "역세권여부":"NA",
            "30분이내주요거점역":"NA",
            "30분거점역이름":"NA",
            "1시간이내주요거점역":"NA",
            "1시간거점역이름":"NA",
            "3km이내백화점수":0,
            "5km이내아울렛몰수":0,
            "1km이내대형먀트수":1,
            "500m이내은행수":0,
            "500m이내병원수":0,
            "5km이내대형병원수":2,
            "500m이내공원수":2,
            "3km이내혐오시설수":0,
            "초등학교학업성취도":89.99,
            "중학교학업성취도":74.1,
            "용적률":224,
            "건폐율":19,
            "Y":38.187785,
            "X":128.571749,
            "rank":28.0,
            "area_info":"33평(109.22), 33평(110.5), 46평(152.51)",
            "last_sales":"2022-01-20,30000.0,33평(109.22)",
            "rank_history":[
                [
                    "202202",
                    28
                ],
                [
                    "202201",
                    27
                ]
            ],
            "rank_gap":-1
        },
        {
            "index":96,
            "아파트명":"속초테르바움",
            "투자타입":"일반",
            "전용면적(m2)":"95.3",
            "전용면적(평)":"28평",
            "법정동주소":"강원도 속초시 노학동 1326",
            "도로명주소":"강원도 속초시 관광로 344",
            "세대수":0,
            "입주년차":100,
            "용적률점수":"--",
            "건폐율점수":"--",
            "세대당주차수":60,
            "난방방식":30,
            "공급면적":"--",
            "전용률":"--",
            "욕실수":100,
            "현관타입":100,
            "주거총점":52.0,
            "지역구공급총점":0.0,
            "역세권":"NA",
            "30분내 이동가능 거점":"NA",
            "1시간내 이동가능 거점":"NA",
            "교통총점":"NA",
            "백화점":0,
            "아울렛몰":0,
            "대형마트":0,
            "은행":0,
            "병원":0,
            "종합병원":100,
            "공원":0,
            "혐오시설":0,
            "인프라총점":20.0,
            "초등학군":89.99,
            "중학군":45.02,
            "학군총점":54.014,
            "인구수":8.74,
            "인구증감":4.96,
            "인구총점":7.606,
            "일자리":4.88,
            "소득수준":48,
            "일자리총점":17.816,
            "가치 총점":39.7035,
            "매매실거래년":"18000101",
            "매매실거래가":null,
            "전세실거래년":null,
            "전세실거래가":null,
            "전세가율":null,
            "장기전세가율평균":74.98,
            "전세가율거품지수":null,
            "검색코드":124946,
            "세대수":199,
            "준공년월":"2020-04-01",
            "준공년차":3,
            "가까운역이름":"NA",
            "가까운역거리":"NA",
            "역세권여부":"NA",
            "30분이내주요거점역":"NA",
            "30분거점역이름":"NA",
            "1시간이내주요거점역":"NA",
            "1시간거점역이름":"NA",
            "3km이내백화점수":0,
            "5km이내아울렛몰수":0,
            "1km이내대형먀트수":0,
            "500m이내은행수":0,
            "500m이내병원수":0,
            "5km이내대형병원수":2,
            "500m이내공원수":0,
            "3km이내혐오시설수":0,
            "초등학교학업성취도":89.99,
            "중학교학업성취도":74.1,
            "용적률":0,
            "건폐율":0,
            "Y":38.190859,
            "X":128.542424,
            "rank":29.0,
            "area_info":"28평(95.3), 29평(96.11), 32평(108.12), 42평(138.96), 44평(145.59)",
            "last_sales":"1800-01-01,nan,28평(95.3)",
            "rank_history":[
                [
                    "202202",
                    29
                ],
                [
                    "202201",
                    29
                ]
            ],
            "rank_gap":0
        },
        {
            "index":153,
            "아파트명":"삼성쉐르빌",
            "투자타입":"일반",
            "전용면적(m2)":"110.38",
            "전용면적(평)":"33평",
            "법정동주소":"강원도 속초시 조양동 1561",
            "도로명주소":"강원도 속초시 청대로 207",
            "세대수":0,
            "입주년차":40,
            "용적률점수":"--",
            "건폐율점수":"--",
            "세대당주차수":30,
            "난방방식":30,
            "공급면적":"--",
            "전용률":"--",
            "욕실수":100,
            "현관타입":100,
            "주거총점":35.5,
            "지역구공급총점":0.0,
            "역세권":"NA",
            "30분내 이동가능 거점":"NA",
            "1시간내 이동가능 거점":"NA",
            "교통총점":"NA",
            "백화점":0,
            "아울렛몰":0,
            "대형마트":80,
            "은행":0,
            "병원":0,
            "종합병원":100,
            "공원":80,
            "혐오시설":0,
            "인프라총점":34.4,
            "초등학군":89.99,
            "중학군":45.02,
            "학군총점":54.014,
            "인구수":8.74,
            "인구증감":4.96,
            "인구총점":7.606,
            "일자리":4.88,
            "소득수준":48,
            "일자리총점":17.816,
            "가치 총점":39.6885,
            "매매실거래년":20211217.0,
            "매매실거래가":30000.0,
            "전세실거래년":20210831.0,
            "전세실거래가":16800.0,
            "전세가율":56.0,
            "장기전세가율평균":74.98,
            "전세가율거품지수":18.98,
            "검색코드":22093,
            "세대수":226,
            "준공년월":"2006-10-13",
            "준공년차":17,
            "가까운역이름":"NA",
            "가까운역거리":"NA",
            "역세권여부":"NA",
            "30분이내주요거점역":"NA",
            "30분거점역이름":"NA",
            "1시간이내주요거점역":"NA",
            "1시간거점역이름":"NA",
            "3km이내백화점수":0,
            "5km이내아울렛몰수":0,
            "1km이내대형먀트수":1,
            "500m이내은행수":0,
            "500m이내병원수":0,
            "5km이내대형병원수":2,
            "500m이내공원수":1,
            "3km이내혐오시설수":0,
            "초등학교학업성취도":89.99,
            "중학교학업성취도":74.1,
            "용적률":219,
            "건폐율":21,
            "Y":38.186034,
            "X":128.576153,
            "rank":30.0,
            "area_info":"33평(110.38), 49평(163.02), 49평(165.25)",
            "last_sales":"2021-12-17,30000.0,33평(110.38)",
            "rank_history":[
                [
                    "202202",
                    30
                ],
                [
                    "202201",
                    28
                ]
            ],
            "rank_gap":-2
        },
        {
            "index":86,
            "아파트명":"보람레이크더하임",
            "투자타입":"일반",
            "전용면적(m2)":"180.89",
            "전용면적(평)":"54평",
            "법정동주소":"강원도 속초시 금호동 629",
            "도로명주소":"강원도 속초시 영랑호반길 115-13",
            "세대수":0,
            "입주년차":40,
            "용적률점수":"--",
            "건폐율점수":"--",
            "세대당주차수":80,
            "난방방식":30,
            "공급면적":"--",
            "전용률":"--",
            "욕실수":100,
            "현관타입":10,
            "주거총점":34.0,
            "지역구공급총점":0.0,
            "역세권":"NA",
            "30분내 이동가능 거점":"NA",
            "1시간내 이동가능 거점":"NA",
            "교통총점":"NA",
            "백화점":0,
            "아울렛몰":0,
            "대형마트":80,
            "은행":0,
            "병원":0,
            "종합병원":100,
            "공원":100,
            "혐오시설":0,
            "인프라총점":35.0,
            "초등학군":90.02,
            "중학군":44.84,
            "학군총점":53.876,
            "인구수":8.74,
            "인구증감":4.96,
            "인구총점":7.606,
            "일자리":4.88,
            "소득수준":48,
            "일자리총점":17.816,
            "가치 총점":39.369,
            "매매실거래년":20211210.0,
            "매매실거래가":42500.0,
            "전세실거래년":20211105.0,
            "전세실거래가":28000.0,
            "전세가율":65.88,
            "장기전세가율평균":74.98,
            "전세가율거품지수":9.1,
            "검색코드":102723,
            "세대수":110,
            "준공년월":"2008-05-01",
            "준공년차":15,
            "가까운역이름":"NA",
            "가까운역거리":"NA",
            "역세권여부":"NA",
            "30분이내주요거점역":"NA",
            "30분거점역이름":"NA",
            "1시간이내주요거점역":"NA",
            "1시간거점역이름":"NA",
            "3km이내백화점수":0,
            "5km이내아울렛몰수":0,
            "1km이내대형먀트수":1,
            "500m이내은행수":0,
            "500m이내병원수":0,
            "5km이내대형병원수":2,
            "500m이내공원수":2,
            "3km이내혐오시설수":0,
            "초등학교학업성취도":90.02,
            "중학교학업성취도":73.4,
            "용적률":250,
            "건폐율":21,
            "Y":38.211301,
            "X":128.582633,
            "rank":31.0,
            "area_info":"54평(180.89)",
            "last_sales":"2021-12-10,42500.0,54평(180.89)",
            "rank_history":[
                [
                    "202202",
                    31
                ],
                [
                    "202201",
                    41
                ]
            ],
            "rank_gap":10
        },
        {
            "index":210,
            "아파트명":"속초조양코아루아리스타(도시형)",
            "투자타입":"일반",
            "전용면적(m2)":"33.31",
            "전용면적(평)":"10평",
            "법정동주소":"강원도 속초시 조양동 1411-146",
            "도로명주소":"강원도 속초시 동해대로 4008",
            "세대수":0,
            "입주년차":100,
            "용적률점수":"--",
            "건폐율점수":"--",
            "세대당주차수":0,
            "난방방식":30,
            "공급면적":"--",
            "전용률":"--",
            "욕실수":50,
            "현관타입":10,
            "주거총점":29.0,
            "지역구공급총점":0.0,
            "역세권":"NA",
            "30분내 이동가능 거점":"NA",
            "1시간내 이동가능 거점":"NA",
            "교통총점":"NA",
            "백화점":0,
            "아울렛몰":0,
            "대형마트":80,
            "은행":0,
            "병원":30,
            "종합병원":100,
            "공원":100,
            "혐오시설":0,
            "인프라총점":38.0,
            "초등학군":89.98,
            "중학군":44.84,
            "학군총점":53.868,
            "인구수":8.74,
            "인구증감":4.96,
            "인구총점":7.606,
            "일자리":4.88,
            "소득수준":48,
            "일자리총점":17.816,
            "가치 총점":38.817,
            "매매실거래년":20211117.0,
            "매매실거래가":14900.0,
            "전세실거래년":20211207.0,
            "전세실거래가":11000.0,
            "전세가율":73.83,
            "장기전세가율평균":74.98,
            "전세가율거품지수":1.15,
            "검색코드":139949,
            "세대수":296,
            "준공년월":"2021-08-31",
            "준공년차":2,
            "가까운역이름":"NA",
            "가까운역거리":"NA",
            "역세권여부":"NA",
            "30분이내주요거점역":"NA",
            "30분거점역이름":"NA",
            "1시간이내주요거점역":"NA",
            "1시간거점역이름":"NA",
            "3km이내백화점수":0,
            "5km이내아울렛몰수":0,
            "1km이내대형먀트수":1,
            "500m이내은행수":0,
            "500m이내병원수":7,
            "5km이내대형병원수":2,
            "500m이내공원수":2,
            "3km이내혐오시설수":0,
            "초등학교학업성취도":89.98,
            "중학교학업성취도":73.4,
            "용적률":878,
            "건폐율":67,
            "Y":38.190404,
            "X":128.596412,
            "rank":32.0,
            "area_info":"10평(33.31), 10평(33.29), 10평(33.26), 10평(33.24), 10평(33.31), 10평(33.31), 10평(33.31), 10평(33.22), 10평(34.66), 10평(36.27), 15평(49.63), 15평(49.71), 16평(55.66), 19평(63.76), 19평(63.83), 20평(66.28), 22평(75.65)",
            "last_sales":"2021-11-17,14900.0,10평(33.31)",
            "rank_history":[
                [
                    "202202",
                    32
                ],
                [
                    "202201",
                    31
                ]
            ],
            "rank_gap":-1
        },
        {
            "index":80,
            "아파트명":"현대2차",
            "투자타입":"재건축",
            "전용면적(m2)":"90.08",
            "전용면적(평)":"27평",
            "법정동주소":"강원도 속초시 교동 781-6",
            "도로명주소":"강원도 속초시 미시령로3359번길 4",
            "세대수":0,
            "입주년차":"--",
            "용적률점수":60,
            "건폐율점수":100,
            "세대당주차수":"--",
            "난방방식":"--",
            "공급면적":70,
            "전용률":80,
            "욕실수":"--",
            "현관타입":"--",
            "주거총점":51.5,
            "지역구공급총점":0.0,
            "역세권":"NA",
            "30분내 이동가능 거점":"NA",
            "1시간내 이동가능 거점":"NA",
            "교통총점":"NA",
            "백화점":0,
            "아울렛몰":0,
            "대형마트":0,
            "은행":0,
            "병원":10,
            "종합병원":100,
            "공원":80,
            "혐오시설":0,
            "인프라총점":23.4,
            "초등학군":90.01,
            "중학군":34.42,
            "학군총점":45.538,
            "인구수":8.74,
            "인구증감":4.96,
            "인구총점":7.606,
            "일자리":4.88,
            "소득수준":48,
            "일자리총점":17.816,
            "가치 총점":38.7695,
            "매매실거래년":20211211.0,
            "매매실거래가":15900.0,
            "전세실거래년":20210831.0,
            "전세실거래가":10500.0,
            "전세가율":66.04,
            "장기전세가율평균":74.98,
            "전세가율거품지수":8.94,
            "검색코드":6254,
            "세대수":255,
            "준공년월":"1992-09-26",
            "준공년차":31,
            "가까운역이름":"NA",
            "가까운역거리":"NA",
            "역세권여부":"NA",
            "30분이내주요거점역":"NA",
            "30분거점역이름":"NA",
            "1시간이내주요거점역":"NA",
            "1시간거점역이름":"NA",
            "3km이내백화점수":0,
            "5km이내아울렛몰수":0,
            "1km이내대형먀트수":0,
            "500m이내은행수":0,
            "500m이내병원수":3,
            "5km이내대형병원수":2,
            "500m이내공원수":1,
            "3km이내혐오시설수":0,
            "초등학교학업성취도":90.01,
            "중학교학업성취도":57.1,
            "용적률":190,
            "건폐율":15,
            "Y":38.206394,
            "X":128.574635,
            "rank":33.0,
            "area_info":"27평(90.08), 31평(103.36), 43평(143.07)",
            "last_sales":"2021-12-11,15900.0,27평(90.08)",
            "rank_history":[
                [
                    "202202",
                    33
                ],
                [
                    "202201",
                    30
                ]
            ],
            "rank_gap":-3
        },
        {
            "index":231,
            "아파트명":"조양주공2단지",
            "투자타입":"일반",
            "전용면적(m2)":"55.08",
            "전용면적(평)":"16평",
            "법정동주소":"강원도 속초시 조양동 1215-1",
            "도로명주소":"강원도 속초시 온정로 24",
            "세대수":50,
            "입주년차":0,
            "용적률점수":"--",
            "건폐율점수":"--",
            "세대당주차수":0,
            "난방방식":30,
            "공급면적":"--",
            "전용률":"--",
            "욕실수":50,
            "현관타입":10,
            "주거총점":26.5,
            "지역구공급총점":0.0,
            "역세권":"NA",
            "30분내 이동가능 거점":"NA",
            "1시간내 이동가능 거점":"NA",
            "교통총점":"NA",
            "백화점":0,
            "아울렛몰":0,
            "대형마트":80,
            "은행":0,
            "병원":30,
            "종합병원":100,
            "공원":100,
            "혐오시설":0,
            "인프라총점":38.0,
            "초등학군":89.98,
            "중학군":44.84,
            "학군총점":53.868,
            "인구수":8.74,
            "인구증감":4.96,
            "인구총점":7.606,
            "일자리":4.88,
            "소득수준":48,
            "일자리총점":17.816,
            "가치 총점":37.942,
            "매매실거래년":20211215.0,
            "매매실거래가":11800.0,
            "전세실거래년":20211119.0,
            "전세실거래가":9000.0,
            "전세가율":76.27,
            "장기전세가율평균":74.98,
            "전세가율거품지수":-1.29,
            "검색코드":25736,
            "세대수":587,
            "준공년월":"1998-08-26",
            "준공년차":25,
            "가까운역이름":"NA",
            "가까운역거리":"NA",
            "역세권여부":"NA",
            "30분이내주요거점역":"NA",
            "30분거점역이름":"NA",
            "1시간이내주요거점역":"NA",
            "1시간거점역이름":"NA",
            "3km이내백화점수":0,
            "5km이내아울렛몰수":0,
            "1km이내대형먀트수":1,
            "500m이내은행수":0,
            "500m이내병원수":7,
            "5km이내대형병원수":2,
            "500m이내공원수":5,
            "3km이내혐오시설수":0,
            "초등학교학업성취도":89.98,
            "중학교학업성취도":73.4,
            "용적률":0,
            "건폐율":0,
            "Y":38.186448,
            "X":128.594375,
            "rank":34.0,
            "area_info":"16평(55.08), 20평(68.26)",
            "last_sales":"2021-12-15,11800.0,16평(55.08)",
            "rank_history":[
                [
                    "202202",
                    34
                ],
                [
                    "202201",
                    32
                ]
            ],
            "rank_gap":-2
        },
        {
            "index":77,
            "아파트명":"현대1차",
            "투자타입":"재건축",
            "전용면적(m2)":"91.94",
            "전용면적(평)":"27평",
            "법정동주소":"강원도 속초시 교동 618-10",
            "도로명주소":"강원도 속초시 미시령로3359번길 9",
            "세대수":50,
            "입주년차":"--",
            "용적률점수":60,
            "건폐율점수":0,
            "세대당주차수":"--",
            "난방방식":"--",
            "공급면적":70,
            "전용률":80,
            "욕실수":"--",
            "현관타입":"--",
            "주거총점":46.5,
            "지역구공급총점":0.0,
            "역세권":"NA",
            "30분내 이동가능 거점":"NA",
            "1시간내 이동가능 거점":"NA",
            "교통총점":"NA",
            "백화점":0,
            "아울렛몰":0,
            "대형마트":0,
            "은행":0,
            "병원":10,
            "종합병원":100,
            "공원":100,
            "혐오시설":0,
            "인프라총점":24.0,
            "초등학군":90.01,
            "중학군":34.42,
            "학군총점":45.538,
            "인구수":8.74,
            "인구증감":4.96,
            "인구총점":7.606,
            "일자리":4.88,
            "소득수준":48,
            "일자리총점":17.816,
            "가치 총점":37.2595,
            "매매실거래년":20220112.0,
            "매매실거래가":25000.0,
            "전세실거래년":20211026.0,
            "전세실거래가":16000.0,
            "전세가율":114.29,
            "장기전세가율평균":74.98,
            "전세가율거품지수":-39.31,
            "검색코드":6250,
            "세대수":445,
            "준공년월":"1991-11-25",
            "준공년차":32,
            "가까운역이름":"NA",
            "가까운역거리":"NA",
            "역세권여부":"NA",
            "30분이내주요거점역":"NA",
            "30분거점역이름":"NA",
            "1시간이내주요거점역":"NA",
            "1시간거점역이름":"NA",
            "3km이내백화점수":0,
            "5km이내아울렛몰수":0,
            "1km이내대형먀트수":0,
            "500m이내은행수":0,
            "500m이내병원수":3,
            "5km이내대형병원수":2,
            "500m이내공원수":2,
            "3km이내혐오시설수":0,
            "초등학교학업성취도":90.01,
            "중학교학업성취도":57.1,
            "용적률":188,
            "건폐율":0,
            "Y":38.207421,
            "X":128.572782,
            "rank":35.0,
            "area_info":"27평(91.94), 31평(104.09), 43평(143.46)",
            "last_sales":"2022-01-12,25000.0,43평(143.46)",
            "rank_history":[
                [
                    "202202",
                    35
                ],
                [
                    "202201",
                    33
                ]
            ],
            "rank_gap":-2
        },
        {
            "index":32,
            "아파트명":"명지미래힐",
            "투자타입":"일반",
            "전용면적(m2)":"109.67",
            "전용면적(평)":"33평",
            "법정동주소":"강원도 속초시 교동 1027",
            "도로명주소":"강원도 속초시 미시령로3337번길 20",
            "세대수":30,
            "입주년차":40,
            "용적률점수":"--",
            "건폐율점수":"--",
            "세대당주차수":30,
            "난방방식":30,
            "공급면적":"--",
            "전용률":"--",
            "욕실수":100,
            "현관타입":100,
            "주거총점":46.0,
            "지역구공급총점":0.0,
            "역세권":"NA",
            "30분내 이동가능 거점":"NA",
            "1시간내 이동가능 거점":"NA",
            "교통총점":"NA",
            "백화점":0,
            "아울렛몰":0,
            "대형마트":0,
            "은행":0,
            "병원":0,
            "종합병원":100,
            "공원":100,
            "혐오시설":0,
            "인프라총점":23.0,
            "초등학군":90.01,
            "중학군":34.42,
            "학군총점":45.538,
            "인구수":8.74,
            "인구증감":4.96,
            "인구총점":7.606,
            "일자리":4.88,
            "소득수준":48,
            "일자리총점":17.816,
            "가치 총점":36.6845,
            "매매실거래년":20211210.0,
            "매매실거래가":21800.0,
            "전세실거래년":20210811.0,
            "전세실거래가":16000.0,
            "전세가율":73.39,
            "장기전세가율평균":74.98,
            "전세가율거품지수":1.59,
            "검색코드":19362,
            "세대수":377,
            "준공년월":"2006-08-04",
            "준공년차":17,
            "가까운역이름":"NA",
            "가까운역거리":"NA",
            "역세권여부":"NA",
            "30분이내주요거점역":"NA",
            "30분거점역이름":"NA",
            "1시간이내주요거점역":"NA",
            "1시간거점역이름":"NA",
            "3km이내백화점수":0,
            "5km이내아울렛몰수":0,
            "1km이내대형먀트수":0,
            "500m이내은행수":0,
            "500m이내병원수":1,
            "5km이내대형병원수":2,
            "500m이내공원수":3,
            "3km이내혐오시설수":0,
            "초등학교학업성취도":90.01,
            "중학교학업성취도":57.1,
            "용적률":220,
            "건폐율":20,
            "Y":38.206702,
            "X":128.570515,
            "rank":36.0,
            "area_info":"33평(109.67), 45평(151.95)",
            "last_sales":"2021-12-10,21800.0,33평(109.67)",
            "rank_history":[
                [
                    "202202",
                    36
                ],
                [
                    "202201",
                    34
                ]
            ],
            "rank_gap":-2
        },
        {
            "index":41,
            "아파트명":"설악현대",
            "투자타입":"재건축",
            "전용면적(m2)":"77.87",
            "전용면적(평)":"23평",
            "법정동주소":"강원도 속초시 교동 619-33",
            "도로명주소":"강원도 속초시 미시령로3389번길 10",
            "세대수":50,
            "입주년차":"--",
            "용적률점수":0,
            "건폐율점수":100,
            "세대당주차수":"--",
            "난방방식":"--",
            "공급면적":50,
            "전용률":80,
            "욕실수":"--",
            "현관타입":"--",
            "주거총점":41.5,
            "지역구공급총점":0.0,
            "역세권":"NA",
            "30분내 이동가능 거점":"NA",
            "1시간내 이동가능 거점":"NA",
            "교통총점":"NA",
            "백화점":0,
            "아울렛몰":0,
            "대형마트":0,
            "은행":0,
            "병원":10,
            "종합병원":100,
            "공원":80,
            "혐오시설":0,
            "인프라총점":23.4,
            "초등학군":90.01,
            "중학군":41.1,
            "학군총점":50.882,
            "인구수":8.74,
            "인구증감":4.96,
            "인구총점":7.606,
            "일자리":4.88,
            "소득수준":48,
            "일자리총점":17.816,
            "가치 총점":36.6055,
            "매매실거래년":20220124.0,
            "매매실거래가":18400.0,
            "전세실거래년":20210903.0,
            "전세실거래가":8000.0,
            "전세가율":88.89,
            "장기전세가율평균":74.98,
            "전세가율거품지수":-13.91,
            "검색코드":6239,
            "세대수":423,
            "준공년월":"1992-05-01",
            "준공년차":31,
            "가까운역이름":"NA",
            "가까운역거리":"NA",
            "역세권여부":"NA",
            "30분이내주요거점역":"NA",
            "30분거점역이름":"NA",
            "1시간이내주요거점역":"NA",
            "1시간거점역이름":"NA",
            "3km이내백화점수":0,
            "5km이내아울렛몰수":0,
            "1km이내대형먀트수":0,
            "500m이내은행수":0,
            "500m이내병원수":3,
            "5km이내대형병원수":2,
            "500m이내공원수":1,
            "3km이내혐오시설수":0,
            "초등학교학업성취도":90.01,
            "중학교학업성취도":67.3,
            "용적률":247,
            "건폐율":18,
            "Y":38.207863,
            "X":128.576451,
            "rank":37.0,
            "area_info":"23평(77.87), 26평(87.37), 27평(90.03), 31평(103.93), 31평(104.28)",
            "last_sales":"2022-01-24,18400.0,27평(90.03)",
            "rank_history":[
                [
                    "202202",
                    37
                ],
                [
                    "202201",
                    35
                ]
            ],
            "rank_gap":-2
        },
        {
            "index":50,
            "아파트명":"속초교동시티프라디움",
            "투자타입":"일반",
            "전용면적(m2)":"105.85",
            "전용면적(평)":"32평",
            "법정동주소":"강원도 속초시 교동 1030",
            "도로명주소":"강원도 속초시 미시령로 3307",
            "세대수":0,
            "입주년차":80,
            "용적률점수":"--",
            "건폐율점수":"--",
            "세대당주차수":30,
            "난방방식":30,
            "공급면적":"--",
            "전용률":"--",
            "욕실수":100,
            "현관타입":100,
            "주거총점":43.5,
            "지역구공급총점":0.0,
            "역세권":"NA",
            "30분내 이동가능 거점":"NA",
            "1시간내 이동가능 거점":"NA",
            "교통총점":"NA",
            "백화점":0,
            "아울렛몰":0,
            "대형마트":0,
            "은행":0,
            "병원":0,
            "종합병원":100,
            "공원":100,
            "혐오시설":0,
            "인프라총점":23.0,
            "초등학군":90.01,
            "중학군":34.42,
            "학군총점":45.538,
            "인구수":8.74,
            "인구증감":4.96,
            "인구총점":7.606,
            "일자리":4.88,
            "소득수준":48,
            "일자리총점":17.816,
            "가치 총점":35.8095,
            "매매실거래년":20211128.0,
            "매매실거래가":36000.0,
            "전세실거래년":20220113.0,
            "전세실거래가":30000.0,
            "전세가율":76.92,
            "장기전세가율평균":74.98,
            "전세가율거품지수":-1.94,
            "검색코드":113086,
            "세대수":274,
            "준공년월":"2018-08-17",
            "준공년차":5,
            "가까운역이름":"NA",
            "가까운역거리":"NA",
            "역세권여부":"NA",
            "30분이내주요거점역":"NA",
            "30분거점역이름":"NA",
            "1시간이내주요거점역":"NA",
            "1시간거점역이름":"NA",
            "3km이내백화점수":0,
            "5km이내아울렛몰수":0,
            "1km이내대형먀트수":0,
            "500m이내은행수":0,
            "500m이내병원수":1,
            "5km이내대형병원수":2,
            "500m이내공원수":4,
            "3km이내혐오시설수":0,
            "초등학교학업성취도":90.01,
            "중학교학업성취도":57.1,
            "용적률":261,
            "건폐율":15,
            "Y":38.205422,
            "X":128.568827,
            "rank":38.0,
            "area_info":"32평(105.85), 32평(105.89), 32평(106.94)",
            "last_sales":"2021-11-28,36000.0,32평(105.89)",
            "rank_history":[
                [
                    "202202",
                    38
                ],
                [
                    "202201",
                    36
                ]
            ],
            "rank_gap":-2
        },
        {
            "index":109,
            "아파트명":"대명타워영랑호",
            "투자타입":"일반",
            "전용면적(m2)":"83.81",
            "전용면적(평)":"25평",
            "법정동주소":"강원도 속초시 동명동 512",
            "도로명주소":"강원도 속초시 영랑호반길 103",
            "세대수":0,
            "입주년차":0,
            "용적률점수":"--",
            "건폐율점수":"--",
            "세대당주차수":0,
            "난방방식":30,
            "공급면적":"--",
            "전용률":"--",
            "욕실수":100,
            "현관타입":100,
            "주거총점":23.0,
            "지역구공급총점":0.0,
            "역세권":"NA",
            "30분내 이동가능 거점":"NA",
            "1시간내 이동가능 거점":"NA",
            "교통총점":"NA",
            "백화점":0,
            "아울렛몰":0,
            "대형마트":80,
            "은행":0,
            "병원":0,
            "종합병원":100,
            "공원":100,
            "혐오시설":0,
            "인프라총점":35.0,
            "초등학군":90.02,
            "중학군":44.84,
            "학군총점":53.876,
            "인구수":8.74,
            "인구증감":4.96,
            "인구총점":7.606,
            "일자리":4.88,
            "소득수준":48,
            "일자리총점":17.816,
            "가치 총점":35.519,
            "매매실거래년":20220119.0,
            "매매실거래가":16500.0,
            "전세실거래년":20220125.0,
            "전세실거래가":7000.0,
            "전세가율":42.42,
            "장기전세가율평균":74.98,
            "전세가율거품지수":32.56,
            "검색코드":6265,
            "세대수":188,
            "준공년월":"1997-11-15",
            "준공년차":26,
            "가까운역이름":"NA",
            "가까운역거리":"NA",
            "역세권여부":"NA",
            "30분이내주요거점역":"NA",
            "30분거점역이름":"NA",
            "1시간이내주요거점역":"NA",
            "1시간거점역이름":"NA",
            "3km이내백화점수":0,
            "5km이내아울렛몰수":0,
            "1km이내대형먀트수":1,
            "500m이내은행수":0,
            "500m이내병원수":0,
            "5km이내대형병원수":2,
            "500m이내공원수":2,
            "3km이내혐오시설수":0,
            "초등학교학업성취도":90.02,
            "중학교학업성취도":73.4,
            "용적률":299,
            "건폐율":24,
            "Y":38.211464,
            "X":128.584176,
            "rank":39.0,
            "area_info":"25평(83.81), 31평(102.57)",
            "last_sales":"2022-01-19,16500.0,25평(83.81)",
            "rank_history":[
                [
                    "202202",
                    39
                ],
                [
                    "202201",
                    37
                ]
            ],
            "rank_gap":-2
        },
        {
            "index":139,
            "아파트명":"부영2차",
            "투자타입":"일반",
            "전용면적(m2)":"68.08",
            "전용면적(평)":"20평",
            "법정동주소":"강원도 속초시 조양동 1540-1",
            "도로명주소":"강원도 속초시 조양로142번길 6",
            "세대수":0,
            "입주년차":0,
            "용적률점수":"--",
            "건폐율점수":"--",
            "세대당주차수":0,
            "난방방식":30,
            "공급면적":"--",
            "전용률":"--",
            "욕실수":50,
            "현관타입":100,
            "주거총점":18.0,
            "지역구공급총점":0.0,
            "역세권":"NA",
            "30분내 이동가능 거점":"NA",
            "1시간내 이동가능 거점":"NA",
            "교통총점":"NA",
            "백화점":0,
            "아울렛몰":0,
            "대형마트":100,
            "은행":0,
            "병원":10,
            "종합병원":100,
            "공원":100,
            "혐오시설":0,
            "인프라총점":39.0,
            "초등학군":90.0,
            "중학군":45.02,
            "학군총점":54.016,
            "인구수":8.74,
            "인구증감":4.96,
            "인구총점":7.606,
            "일자리":4.88,
            "소득수준":48,
            "일자리총점":17.816,
            "가치 총점":35.404,
            "매매실거래년":20220108.0,
            "매매실거래가":14000.0,
            "전세실거래년":20220118.0,
            "전세실거래가":9000.0,
            "전세가율":64.29,
            "장기전세가율평균":74.98,
            "전세가율거품지수":10.69,
            "검색코드":112705,
            "세대수":220,
            "준공년월":"1997-10-01",
            "준공년차":26,
            "가까운역이름":"NA",
            "가까운역거리":"NA",
            "역세권여부":"NA",
            "30분이내주요거점역":"NA",
            "30분거점역이름":"NA",
            "1시간이내주요거점역":"NA",
            "1시간거점역이름":"NA",
            "3km이내백화점수":0,
            "5km이내아울렛몰수":0,
            "1km이내대형먀트수":2,
            "500m이내은행수":1,
            "500m이내병원수":3,
            "5km이내대형병원수":2,
            "500m이내공원수":4,
            "3km이내혐오시설수":0,
            "초등학교학업성취도":90.0,
            "중학교학업성취도":74.1,
            "용적률":0,
            "건폐율":0,
            "Y":38.187842,
            "X":128.585848,
            "rank":40.0,
            "area_info":"20평(68.08)",
            "last_sales":"2022-01-08,14000.0,20평(68.08)",
            "rank_history":[
                [
                    "202202",
                    40
                ],
                [
                    "202201",
                    38
                ]
            ],
            "rank_gap":-2
        },
        {
            "index":16,
            "아파트명":"대명늘푸른",
            "투자타입":"일반",
            "전용면적(m2)":"52.48",
            "전용면적(평)":"15평",
            "법정동주소":"강원도 속초시 교동 783",
            "도로명주소":"강원도 속초시 미시령로3337번길 7",
            "세대수":80,
            "입주년차":20,
            "용적률점수":"--",
            "건폐율점수":"--",
            "세대당주차수":0,
            "난방방식":30,
            "공급면적":"--",
            "전용률":"--",
            "욕실수":50,
            "현관타입":10,
            "주거총점":41.0,
            "지역구공급총점":0.0,
            "역세권":"NA",
            "30분내 이동가능 거점":"NA",
            "1시간내 이동가능 거점":"NA",
            "교통총점":"NA",
            "백화점":0,
            "아울렛몰":0,
            "대형마트":0,
            "은행":0,
            "병원":10,
            "종합병원":100,
            "공원":100,
            "혐오시설":0,
            "인프라총점":24.0,
            "초등학군":90.01,
            "중학군":34.42,
            "학군총점":45.538,
            "인구수":8.74,
            "인구증감":4.96,
            "인구총점":7.606,
            "일자리":4.88,
            "소득수준":48,
            "일자리총점":17.816,
            "가치 총점":35.3345,
            "매매실거래년":20220126.0,
            "매매실거래가":9500.0,
            "전세실거래년":20211218.0,
            "전세실거래가":7000.0,
            "전세가율":73.68,
            "장기전세가율평균":74.98,
            "전세가율거품지수":1.3,
            "검색코드":6188,
            "세대수":817,
            "준공년월":"2000-09-09",
            "준공년차":23,
            "가까운역이름":"NA",
            "가까운역거리":"NA",
            "역세권여부":"NA",
            "30분이내주요거점역":"NA",
            "30분거점역이름":"NA",
            "1시간이내주요거점역":"NA",
            "1시간거점역이름":"NA",
            "3km이내백화점수":0,
            "5km이내아울렛몰수":0,
            "1km이내대형먀트수":0,
            "500m이내은행수":0,
            "500m이내병원수":2,
            "5km이내대형병원수":2,
            "500m이내공원수":4,
            "3km이내혐오시설수":0,
            "초등학교학업성취도":90.01,
            "중학교학업성취도":57.1,
            "용적률":258,
            "건폐율":22,
            "Y":38.205008,
            "X":128.570616,
            "rank":41.0,
            "area_info":"15평(52.48), 17평(57.08), 23평(78.99), 33평(111.46)",
            "last_sales":"2022-01-26,9500.0,15평(52.48)",
            "rank_history":[
                [
                    "202202",
                    41
                ],
                [
                    "202201",
                    40
                ]
            ],
            "rank_gap":-1
        },
        {
            "index":118,
            "아파트명":"대명드림빌",
            "투자타입":"일반",
            "전용면적(m2)":"93.12",
            "전용면적(평)":"28평",
            "법정동주소":"강원도 속초시 영랑동 180-1",
            "도로명주소":"강원도 속초시 영랑로 23",
            "세대수":0,
            "입주년차":40,
            "용적률점수":"--",
            "건폐율점수":"--",
            "세대당주차수":30,
            "난방방식":30,
            "공급면적":"--",
            "전용률":"--",
            "욕실수":100,
            "현관타입":100,
            "주거총점":35.5,
            "지역구공급총점":0.0,
            "역세권":"NA",
            "30분내 이동가능 거점":"NA",
            "1시간내 이동가능 거점":"NA",
            "교통총점":"NA",
            "백화점":0,
            "아울렛몰":0,
            "대형마트":0,
            "은행":0,
            "병원":10,
            "종합병원":100,
            "공원":80,
            "혐오시설":0,
            "인프라총점":23.4,
            "초등학군":89.99,
            "중학군":44.84,
            "학군총점":53.87,
            "인구수":8.74,
            "인구증감":4.96,
            "인구총점":7.606,
            "일자리":4.88,
            "소득수준":48,
            "일자리총점":17.816,
            "가치 총점":35.2525,
            "매매실거래년":20211216.0,
            "매매실거래가":25700.0,
            "전세실거래년":null,
            "전세실거래가":null,
            "전세가율":null,
            "장기전세가율평균":74.98,
            "전세가율거품지수":null,
            "검색코드":27870,
            "세대수":110,
            "준공년월":"2004-11-22",
            "준공년차":19,
            "가까운역이름":"NA",
            "가까운역거리":"NA",
            "역세권여부":"NA",
            "30분이내주요거점역":"NA",
            "30분거점역이름":"NA",
            "1시간이내주요거점역":"NA",
            "1시간거점역이름":"NA",
            "3km이내백화점수":0,
            "5km이내아울렛몰수":0,
            "1km이내대형먀트수":0,
            "500m이내은행수":1,
            "500m이내병원수":3,
            "5km이내대형병원수":2,
            "500m이내공원수":1,
            "3km이내혐오시설수":0,
            "초등학교학업성취도":89.99,
            "중학교학업성취도":73.4,
            "용적률":0,
            "건폐율":0,
            "Y":38.215198,
            "X":128.592405,
            "rank":42.0,
            "area_info":"28평(93.12), 37평(123.83)",
            "last_sales":"2021-12-16,25700.0,37평(123.83)",
            "rank_history":[
                [
                    "202202",
                    42
                ],
                [
                    "202201",
                    39
                ]
            ],
            "rank_gap":-3
        },
        {
            "index":20,
            "아파트명":"동부",
            "투자타입":"일반",
            "전용면적(m2)":"81.63",
            "전용면적(평)":"24평",
            "법정동주소":"강원도 속초시 교동 781-1",
            "도로명주소":"강원도 속초시 미시령로3359번길 15",
            "세대수":50,
            "입주년차":0,
            "용적률점수":"--",
            "건폐율점수":"--",
            "세대당주차수":0,
            "난방방식":30,
            "공급면적":"--",
            "전용률":"--",
            "욕실수":50,
            "현관타입":100,
            "주거총점":35.5,
            "지역구공급총점":0.0,
            "역세권":"NA",
            "30분내 이동가능 거점":"NA",
            "1시간내 이동가능 거점":"NA",
            "교통총점":"NA",
            "백화점":0,
            "아울렛몰":0,
            "대형마트":0,
            "은행":0,
            "병원":10,
            "종합병원":100,
            "공원":100,
            "혐오시설":0,
            "인프라총점":24.0,
            "초등학군":90.01,
            "중학군":41.1,
            "학군총점":50.882,
            "인구수":8.74,
            "인구증감":4.96,
            "인구총점":7.606,
            "일자리":4.88,
            "소득수준":48,
            "일자리총점":17.816,
            "가치 총점":34.7455,
            "매매실거래년":20220103.0,
            "매매실거래가":23400.0,
            "전세실거래년":20211124.0,
            "전세실거래가":14000.0,
            "전세가율":87.5,
            "장기전세가율평균":74.98,
            "전세가율거품지수":-12.52,
            "검색코드":6191,
            "세대수":668,
            "준공년월":"1997-09-23",
            "준공년차":26,
            "가까운역이름":"NA",
            "가까운역거리":"NA",
            "역세권여부":"NA",
            "30분이내주요거점역":"NA",
            "30분거점역이름":"NA",
            "1시간이내주요거점역":"NA",
            "1시간거점역이름":"NA",
            "3km이내백화점수":0,
            "5km이내아울렛몰수":0,
            "1km이내대형먀트수":0,
            "500m이내은행수":0,
            "500m이내병원수":3,
            "5km이내대형병원수":2,
            "500m이내공원수":2,
            "3km이내혐오시설수":0,
            "초등학교학업성취도":90.01,
            "중학교학업성취도":67.3,
            "용적률":227,
            "건폐율":19,
            "Y":38.2079,
            "X":128.574304,
            "rank":43.0,
            "area_info":"24평(81.63), 32평(107.86), 45평(151.46)",
            "last_sales":"2022-01-03,23400.0,32평(107.86)",
            "rank_history":[
                [
                    "202202",
                    43
                ],
                [
                    "202201",
                    43
                ]
            ],
            "rank_gap":0
        },
        {
            "index":56,
            "아파트명":"속초로얄나하나2차",
            "투자타입":"일반",
            "전용면적(m2)":"87.54",
            "전용면적(평)":"26평",
            "법정동주소":"강원도 속초시 교동 904-5",
            "도로명주소":"강원도 속초시 만천8길 7",
            "세대수":0,
            "입주년차":0,
            "용적률점수":"--",
            "건폐율점수":"--",
            "세대당주차수":0,
            "난방방식":30,
            "공급면적":"--",
            "전용률":"--",
            "욕실수":50,
            "현관타입":100,
            "주거총점":18.0,
            "지역구공급총점":0.0,
            "역세권":"NA",
            "30분내 이동가능 거점":"NA",
            "1시간내 이동가능 거점":"NA",
            "교통총점":"NA",
            "백화점":0,
            "아울렛몰":0,
            "대형마트":80,
            "은행":0,
            "병원":60,
            "종합병원":100,
            "공원":100,
            "혐오시설":0,
            "인프라총점":41.0,
            "초등학군":90.01,
            "중학군":34.42,
            "학군총점":45.538,
            "인구수":8.74,
            "인구증감":4.96,
            "인구총점":7.606,
            "일자리":4.88,
            "소득수준":48,
            "일자리총점":17.816,
            "가치 총점":34.0845,
            "매매실거래년":20211213.0,
            "매매실거래가":11500.0,
            "전세실거래년":20210316.0,
            "전세실거래가":7000.0,
            "전세가율":60.87,
            "장기전세가율평균":74.98,
            "전세가율거품지수":14.11,
            "검색코드":14553,
            "세대수":157,
            "준공년월":"1995-06-26",
            "준공년차":28,
            "가까운역이름":"NA",
            "가까운역거리":"NA",
            "역세권여부":"NA",
            "30분이내주요거점역":"NA",
            "30분거점역이름":"NA",
            "1시간이내주요거점역":"NA",
            "1시간거점역이름":"NA",
            "3km이내백화점수":0,
            "5km이내아울렛몰수":0,
            "1km이내대형먀트수":1,
            "500m이내은행수":0,
            "500m이내병원수":29,
            "5km이내대형병원수":2,
            "500m이내공원수":2,
            "3km이내혐오시설수":0,
            "초등학교학업성취도":90.01,
            "중학교학업성취도":57.1,
            "용적률":227,
            "건폐율":23,
            "Y":38.20174,
            "X":128.57706,
            "rank":44.0,
            "area_info":"26평(87.54), 32평(106.75)",
            "last_sales":"2021-12-13,11500.0,26평(87.54)",
            "rank_history":[
                [
                    "202202",
                    44
                ],
                [
                    "202201",
                    42
                ]
            ],
            "rank_gap":-2
        },
        {
            "index":54,
            "아파트명":"속초로얄나하나1차",
            "투자타입":"일반",
            "전용면적(m2)":"77.58",
            "전용면적(평)":"23평",
            "법정동주소":"강원도 속초시 교동 904-6",
            "도로명주소":"강원도 속초시 만천1길 43",
            "세대수":0,
            "입주년차":0,
            "용적률점수":"--",
            "건폐율점수":"--",
            "세대당주차수":0,
            "난방방식":30,
            "공급면적":"--",
            "전용률":"--",
            "욕실수":50,
            "현관타입":100,
            "주거총점":18.0,
            "지역구공급총점":0.0,
            "역세권":"NA",
            "30분내 이동가능 거점":"NA",
            "1시간내 이동가능 거점":"NA",
            "교통총점":"NA",
            "백화점":0,
            "아울렛몰":0,
            "대형마트":80,
            "은행":0,
            "병원":60,
            "종합병원":100,
            "공원":100,
            "혐오시설":0,
            "인프라총점":41.0,
            "초등학군":90.01,
            "중학군":34.42,
            "학군총점":45.538,
            "인구수":8.74,
            "인구증감":4.96,
            "인구총점":7.606,
            "일자리":4.88,
            "소득수준":48,
            "일자리총점":17.816,
            "가치 총점":34.0845,
            "매매실거래년":20211214.0,
            "매매실거래가":11500.0,
            "전세실거래년":20200506.0,
            "전세실거래가":9000.0,
            "전세가율":115.38,
            "장기전세가율평균":74.98,
            "전세가율거품지수":-40.4,
            "검색코드":6219,
            "세대수":171,
            "준공년월":"1993-03-23",
            "준공년차":30,
            "가까운역이름":"NA",
            "가까운역거리":"NA",
            "역세권여부":"NA",
            "30분이내주요거점역":"NA",
            "30분거점역이름":"NA",
            "1시간이내주요거점역":"NA",
            "1시간거점역이름":"NA",
            "3km이내백화점수":0,
            "5km이내아울렛몰수":0,
            "1km이내대형먀트수":1,
            "500m이내은행수":0,
            "500m이내병원수":29,
            "5km이내대형병원수":2,
            "500m이내공원수":3,
            "3km이내혐오시설수":0,
            "초등학교학업성취도":90.01,
            "중학교학업성취도":57.1,
            "용적률":257,
            "건폐율":24,
            "Y":38.20152,
            "X":128.57604,
            "rank":44.0,
            "area_info":"23평(77.58), 24평(82.14)",
            "last_sales":"2021-12-14,11500.0,24평(82.14)",
            "rank_history":[
                [
                    "202202",
                    44
                ],
                [
                    "202201",
                    42
                ]
            ],
            "rank_gap":-2
        },
        {
            "index":34,
            "아파트명":"삼호",
            "투자타입":"일반",
            "전용면적(m2)":"50.67",
            "전용면적(평)":"15평",
            "법정동주소":"강원도 속초시 교동 924",
            "도로명주소":"강원도 속초시 밤골3길 27",
            "세대수":30,
            "입주년차":0,
            "용적률점수":"--",
            "건폐율점수":"--",
            "세대당주차수":0,
            "난방방식":30,
            "공급면적":"--",
            "전용률":"--",
            "욕실수":50,
            "현관타입":100,
            "주거총점":28.5,
            "지역구공급총점":0.0,
            "역세권":"NA",
            "30분내 이동가능 거점":"NA",
            "1시간내 이동가능 거점":"NA",
            "교통총점":"NA",
            "백화점":0,
            "아울렛몰":0,
            "대형마트":0,
            "은행":0,
            "병원":10,
            "종합병원":100,
            "공원":100,
            "혐오시설":0,
            "인프라총점":24.0,
            "초등학군":89.99,
            "중학군":45.02,
            "학군총점":54.014,
            "인구수":8.74,
            "인구증감":4.96,
            "인구총점":7.606,
            "일자리":4.88,
            "소득수준":48,
            "일자리총점":17.816,
            "가치 총점":33.0785,
            "매매실거래년":20220113.0,
            "매매실거래가":7200.0,
            "전세실거래년":20211230.0,
            "전세실거래가":8000.0,
            "전세가율":111.11,
            "장기전세가율평균":74.98,
            "전세가율거품지수":-36.13,
            "검색코드":122245,
            "세대수":340,
            "준공년월":"1995-10-23",
            "준공년차":28,
            "가까운역이름":"NA",
            "가까운역거리":"NA",
            "역세권여부":"NA",
            "30분이내주요거점역":"NA",
            "30분거점역이름":"NA",
            "1시간이내주요거점역":"NA",
            "1시간거점역이름":"NA",
            "3km이내백화점수":0,
            "5km이내아울렛몰수":0,
            "1km이내대형먀트수":0,
            "500m이내은행수":0,
            "500m이내병원수":2,
            "5km이내대형병원수":2,
            "500m이내공원수":5,
            "3km이내혐오시설수":0,
            "초등학교학업성취도":89.99,
            "중학교학업성취도":74.1,
            "용적률":166,
            "건폐율":33,
            "Y":38.20174,
            "X":128.565905,
            "rank":45.0,
            "area_info":"15평(50.67), 17평(59.32)",
            "last_sales":"2022-01-13,7200.0,15평(50.67)",
            "rank_history":[
                [
                    "202202",
                    45
                ],
                [
                    "202201",
                    45
                ]
            ],
            "rank_gap":0
        },
        {
            "index":229,
            "아파트명":"조양대명타워4차",
            "투자타입":"일반",
            "전용면적(m2)":"86.31",
            "전용면적(평)":"26평",
            "법정동주소":"강원도 속초시 조양동 579",
            "도로명주소":"강원도 속초시 청대로232번길 15-19",
            "세대수":0,
            "입주년차":0,
            "용적률점수":"--",
            "건폐율점수":"--",
            "세대당주차수":0,
            "난방방식":30,
            "공급면적":"--",
            "전용률":"--",
            "욕실수":100,
            "현관타입":10,
            "주거총점":14.0,
            "지역구공급총점":0.0,
            "역세권":"NA",
            "30분내 이동가능 거점":"NA",
            "1시간내 이동가능 거점":"NA",
            "교통총점":"NA",
            "백화점":0,
            "아울렛몰":0,
            "대형마트":80,
            "은행":0,
            "병원":0,
            "종합병원":100,
            "공원":100,
            "혐오시설":0,
            "인프라총점":35.0,
            "초등학군":89.99,
            "중학군":45.02,
            "학군총점":54.014,
            "인구수":8.74,
            "인구증감":4.96,
            "인구총점":7.606,
            "일자리":4.88,
            "소득수준":48,
            "일자리총점":17.816,
            "가치 총점":32.4035,
            "매매실거래년":20220120.0,
            "매매실거래가":15000.0,
            "전세실거래년":20210122.0,
            "전세실거래가":9000.0,
            "전세가율":60.0,
            "장기전세가율평균":74.98,
            "전세가율거품지수":14.98,
            "검색코드":11870,
            "세대수":118,
            "준공년월":"1996-07-12",
            "준공년차":27,
            "가까운역이름":"NA",
            "가까운역거리":"NA",
            "역세권여부":"NA",
            "30분이내주요거점역":"NA",
            "30분거점역이름":"NA",
            "1시간이내주요거점역":"NA",
            "1시간거점역이름":"NA",
            "3km이내백화점수":0,
            "5km이내아울렛몰수":0,
            "1km이내대형먀트수":1,
            "500m이내은행수":0,
            "500m이내병원수":0,
            "5km이내대형병원수":2,
            "500m이내공원수":3,
            "3km이내혐오시설수":0,
            "초등학교학업성취도":89.99,
            "중학교학업성취도":74.1,
            "용적률":339,
            "건폐율":28,
            "Y":38.188791,
            "X":128.574337,
            "rank":46.0,
            "area_info":"26평(86.31)",
            "last_sales":"2022-01-20,15000.0,26평(86.31)",
            "rank_history":[
                [
                    "202202",
                    46
                ],
                [
                    "202201",
                    44
                ]
            ],
            "rank_gap":-2
        },
        {
            "index":0,
            "아파트명":"교동럭키",
            "투자타입":"재건축",
            "전용면적(m2)":"85.06",
            "전용면적(평)":"25평",
            "법정동주소":"강원도 속초시 교동 800-14",
            "도로명주소":"강원도 속초시 만리공원길 6",
            "세대수":0,
            "입주년차":"--",
            "용적률점수":0,
            "건폐율점수":0,
            "세대당주차수":"--",
            "난방방식":"--",
            "공급면적":70,
            "전용률":60,
            "욕실수":"--",
            "현관타입":"--",
            "주거총점":6.5,
            "지역구공급총점":0.0,
            "역세권":"NA",
            "30분내 이동가능 거점":"NA",
            "1시간내 이동가능 거점":"NA",
            "교통총점":"NA",
            "백화점":0,
            "아울렛몰":0,
            "대형마트":80,
            "은행":0,
            "병원":60,
            "종합병원":100,
            "공원":100,
            "혐오시설":0,
            "인프라총점":41.0,
            "초등학군":90.01,
            "중학군":45.02,
            "학군총점":54.018,
            "인구수":8.74,
            "인구증감":4.96,
            "인구총점":7.606,
            "일자리":4.88,
            "소득수준":48,
            "일자리총점":17.816,
            "가치 총점":32.1795,
            "매매실거래년":20220110.0,
            "매매실거래가":16500.0,
            "전세실거래년":20220124.0,
            "전세실거래가":10000.0,
            "전세가율":60.61,
            "장기전세가율평균":74.98,
            "전세가율거품지수":14.37,
            "검색코드":6199,
            "세대수":210,
            "준공년월":"1986-09-01",
            "준공년차":37,
            "가까운역이름":"NA",
            "가까운역거리":"NA",
            "역세권여부":"NA",
            "30분이내주요거점역":"NA",
            "30분거점역이름":"NA",
            "1시간이내주요거점역":"NA",
            "1시간거점역이름":"NA",
            "3km이내백화점수":0,
            "5km이내아울렛몰수":0,
            "1km이내대형먀트수":1,
            "500m이내은행수":0,
            "500m이내병원수":12,
            "5km이내대형병원수":2,
            "500m이내공원수":6,
            "3km이내혐오시설수":0,
            "초등학교학업성취도":90.01,
            "중학교학업성취도":74.1,
            "용적률":0,
            "건폐율":0,
            "Y":38.200316,
            "X":128.57203,
            "rank":47.0,
            "area_info":"25평(85.06), 28평(95.76), 33평(110.48)",
            "last_sales":"2022-01-10,16500.0,25평(85.06)",
            "rank_history":[
                [
                    "202202",
                    47
                ],
                [
                    "202201",
                    50
                ]
            ],
            "rank_gap":3
        },
        {
            "index":26,
            "아파트명":"럭키설악타운2차",
            "투자타입":"재건축",
            "전용면적(m2)":"101.24",
            "전용면적(평)":"30평",
            "법정동주소":"강원도 속초시 교동 620-13",
            "도로명주소":"강원도 속초시 미시령로 3409",
            "세대수":0,
            "입주년차":"--",
            "용적률점수":0,
            "건폐율점수":100,
            "세대당주차수":"--",
            "난방방식":"--",
            "공급면적":90,
            "전용률":80,
            "욕실수":"--",
            "현관타입":"--",
            "주거총점":28.5,
            "지역구공급총점":0.0,
            "역세권":"NA",
            "30분내 이동가능 거점":"NA",
            "1시간내 이동가능 거점":"NA",
            "교통총점":"NA",
            "백화점":0,
            "아울렛몰":0,
            "대형마트":0,
            "은행":0,
            "병원":10,
            "종합병원":100,
            "공원":80,
            "혐오시설":0,
            "인프라총점":23.4,
            "초등학군":90.01,
            "중학군":41.1,
            "학군총점":50.882,
            "인구수":8.74,
            "인구증감":4.96,
            "인구총점":7.606,
            "일자리":4.88,
            "소득수준":48,
            "일자리총점":17.816,
            "가치 총점":32.0555,
            "매매실거래년":20211219.0,
            "매매실거래가":18000.0,
            "전세실거래년":20220110.0,
            "전세실거래가":15000.0,
            "전세가율":83.33,
            "장기전세가율평균":74.98,
            "전세가율거품지수":-8.35,
            "검색코드":6208,
            "세대수":270,
            "준공년월":"1992-12-17",
            "준공년차":31,
            "가까운역이름":"NA",
            "가까운역거리":"NA",
            "역세권여부":"NA",
            "30분이내주요거점역":"NA",
            "30분거점역이름":"NA",
            "1시간이내주요거점역":"NA",
            "1시간거점역이름":"NA",
            "3km이내백화점수":0,
            "5km이내아울렛몰수":0,
            "1km이내대형먀트수":0,
            "500m이내은행수":0,
            "500m이내병원수":3,
            "5km이내대형병원수":2,
            "500m이내공원수":1,
            "3km이내혐오시설수":0,
            "초등학교학업성취도":90.01,
            "중학교학업성취도":67.3,
            "용적률":246,
            "건폐율":19,
            "Y":38.2084,
            "X":128.57796,
            "rank":48.0,
            "area_info":"30평(101.24), 39평(131.34), 46평(153.21)",
            "last_sales":"2021-12-19,18000.0,30평(101.24)",
            "rank_history":[
                [
                    "202202",
                    48
                ],
                [
                    "202201",
                    46
                ]
            ],
            "rank_gap":-2
        },
        {
            "index":36,
            "아파트명":"삼환",
            "투자타입":"일반",
            "전용면적(m2)":"73.88",
            "전용면적(평)":"22평",
            "법정동주소":"강원도 속초시 교동 923",
            "도로명주소":"강원도 속초시 밤골3길 39",
            "세대수":50,
            "입주년차":0,
            "용적률점수":"--",
            "건폐율점수":"--",
            "세대당주차수":0,
            "난방방식":30,
            "공급면적":"--",
            "전용률":"--",
            "욕실수":50,
            "현관타입":10,
            "주거총점":26.5,
            "지역구공급총점":0.0,
            "역세권":"NA",
            "30분내 이동가능 거점":"NA",
            "1시간내 이동가능 거점":"NA",
            "교통총점":"NA",
            "백화점":0,
            "아울렛몰":0,
            "대형마트":0,
            "은행":0,
            "병원":0,
            "종합병원":100,
            "공원":100,
            "혐오시설":0,
            "인프라총점":23.0,
            "초등학군":89.99,
            "중학군":45.02,
            "학군총점":54.014,
            "인구수":8.74,
            "인구증감":4.96,
            "인구총점":7.606,
            "일자리":4.88,
            "소득수준":48,
            "일자리총점":17.816,
            "가치 총점":31.9785,
            "매매실거래년":20220112.0,
            "매매실거래가":11000.0,
            "전세실거래년":20220110.0,
            "전세실거래가":10000.0,
            "전세가율":90.91,
            "장기전세가율평균":74.98,
            "전세가율거품지수":-15.93,
            "검색코드":6233,
            "세대수":644,
            "준공년월":"1994-03-28",
            "준공년차":29,
            "가까운역이름":"NA",
            "가까운역거리":"NA",
            "역세권여부":"NA",
            "30분이내주요거점역":"NA",
            "30분거점역이름":"NA",
            "1시간이내주요거점역":"NA",
            "1시간거점역이름":"NA",
            "3km이내백화점수":0,
            "5km이내아울렛몰수":0,
            "1km이내대형먀트수":0,
            "500m이내은행수":0,
            "500m이내병원수":1,
            "5km이내대형병원수":2,
            "500m이내공원수":4,
            "3km이내혐오시설수":0,
            "초등학교학업성취도":89.99,
            "중학교학업성취도":74.1,
            "용적률":0,
            "건폐율":0,
            "Y":38.20358,
            "X":128.566061,
            "rank":49.0,
            "area_info":"22평(73.88), 35평(116.02), 41평(138.49)",
            "last_sales":"2022-01-12,11000.0,22평(73.88)",
            "rank_history":[
                [
                    "202202",
                    49
                ],
                [
                    "202201",
                    47
                ]
            ],
            "rank_gap":-2
        },
        {
            "index":39,
            "아파트명":"서울대명1차",
            "투자타입":"재건축",
            "전용면적(m2)":"91.18",
            "전용면적(평)":"27평",
            "법정동주소":"강원도 속초시 교동 628-1",
            "도로명주소":"강원도 속초시 번영로43번길 11",
            "세대수":0,
            "입주년차":"--",
            "용적률점수":0,
            "건폐율점수":0,
            "세대당주차수":"--",
            "난방방식":"--",
            "공급면적":70,
            "전용률":60,
            "욕실수":"--",
            "현관타입":"--",
            "주거총점":6.5,
            "지역구공급총점":0.0,
            "역세권":"NA",
            "30분내 이동가능 거점":"NA",
            "1시간내 이동가능 거점":"NA",
            "교통총점":"NA",
            "백화점":0,
            "아울렛몰":0,
            "대형마트":80,
            "은행":0,
            "병원":60,
            "종합병원":100,
            "공원":100,
            "혐오시설":0,
            "인프라총점":41.0,
            "초등학군":90.02,
            "중학군":41.1,
            "학군총점":50.884,
            "인구수":8.74,
            "인구증감":4.96,
            "인구총점":7.606,
            "일자리":4.88,
            "소득수준":48,
            "일자리총점":17.816,
            "가치 총점":31.396,
            "매매실거래년":20220110.0,
            "매매실거래가":15900.0,
            "전세실거래년":20170708.0,
            "전세실거래가":9000.0,
            "전세가율":90.0,
            "장기전세가율평균":74.98,
            "전세가율거품지수":-15.02,
            "검색코드":6235,
            "세대수":181,
            "준공년월":"1991-07-22",
            "준공년차":32,
            "가까운역이름":"NA",
            "가까운역거리":"NA",
            "역세권여부":"NA",
            "30분이내주요거점역":"NA",
            "30분거점역이름":"NA",
            "1시간이내주요거점역":"NA",
            "1시간거점역이름":"NA",
            "3km이내백화점수":0,
            "5km이내아울렛몰수":0,
            "1km이내대형먀트수":1,
            "500m이내은행수":1,
            "500m이내병원수":11,
            "5km이내대형병원수":2,
            "500m이내공원수":2,
            "3km이내혐오시설수":0,
            "초등학교학업성취도":90.02,
            "중학교학업성취도":67.3,
            "용적률":284,
            "건폐율":0,
            "Y":38.20464,
            "X":128.58154,
            "rank":50.0,
            "area_info":"27평(91.18), 32평(108.74)",
            "last_sales":"2022-01-10,15900.0,32평(108.74)",
            "rank_history":[
                [
                    "202202",
                    50
                ],
                [
                    "202201",
                    52
                ]
            ],
            "rank_gap":2
        },
        {
            "index":91,
            "아파트명":"성진주택",
            "투자타입":"재건축",
            "전용면적(m2)":"53.98",
            "전용면적(평)":"16평",
            "법정동주소":"강원도 속초시 금호동 625-88",
            "도로명주소":"강원도 속초시 번영로67번길 17",
            "세대수":0,
            "입주년차":"--",
            "용적률점수":0,
            "건폐율점수":0,
            "세대당주차수":"--",
            "난방방식":"--",
            "공급면적":50,
            "전용률":100,
            "욕실수":"--",
            "현관타입":"--",
            "주거총점":7.5,
            "지역구공급총점":0.0,
            "역세권":"NA",
            "30분내 이동가능 거점":"NA",
            "1시간내 이동가능 거점":"NA",
            "교통총점":"NA",
            "백화점":0,
            "아울렛몰":0,
            "대형마트":80,
            "은행":0,
            "병원":30,
            "종합병원":100,
            "공원":100,
            "혐오시설":0,
            "인프라총점":38.0,
            "초등학군":90.02,
            "중학군":44.84,
            "학군총점":53.876,
            "인구수":8.74,
            "인구증감":4.96,
            "인구총점":7.606,
            "일자리":4.88,
            "소득수준":48,
            "일자리총점":17.816,
            "가치 총점":31.294,
            "매매실거래년":"18000101",
            "매매실거래가":null,
            "전세실거래년":null,
            "전세실거래가":null,
            "전세가율":null,
            "장기전세가율평균":74.98,
            "전세가율거품지수":null,
            "검색코드":139422,
            "세대수":102,
            "준공년월":"1983-02-10",
            "준공년차":40,
            "가까운역이름":"NA",
            "가까운역거리":"NA",
            "역세권여부":"NA",
            "30분이내주요거점역":"NA",
            "30분거점역이름":"NA",
            "1시간이내주요거점역":"NA",
            "1시간거점역이름":"NA",
            "3km이내백화점수":0,
            "5km이내아울렛몰수":0,
            "1km이내대형먀트수":1,
            "500m이내은행수":1,
            "500m이내병원수":6,
            "5km이내대형병원수":2,
            "500m이내공원수":3,
            "3km이내혐오시설수":0,
            "초등학교학업성취도":90.02,
            "중학교학업성취도":73.4,
            "용적률":0,
            "건폐율":0,
            "Y":38.206135,
            "X":128.583357,
            "rank":51.0,
            "area_info":"16평(53.98), 19평(65.73), 19평(65.67)",
            "last_sales":"1800-01-01,nan,16평(53.98)",
            "rank_history":[
                [
                    "202202",
                    51
                ],
                [
                    "202201",
                    48
                ]
            ],
            "rank_gap":-3
        },
        {
            "index":53,
            "아파트명":"속초대명3차",
            "투자타입":"일반",
            "전용면적(m2)":"81.4",
            "전용면적(평)":"24평",
            "법정동주소":"강원도 속초시 교동 627-306",
            "도로명주소":"강원도 속초시 교동로7길 26",
            "세대수":0,
            "입주년차":0,
            "용적률점수":"--",
            "건폐율점수":"--",
            "세대당주차수":0,
            "난방방식":30,
            "공급면적":"--",
            "전용률":"--",
            "욕실수":50,
            "현관타입":10,
            "주거총점":9.0,
            "지역구공급총점":0.0,
            "역세권":"NA",
            "30분내 이동가능 거점":"NA",
            "1시간내 이동가능 거점":"NA",
            "교통총점":"NA",
            "백화점":0,
            "아울렛몰":0,
            "대형마트":80,
            "은행":0,
            "병원":30,
            "종합병원":100,
            "공원":100,
            "혐오시설":0,
            "인프라총점":38.0,
            "초등학군":90.02,
            "중학군":41.1,
            "학군총점":50.884,
            "인구수":8.74,
            "인구증감":4.96,
            "인구총점":7.606,
            "일자리":4.88,
            "소득수준":48,
            "일자리총점":17.816,
            "가치 총점":31.071,
            "매매실거래년":20220122.0,
            "매매실거래가":10000.0,
            "전세실거래년":20211011.0,
            "전세실거래가":8000.0,
            "전세가율":80.0,
            "장기전세가율평균":74.98,
            "전세가율거품지수":-5.02,
            "검색코드":14555,
            "세대수":165,
            "준공년월":"1994-07-30",
            "준공년차":29,
            "가까운역이름":"NA",
            "가까운역거리":"NA",
            "역세권여부":"NA",
            "30분이내주요거점역":"NA",
            "30분거점역이름":"NA",
            "1시간이내주요거점역":"NA",
            "1시간거점역이름":"NA",
            "3km이내백화점수":0,
            "5km이내아울렛몰수":0,
            "1km이내대형먀트수":1,
            "500m이내은행수":1,
            "500m이내병원수":5,
            "5km이내대형병원수":2,
            "500m이내공원수":2,
            "3km이내혐오시설수":0,
            "초등학교학업성취도":90.02,
            "중학교학업성취도":67.3,
            "용적률":239,
            "건폐율":28,
            "Y":38.20555,
            "X":128.58019,
            "rank":52.0,
            "area_info":"24평(81.4)",
            "last_sales":"2022-01-22,10000.0,24평(81.4)",
            "rank_history":[
                [
                    "202202",
                    52
                ],
                [
                    "202201",
                    49
                ]
            ],
            "rank_gap":-3
        },
        {
            "index":156,
            "아파트명":"설악빌리지",
            "투자타입":"재건축",
            "전용면적(m2)":"78.27",
            "전용면적(평)":"23평",
            "법정동주소":"강원도 속초시 조양동 590-1",
            "도로명주소":"강원도 속초시 청대마을길 5",
            "세대수":0,
            "입주년차":"--",
            "용적률점수":0,
            "건폐율점수":0,
            "세대당주차수":"--",
            "난방방식":"--",
            "공급면적":50,
            "전용률":80,
            "욕실수":"--",
            "현관타입":"--",
            "주거총점":6.5,
            "지역구공급총점":0.0,
            "역세권":"NA",
            "30분내 이동가능 거점":"NA",
            "1시간내 이동가능 거점":"NA",
            "교통총점":"NA",
            "백화점":0,
            "아울렛몰":0,
            "대형마트":80,
            "은행":0,
            "병원":0,
            "종합병원":100,
            "공원":100,
            "혐오시설":0,
            "인프라총점":35.0,
            "초등학군":89.99,
            "중학군":45.02,
            "학군총점":54.014,
            "인구수":8.74,
            "인구증감":4.96,
            "인구총점":7.606,
            "일자리":4.88,
            "소득수준":48,
            "일자리총점":17.816,
            "가치 총점":29.7785,
            "매매실거래년":"18000101",
            "매매실거래가":null,
            "전세실거래년":null,
            "전세실거래가":null,
            "전세가율":null,
            "장기전세가율평균":74.98,
            "전세가율거품지수":null,
            "검색코드":10833,
            "세대수":222,
            "준공년월":"1990-05-18",
            "준공년차":33,
            "가까운역이름":"NA",
            "가까운역거리":"NA",
            "역세권여부":"NA",
            "30분이내주요거점역":"NA",
            "30분거점역이름":"NA",
            "1시간이내주요거점역":"NA",
            "1시간거점역이름":"NA",
            "3km이내백화점수":0,
            "5km이내아울렛몰수":0,
            "1km이내대형먀트수":1,
            "500m이내은행수":0,
            "500m이내병원수":0,
            "5km이내대형병원수":2,
            "500m이내공원수":2,
            "3km이내혐오시설수":0,
            "초등학교학업성취도":89.99,
            "중학교학업성취도":74.1,
            "용적률":0,
            "건폐율":0,
            "Y":38.187873,
            "X":128.574113,
            "rank":53.0,
            "area_info":"23평(78.27), 26평(87.54), 30평(101.17)",
            "last_sales":"1800-01-01,nan,23평(78.27)",
            "rank_history":[
                [
                    "202202",
                    53
                ],
                [
                    "202201",
                    51
                ]
            ],
            "rank_gap":-2
        },
        {
            "index":135,
            "아파트명":"동명",
            "투자타입":"재건축",
            "전용면적(m2)":"48.55",
            "전용면적(평)":"14평",
            "법정동주소":"강원도 속초시 조양동 1292-1",
            "도로명주소":"강원도 속초시 동해대로 3933-6",
            "세대수":0,
            "입주년차":"--",
            "용적률점수":0,
            "건폐율점수":0,
            "세대당주차수":"--",
            "난방방식":"--",
            "공급면적":50,
            "전용률":80,
            "욕실수":"--",
            "현관타입":"--",
            "주거총점":6.5,
            "지역구공급총점":0.0,
            "역세권":"NA",
            "30분내 이동가능 거점":"NA",
            "1시간내 이동가능 거점":"NA",
            "교통총점":"NA",
            "백화점":0,
            "아울렛몰":0,
            "대형마트":80,
            "은행":0,
            "병원":10,
            "종합병원":100,
            "공원":100,
            "혐오시설":-50,
            "인프라총점":35.0,
            "초등학군":89.98,
            "중학군":44.84,
            "학군총점":53.868,
            "인구수":8.74,
            "인구증감":4.96,
            "인구총점":7.606,
            "일자리":4.88,
            "소득수준":48,
            "일자리총점":17.816,
            "가치 총점":29.742,
            "매매실거래년":20211214.0,
            "매매실거래가":13500.0,
            "전세실거래년":20211224.0,
            "전세실거래가":6300.0,
            "전세가율":52.5,
            "장기전세가율평균":74.98,
            "전세가율거품지수":22.48,
            "검색코드":10130,
            "세대수":240,
            "준공년월":"1989-07-24",
            "준공년차":34,
            "가까운역이름":"NA",
            "가까운역거리":"NA",
            "역세권여부":"NA",
            "30분이내주요거점역":"NA",
            "30분거점역이름":"NA",
            "1시간이내주요거점역":"NA",
            "1시간거점역이름":"NA",
            "3km이내백화점수":0,
            "5km이내아울렛몰수":0,
            "1km이내대형먀트수":1,
            "500m이내은행수":0,
            "500m이내병원수":2,
            "5km이내대형병원수":2,
            "500m이내공원수":2,
            "3km이내혐오시설수":1,
            "초등학교학업성취도":89.98,
            "중학교학업성취도":73.4,
            "용적률":0,
            "건폐율":0,
            "Y":38.185971,
            "X":128.599416,
            "rank":54.0,
            "area_info":"14평(48.55), 17평(58.2), 20평(67.84)",
            "last_sales":"2021-12-14,13500.0,17평(58.2)",
            "rank_history":[
                [
                    "202202",
                    54
                ],
                [
                    "202201",
                    54
                ]
            ],
            "rank_gap":0
        },
        {
            "index":233,
            "아파트명":"진덕설악맨션",
            "투자타입":"재건축",
            "전용면적(m2)":"64.79",
            "전용면적(평)":"19평",
            "법정동주소":"강원도 속초시 조양동 1377-10",
            "도로명주소":"강원도 속초시 조양로22번길 4",
            "세대수":0,
            "입주년차":"--",
            "용적률점수":0,
            "건폐율점수":0,
            "세대당주차수":"--",
            "난방방식":"--",
            "공급면적":50,
            "전용률":60,
            "욕실수":"--",
            "현관타입":"--",
            "주거총점":5.5,
            "지역구공급총점":0.0,
            "역세권":"NA",
            "30분내 이동가능 거점":"NA",
            "1시간내 이동가능 거점":"NA",
            "교통총점":"NA",
            "백화점":0,
            "아울렛몰":0,
            "대형마트":80,
            "은행":0,
            "병원":10,
            "종합병원":100,
            "공원":100,
            "혐오시설":-50,
            "인프라총점":35.0,
            "초등학군":89.98,
            "중학군":44.84,
            "학군총점":53.868,
            "인구수":8.74,
            "인구증감":4.96,
            "인구총점":7.606,
            "일자리":4.88,
            "소득수준":48,
            "일자리총점":17.816,
            "가치 총점":29.392,
            "매매실거래년":20211004.0,
            "매매실거래가":13300.0,
            "전세실거래년":20210204.0,
            "전세실거래가":6000.0,
            "전세가율":100.0,
            "장기전세가율평균":74.98,
            "전세가율거품지수":-25.02,
            "검색코드":100771,
            "세대수":105,
            "준공년월":"1990-11-26",
            "준공년차":33,
            "가까운역이름":"NA",
            "가까운역거리":"NA",
            "역세권여부":"NA",
            "30분이내주요거점역":"NA",
            "30분거점역이름":"NA",
            "1시간이내주요거점역":"NA",
            "1시간거점역이름":"NA",
            "3km이내백화점수":0,
            "5km이내아울렛몰수":0,
            "1km이내대형먀트수":1,
            "500m이내은행수":0,
            "500m이내병원수":3,
            "5km이내대형병원수":2,
            "500m이내공원수":2,
            "3km이내혐오시설수":1,
            "초등학교학업성취도":89.98,
            "중학교학업성취도":73.4,
            "용적률":0,
            "건폐율":0,
            "Y":38.1867,
            "X":128.599605,
            "rank":55.0,
            "area_info":"19평(64.79), 25평(84.42)",
            "last_sales":"2021-10-04,13300.0,25평(84.42)",
            "rank_history":[
                [
                    "202202",
                    55
                ],
                [
                    "202201",
                    53
                ]
            ],
            "rank_gap":-2
        },
        {
            "index":85,
            "아파트명":"로얄금호맨션",
            "투자타입":"일반",
            "전용면적(m2)":"82.62",
            "전용면적(평)":"24평",
            "법정동주소":"강원도 속초시 금호동 605-3",
            "도로명주소":"강원도 속초시 미시령로 3421",
            "세대수":0,
            "입주년차":0,
            "용적률점수":"--",
            "건폐율점수":"--",
            "세대당주차수":0,
            "난방방식":30,
            "공급면적":"--",
            "전용률":"--",
            "욕실수":50,
            "현관타입":100,
            "주거총점":18.0,
            "지역구공급총점":0.0,
            "역세권":"NA",
            "30분내 이동가능 거점":"NA",
            "1시간내 이동가능 거점":"NA",
            "교통총점":"NA",
            "백화점":0,
            "아울렛몰":0,
            "대형마트":0,
            "은행":0,
            "병원":10,
            "종합병원":100,
            "공원":80,
            "혐오시설":0,
            "인프라총점":23.4,
            "초등학군":90.02,
            "중학군":41.1,
            "학군총점":50.884,
            "인구수":8.74,
            "인구증감":4.96,
            "인구총점":7.606,
            "일자리":4.88,
            "소득수준":48,
            "일자리총점":17.816,
            "가치 총점":28.381,
            "매매실거래년":20220115.0,
            "매매실거래가":13800.0,
            "전세실거래년":20211122.0,
            "전세실거래가":11500.0,
            "전세가율":83.33,
            "장기전세가율평균":74.98,
            "전세가율거품지수":-8.35,
            "검색코드":102165,
            "세대수":135,
            "준공년월":"1994-04-08",
            "준공년차":29,
            "가까운역이름":"NA",
            "가까운역거리":"NA",
            "역세권여부":"NA",
            "30분이내주요거점역":"NA",
            "30분거점역이름":"NA",
            "1시간이내주요거점역":"NA",
            "1시간거점역이름":"NA",
            "3km이내백화점수":0,
            "5km이내아울렛몰수":0,
            "1km이내대형먀트수":0,
            "500m이내은행수":0,
            "500m이내병원수":3,
            "5km이내대형병원수":2,
            "500m이내공원수":1,
            "3km이내혐오시설수":0,
            "초등학교학업성취도":90.02,
            "중학교학업성취도":67.3,
            "용적률":357,
            "건폐율":29,
            "Y":38.209127,
            "X":128.579487,
            "rank":56.0,
            "area_info":"24평(82.62)",
            "last_sales":"2022-01-15,13800.0,24평(82.62)",
            "rank_history":[
                [
                    "202202",
                    56
                ],
                [
                    "202201",
                    55
                ]
            ],
            "rank_gap":-1
        },
        {
            "index":15,
            "아파트명":"교동협성",
            "투자타입":"일반",
            "전용면적(m2)":"56.45",
            "전용면적(평)":"17평",
            "법정동주소":"강원도 속초시 교동 620",
            "도로명주소":"강원도 속초시 미시령로3359번길 42",
            "세대수":0,
            "입주년차":0,
            "용적률점수":"--",
            "건폐율점수":"--",
            "세대당주차수":0,
            "난방방식":30,
            "공급면적":"--",
            "전용률":"--",
            "욕실수":50,
            "현관타입":100,
            "주거총점":18.0,
            "지역구공급총점":0.0,
            "역세권":"NA",
            "30분내 이동가능 거점":"NA",
            "1시간내 이동가능 거점":"NA",
            "교통총점":"NA",
            "백화점":0,
            "아울렛몰":0,
            "대형마트":0,
            "은행":0,
            "병원":10,
            "종합병원":100,
            "공원":80,
            "혐오시설":0,
            "인프라총점":23.4,
            "초등학군":90.01,
            "중학군":41.1,
            "학군총점":50.882,
            "인구수":8.74,
            "인구증감":4.96,
            "인구총점":7.606,
            "일자리":4.88,
            "소득수준":48,
            "일자리총점":17.816,
            "가치 총점":28.3805,
            "매매실거래년":20220122.0,
            "매매실거래가":4900.0,
            "전세실거래년":20211203.0,
            "전세실거래가":4500.0,
            "전세가율":91.84,
            "장기전세가율평균":74.98,
            "전세가율거품지수":-16.86,
            "검색코드":15820,
            "세대수":156,
            "준공년월":"1997-12-30",
            "준공년차":26,
            "가까운역이름":"NA",
            "가까운역거리":"NA",
            "역세권여부":"NA",
            "30분이내주요거점역":"NA",
            "30분거점역이름":"NA",
            "1시간이내주요거점역":"NA",
            "1시간거점역이름":"NA",
            "3km이내백화점수":0,
            "5km이내아울렛몰수":0,
            "1km이내대형먀트수":0,
            "500m이내은행수":0,
            "500m이내병원수":3,
            "5km이내대형병원수":2,
            "500m이내공원수":1,
            "3km이내혐오시설수":0,
            "초등학교학업성취도":90.01,
            "중학교학업성취도":67.3,
            "용적률":260,
            "건폐율":35,
            "Y":38.209062,
            "X":128.576255,
            "rank":57.0,
            "area_info":"17평(56.45)",
            "last_sales":"2022-01-22,4900.0,17평(56.45)",
            "rank_history":[
                [
                    "202202",
                    57
                ],
                [
                    "202201",
                    56
                ]
            ],
            "rank_gap":-1
        },
        {
            "index":235,
            "아파트명":"한신",
            "투자타입":"재건축",
            "전용면적(m2)":"63.09",
            "전용면적(평)":"19평",
            "법정동주소":"강원도 속초시 조양동 1463-4",
            "도로명주소":"강원도 속초시 해오름로 149",
            "세대수":0,
            "입주년차":"--",
            "용적률점수":0,
            "건폐율점수":0,
            "세대당주차수":"--",
            "난방방식":"--",
            "공급면적":50,
            "전용률":60,
            "욕실수":"--",
            "현관타입":"--",
            "주거총점":5.5,
            "지역구공급총점":0.0,
            "역세권":"NA",
            "30분내 이동가능 거점":"NA",
            "1시간내 이동가능 거점":"NA",
            "교통총점":"NA",
            "백화점":0,
            "아울렛몰":0,
            "대형마트":80,
            "은행":0,
            "병원":10,
            "종합병원":100,
            "공원":0,
            "혐오시설":-50,
            "인프라총점":32.0,
            "초등학군":89.98,
            "중학군":44.84,
            "학군총점":53.868,
            "인구수":8.74,
            "인구증감":4.96,
            "인구총점":7.606,
            "일자리":4.88,
            "소득수준":48,
            "일자리총점":17.816,
            "가치 총점":28.192,
            "매매실거래년":20211027.0,
            "매매실거래가":25000.0,
            "전세실거래년":20200109.0,
            "전세실거래가":10000.0,
            "전세가율":40.0,
            "장기전세가율평균":74.98,
            "전세가율거품지수":34.98,
            "검색코드":6271,
            "세대수":135,
            "준공년월":"1990-11-15",
            "준공년차":33,
            "가까운역이름":"NA",
            "가까운역거리":"NA",
            "역세권여부":"NA",
            "30분이내주요거점역":"NA",
            "30분거점역이름":"NA",
            "1시간이내주요거점역":"NA",
            "1시간거점역이름":"NA",
            "3km이내백화점수":0,
            "5km이내아울렛몰수":0,
            "1km이내대형먀트수":1,
            "500m이내은행수":0,
            "500m이내병원수":2,
            "5km이내대형병원수":2,
            "500m이내공원수":0,
            "3km이내혐오시설수":1,
            "초등학교학업성취도":89.98,
            "중학교학업성취도":73.4,
            "용적률":222,
            "건폐율":0,
            "Y":38.18755,
            "X":128.60408,
            "rank":58.0,
            "area_info":"19평(63.09), 21평(72.0), 25평(84.88), 25평(84.17), 36평(119.59)",
            "last_sales":"2021-10-27,25000.0,19평(63.09)",
            "rank_history":[
                [
                    "202202",
                    58
                ],
                [
                    "202201",
                    57
                ]
            ],
            "rank_gap":-1
        },
        {
            "index":12,
            "아파트명":"교동현대3차",
            "투자타입":"일반",
            "전용면적(m2)":"78.76",
            "전용면적(평)":"23평",
            "법정동주소":"강원도 속초시 교동 782",
            "도로명주소":"강원도 속초시 미시령로3337번길 6-43",
            "세대수":0,
            "입주년차":0,
            "용적률점수":"--",
            "건폐율점수":"--",
            "세대당주차수":0,
            "난방방식":30,
            "공급면적":"--",
            "전용률":"--",
            "욕실수":50,
            "현관타입":100,
            "주거총점":18.0,
            "지역구공급총점":0.0,
            "역세권":"NA",
            "30분내 이동가능 거점":"NA",
            "1시간내 이동가능 거점":"NA",
            "교통총점":"NA",
            "백화점":0,
            "아울렛몰":0,
            "대형마트":0,
            "은행":0,
            "병원":10,
            "종합병원":100,
            "공원":100,
            "혐오시설":0,
            "인프라총점":24.0,
            "초등학군":90.01,
            "중학군":34.42,
            "학군총점":45.538,
            "인구수":8.74,
            "인구증감":4.96,
            "인구총점":7.606,
            "일자리":4.88,
            "소득수준":48,
            "일자리총점":17.816,
            "가치 총점":27.2845,
            "매매실거래년":20220117.0,
            "매매실거래가":18700.0,
            "전세실거래년":20220121.0,
            "전세실거래가":12000.0,
            "전세가율":67.8,
            "장기전세가율평균":74.98,
            "전세가율거품지수":7.18,
            "검색코드":13536,
            "세대수":288,
            "준공년월":"1998-09-08",
            "준공년차":25,
            "가까운역이름":"NA",
            "가까운역거리":"NA",
            "역세권여부":"NA",
            "30분이내주요거점역":"NA",
            "30분거점역이름":"NA",
            "1시간이내주요거점역":"NA",
            "1시간거점역이름":"NA",
            "3km이내백화점수":0,
            "5km이내아울렛몰수":0,
            "1km이내대형먀트수":0,
            "500m이내은행수":0,
            "500m이내병원수":3,
            "5km이내대형병원수":2,
            "500m이내공원수":3,
            "3km이내혐오시설수":0,
            "초등학교학업성취도":90.01,
            "중학교학업성취도":57.1,
            "용적률":0,
            "건폐율":0,
            "Y":38.206077,
            "X":128.573182,
            "rank":59.0,
            "area_info":"23평(78.76), 32평(107.24), 49평(164.19)",
            "last_sales":"2022-01-17,18700.0,32평(107.24)",
            "rank_history":[
                [
                    "202202",
                    59
                ],
                [
                    "202201",
                    58
                ]
            ],
            "rank_gap":-1
        },
        {
            "index":83,
            "아파트명":"금호대명2차",
            "투자타입":"일반",
            "전용면적(m2)":"80.58",
            "전용면적(평)":"24평",
            "법정동주소":"강원도 속초시 금호동 622-66",
            "도로명주소":"강원도 속초시 미시령로 3429",
            "세대수":0,
            "입주년차":0,
            "용적률점수":"--",
            "건폐율점수":"--",
            "세대당주차수":0,
            "난방방식":30,
            "공급면적":"--",
            "전용률":"--",
            "욕실수":50,
            "현관타입":10,
            "주거총점":9.0,
            "지역구공급총점":0.0,
            "역세권":"NA",
            "30분내 이동가능 거점":"NA",
            "1시간내 이동가능 거점":"NA",
            "교통총점":"NA",
            "백화점":0,
            "아울렛몰":0,
            "대형마트":0,
            "은행":0,
            "병원":10,
            "종합병원":100,
            "공원":100,
            "혐오시설":0,
            "인프라총점":24.0,
            "초등학군":90.02,
            "중학군":41.1,
            "학군총점":50.884,
            "인구수":8.74,
            "인구증감":4.96,
            "인구총점":7.606,
            "일자리":4.88,
            "소득수준":48,
            "일자리총점":17.816,
            "가치 총점":25.471,
            "매매실거래년":20211206.0,
            "매매실거래가":18900.0,
            "전세실거래년":20210928.0,
            "전세실거래가":13000.0,
            "전세가율":100.0,
            "장기전세가율평균":74.98,
            "전세가율거품지수":-25.02,
            "검색코드":6261,
            "세대수":200,
            "준공년월":"1993-05-26",
            "준공년차":30,
            "가까운역이름":"NA",
            "가까운역거리":"NA",
            "역세권여부":"NA",
            "30분이내주요거점역":"NA",
            "30분거점역이름":"NA",
            "1시간이내주요거점역":"NA",
            "1시간거점역이름":"NA",
            "3km이내백화점수":0,
            "5km이내아울렛몰수":0,
            "1km이내대형먀트수":0,
            "500m이내은행수":0,
            "500m이내병원수":2,
            "5km이내대형병원수":2,
            "500m이내공원수":2,
            "3km이내혐오시설수":0,
            "초등학교학업성취도":90.02,
            "중학교학업성취도":67.3,
            "용적률":224,
            "건폐율":21,
            "Y":38.209826,
            "X":128.580337,
            "rank":60.0,
            "area_info":"24평(80.58), 31평(102.73)",
            "last_sales":"2021-12-06,18900.0,31평(102.73)",
            "rank_history":[
                [
                    "202202",
                    60
                ],
                [
                    "202201",
                    59
                ]
            ],
            "rank_gap":-1
        },
        {
            "index":29,
            "아파트명":"로얄2차",
            "투자타입":"재건축",
            "전용면적(m2)":"46.67",
            "전용면적(평)":"14평",
            "법정동주소":"강원도 속초시 교동 800-68",
            "도로명주소":"강원도 속초시 만리공원길 16",
            "세대수":0,
            "입주년차":"--",
            "용적률점수":0,
            "건폐율점수":0,
            "세대당주차수":"--",
            "난방방식":"--",
            "공급면적":50,
            "전용률":60,
            "욕실수":"--",
            "현관타입":"--",
            "주거총점":5.5,
            "지역구공급총점":0.0,
            "역세권":"NA",
            "30분내 이동가능 거점":"NA",
            "1시간내 이동가능 거점":"NA",
            "교통총점":"NA",
            "백화점":0,
            "아울렛몰":0,
            "대형마트":0,
            "은행":0,
            "병원":60,
            "종합병원":100,
            "공원":100,
            "혐오시설":0,
            "인프라총점":29.0,
            "초등학군":90.01,
            "중학군":34.42,
            "학군총점":45.538,
            "인구수":8.74,
            "인구증감":4.96,
            "인구총점":7.606,
            "일자리":4.88,
            "소득수준":48,
            "일자리총점":17.816,
            "가치 총점":24.9095,
            "매매실거래년":20211227.0,
            "매매실거래가":7800.0,
            "전세실거래년":20210202.0,
            "전세실거래가":5000.0,
            "전세가율":64.1,
            "장기전세가율평균":74.98,
            "전세가율거품지수":10.88,
            "검색코드":6213,
            "세대수":155,
            "준공년월":"1987-12-21",
            "준공년차":36,
            "가까운역이름":"NA",
            "가까운역거리":"NA",
            "역세권여부":"NA",
            "30분이내주요거점역":"NA",
            "30분거점역이름":"NA",
            "1시간이내주요거점역":"NA",
            "1시간거점역이름":"NA",
            "3km이내백화점수":0,
            "5km이내아울렛몰수":0,
            "1km이내대형먀트수":0,
            "500m이내은행수":0,
            "500m이내병원수":10,
            "5km이내대형병원수":2,
            "500m이내공원수":6,
            "3km이내혐오시설수":0,
            "초등학교학업성취도":90.01,
            "중학교학업성취도":57.1,
            "용적률":0,
            "건폐율":0,
            "Y":38.201775,
            "X":128.572247,
            "rank":61.0,
            "area_info":"14평(46.67), 14평(46.82), 16평(55.98)",
            "last_sales":"2021-12-27,7800.0,14평(46.67)",
            "rank_history":[
                [
                    "202202",
                    61
                ],
                [
                    "202201",
                    61
                ]
            ],
            "rank_gap":0
        },
        {
            "index":120,
            "아파트명":"송하",
            "투자타입":"재건축",
            "전용면적(m2)":"50.79",
            "전용면적(평)":"15평",
            "법정동주소":"강원도 속초시 영랑동 160-1",
            "도로명주소":"강원도 속초시 영랑로3길 22",
            "세대수":0,
            "입주년차":"--",
            "용적률점수":0,
            "건폐율점수":0,
            "세대당주차수":"--",
            "난방방식":"--",
            "공급면적":50,
            "전용률":60,
            "욕실수":"--",
            "현관타입":"--",
            "주거총점":5.5,
            "지역구공급총점":0.0,
            "역세권":"NA",
            "30분내 이동가능 거점":"NA",
            "1시간내 이동가능 거점":"NA",
            "교통총점":"NA",
            "백화점":0,
            "아울렛몰":0,
            "대형마트":0,
            "은행":0,
            "병원":10,
            "종합병원":100,
            "공원":80,
            "혐오시설":0,
            "인프라총점":23.4,
            "초등학군":89.99,
            "중학군":44.84,
            "학군총점":53.87,
            "인구수":8.74,
            "인구증감":4.96,
            "인구총점":7.606,
            "일자리":4.88,
            "소득수준":48,
            "일자리총점":17.816,
            "가치 총점":24.7525,
            "매매실거래년":20220113.0,
            "매매실거래가":5800.0,
            "전세실거래년":20190924.0,
            "전세실거래가":3700.0,
            "전세가율":52.86,
            "장기전세가율평균":74.98,
            "전세가율거품지수":22.12,
            "검색코드":102346,
            "세대수":133,
            "준공년월":"1988-02-11",
            "준공년차":35,
            "가까운역이름":"NA",
            "가까운역거리":"NA",
            "역세권여부":"NA",
            "30분이내주요거점역":"NA",
            "30분거점역이름":"NA",
            "1시간이내주요거점역":"NA",
            "1시간거점역이름":"NA",
            "3km이내백화점수":0,
            "5km이내아울렛몰수":0,
            "1km이내대형먀트수":0,
            "500m이내은행수":1,
            "500m이내병원수":2,
            "5km이내대형병원수":2,
            "500m이내공원수":1,
            "3km이내혐오시설수":0,
            "초등학교학업성취도":89.99,
            "중학교학업성취도":73.4,
            "용적률":0,
            "건폐율":0,
            "Y":38.216049,
            "X":128.591715,
            "rank":62.0,
            "area_info":"15평(50.79), 15평(51.3), 16평(54.63), 17평(58.84), 19평(64.11)",
            "last_sales":"2022-01-13,5800.0,15평(51.3)",
            "rank_history":[
                [
                    "202202",
                    62
                ],
                [
                    "202201",
                    60
                ]
            ],
            "rank_gap":-2
        },
        {
            "index":125,
            "아파트명":"양우비치타워맨션",
            "투자타입":"재건축",
            "전용면적(m2)":"60.59",
            "전용면적(평)":"18평",
            "법정동주소":"강원도 속초시 영랑동 157",
            "도로명주소":"강원도 속초시 영랑로4길 10",
            "세대수":0,
            "입주년차":"--",
            "용적률점수":0,
            "건폐율점수":0,
            "세대당주차수":"--",
            "난방방식":"--",
            "공급면적":50,
            "전용률":60,
            "욕실수":"--",
            "현관타입":"--",
            "주거총점":5.5,
            "지역구공급총점":0.0,
            "역세권":"NA",
            "30분내 이동가능 거점":"NA",
            "1시간내 이동가능 거점":"NA",
            "교통총점":"NA",
            "백화점":0,
            "아울렛몰":0,
            "대형마트":0,
            "은행":0,
            "병원":10,
            "종합병원":100,
            "공원":80,
            "혐오시설":0,
            "인프라총점":23.4,
            "초등학군":89.99,
            "중학군":44.84,
            "학군총점":53.87,
            "인구수":8.74,
            "인구증감":4.96,
            "인구총점":7.606,
            "일자리":4.88,
            "소득수준":48,
            "일자리총점":17.816,
            "가치 총점":24.7525,
            "매매실거래년":20210312.0,
            "매매실거래가":19000.0,
            "전세실거래년":null,
            "전세실거래가":null,
            "전세가율":null,
            "장기전세가율평균":74.98,
            "전세가율거품지수":null,
            "검색코드":13581,
            "세대수":218,
            "준공년월":"1990-11-26",
            "준공년차":33,
            "가까운역이름":"NA",
            "가까운역거리":"NA",
            "역세권여부":"NA",
            "30분이내주요거점역":"NA",
            "30분거점역이름":"NA",
            "1시간이내주요거점역":"NA",
            "1시간거점역이름":"NA",
            "3km이내백화점수":0,
            "5km이내아울렛몰수":0,
            "1km이내대형먀트수":0,
            "500m이내은행수":1,
            "500m이내병원수":2,
            "5km이내대형병원수":2,
            "500m이내공원수":1,
            "3km이내혐오시설수":0,
            "초등학교학업성취도":89.99,
            "중학교학업성취도":73.4,
            "용적률":0,
            "건폐율":0,
            "Y":38.21595,
            "X":128.59259,
            "rank":62.0,
            "area_info":"18평(60.59), 25평(83.02), 35평(116.94), 44평(147.08)",
            "last_sales":"2021-03-12,19000.0,44평(147.08)",
            "rank_history":[
                [
                    "202202",
                    62
                ],
                [
                    "202201",
                    60
                ]
            ],
            "rank_gap":-2
        },
        {
            "index":111,
            "아파트명":"현대설악빌리지",
            "투자타입":"재건축",
            "전용면적(m2)":"50.22",
            "전용면적(평)":"15평",
            "법정동주소":"강원도 속초시 설악동 348-2",
            "도로명주소":"강원도 속초시 청봉로1길 21",
            "세대수":0,
            "입주년차":"--",
            "용적률점수":0,
            "건폐율점수":0,
            "세대당주차수":"--",
            "난방방식":"--",
            "공급면적":50,
            "전용률":60,
            "욕실수":"--",
            "현관타입":"--",
            "주거총점":5.5,
            "지역구공급총점":0.0,
            "역세권":"NA",
            "30분내 이동가능 거점":"NA",
            "1시간내 이동가능 거점":"NA",
            "교통총점":"NA",
            "백화점":0,
            "아울렛몰":0,
            "대형마트":0,
            "은행":0,
            "병원":0,
            "종합병원":0,
            "공원":0,
            "혐오시설":0,
            "인프라총점":0.0,
            "초등학군":89.98,
            "중학군":45.02,
            "학군총점":54.012,
            "인구수":8.74,
            "인구증감":4.96,
            "인구총점":7.606,
            "일자리":4.88,
            "소득수준":48,
            "일자리총점":17.816,
            "가치 총점":15.428,
            "매매실거래년":"18000101",
            "매매실거래가":null,
            "전세실거래년":null,
            "전세실거래가":null,
            "전세가율":null,
            "장기전세가율평균":74.98,
            "전세가율거품지수":null,
            "검색코드":136222,
            "세대수":140,
            "준공년월":"1990-12-15",
            "준공년차":33,
            "가까운역이름":"NA",
            "가까운역거리":"NA",
            "역세권여부":"NA",
            "30분이내주요거점역":"NA",
            "30분거점역이름":"NA",
            "1시간이내주요거점역":"NA",
            "1시간거점역이름":"NA",
            "3km이내백화점수":0,
            "5km이내아울렛몰수":0,
            "1km이내대형먀트수":0,
            "500m이내은행수":0,
            "500m이내병원수":0,
            "5km이내대형병원수":0,
            "500m이내공원수":0,
            "3km이내혐오시설수":0,
            "초등학교학업성취도":89.98,
            "중학교학업성취도":74.1,
            "용적률":0,
            "건폐율":0,
            "Y":38.16472,
            "X":128.538306,
            "rank":63.0,
            "area_info":"15평(50.22), 18평(62.36), 20평(67.0), 20평(67.87), 23평(77.33), 28평(95.5), 28평(95.05)",
            "last_sales":"1800-01-01,nan,15평(50.22)",
            "rank_history":[
                [
                    "202202",
                    63
                ],
                [
                    "202201",
                    62
                ]
            ],
            "rank_gap":-1
        }
    ]
}