{
    "schema":{
        "fields":[
            {
                "name":"index",
                "type":"integer"
            },
            {
                "name":"아파트명",
                "type":"string"
            },
            {
                "name":"투자타입",
                "type":"string"
            },
            {
                "name":"전용면적(m2)",
                "type":"string"
            },
            {
                "name":"전용면적(평)",
                "type":"string"
            },
            {
                "name":"법정동주소",
                "type":"string"
            },
            {
                "name":"도로명주소",
                "type":"string"
            },
            {
                "name":"세대수",
                "type":"integer"
            },
            {
                "name":"입주년차",
                "type":"string"
            },
            {
                "name":"용적률점수",
                "type":"string"
            },
            {
                "name":"건폐율점수",
                "type":"string"
            },
            {
                "name":"세대당주차수",
                "type":"string"
            },
            {
                "name":"난방방식",
                "type":"string"
            },
            {
                "name":"공급면적",
                "type":"string"
            },
            {
                "name":"전용률",
                "type":"string"
            },
            {
                "name":"욕실수",
                "type":"string"
            },
            {
                "name":"현관타입",
                "type":"string"
            },
            {
                "name":"주거총점",
                "type":"number"
            },
            {
                "name":"지역구공급총점",
                "type":"number"
            },
            {
                "name":"역세권",
                "type":"string"
            },
            {
                "name":"30분내 이동가능 거점",
                "type":"string"
            },
            {
                "name":"1시간내 이동가능 거점",
                "type":"string"
            },
            {
                "name":"교통총점",
                "type":"string"
            },
            {
                "name":"백화점",
                "type":"integer"
            },
            {
                "name":"아울렛몰",
                "type":"integer"
            },
            {
                "name":"대형마트",
                "type":"integer"
            },
            {
                "name":"은행",
                "type":"integer"
            },
            {
                "name":"병원",
                "type":"integer"
            },
            {
                "name":"종합병원",
                "type":"integer"
            },
            {
                "name":"공원",
                "type":"integer"
            },
            {
                "name":"혐오시설",
                "type":"integer"
            },
            {
                "name":"인프라총점",
                "type":"number"
            },
            {
                "name":"초등학군",
                "type":"number"
            },
            {
                "name":"중학군",
                "type":"number"
            },
            {
                "name":"학군총점",
                "type":"number"
            },
            {
                "name":"인구수",
                "type":"number"
            },
            {
                "name":"인구증감",
                "type":"number"
            },
            {
                "name":"인구총점",
                "type":"number"
            },
            {
                "name":"일자리",
                "type":"number"
            },
            {
                "name":"소득수준",
                "type":"number"
            },
            {
                "name":"일자리총점",
                "type":"number"
            },
            {
                "name":"가치 총점",
                "type":"number"
            },
            {
                "name":"매매실거래년",
                "type":"string"
            },
            {
                "name":"매매실거래가",
                "type":"number"
            },
            {
                "name":"전세실거래년",
                "type":"number"
            },
            {
                "name":"전세실거래가",
                "type":"number"
            },
            {
                "name":"전세가율",
                "type":"number"
            },
            {
                "name":"장기전세가율평균",
                "type":"number"
            },
            {
                "name":"전세가율거품지수",
                "type":"number"
            },
            {
                "name":"검색코드",
                "type":"integer"
            },
            {
                "name":"세대수",
                "type":"number"
            },
            {
                "name":"준공년월",
                "type":"string"
            },
            {
                "name":"준공년차",
                "type":"number"
            },
            {
                "name":"가까운역이름",
                "type":"string"
            },
            {
                "name":"가까운역거리",
                "type":"string"
            },
            {
                "name":"역세권여부",
                "type":"string"
            },
            {
                "name":"30분이내주요거점역",
                "type":"string"
            },
            {
                "name":"30분거점역이름",
                "type":"string"
            },
            {
                "name":"1시간이내주요거점역",
                "type":"string"
            },
            {
                "name":"1시간거점역이름",
                "type":"string"
            },
            {
                "name":"3km이내백화점수",
                "type":"integer"
            },
            {
                "name":"5km이내아울렛몰수",
                "type":"integer"
            },
            {
                "name":"1km이내대형먀트수",
                "type":"integer"
            },
            {
                "name":"500m이내은행수",
                "type":"integer"
            },
            {
                "name":"500m이내병원수",
                "type":"integer"
            },
            {
                "name":"5km이내대형병원수",
                "type":"integer"
            },
            {
                "name":"500m이내공원수",
                "type":"integer"
            },
            {
                "name":"3km이내혐오시설수",
                "type":"integer"
            },
            {
                "name":"초등학교학업성취도",
                "type":"number"
            },
            {
                "name":"중학교학업성취도",
                "type":"number"
            },
            {
                "name":"용적률",
                "type":"integer"
            },
            {
                "name":"건폐율",
                "type":"integer"
            },
            {
                "name":"Y",
                "type":"number"
            },
            {
                "name":"X",
                "type":"number"
            },
            {
                "name":"rank",
                "type":"number"
            },
            {
                "name":"area_info",
                "type":"string"
            },
            {
                "name":"last_sales",
                "type":"string"
            },
            {
                "name":"rank_history",
                "type":"string"
            },
            {
                "name":"rank_gap",
                "type":"integer"
            }
        ],
        "primaryKey":[
            "index"
        ],
        "pandas_version":"1.4.0"
    },
    "data":[
        {
            "index":40,
            "아파트명":"힐스테이트자이논산",
            "투자타입":"일반",
            "전용면적(m2)":"97.77",
            "전용면적(평)":"29평",
            "법정동주소":"충청남도 논산시 내동 1105",
            "도로명주소":"충청남도 논산시 시민로132번길 7",
            "세대수":80,
            "입주년차":100,
            "용적률점수":"--",
            "건폐율점수":"--",
            "세대당주차수":60,
            "난방방식":30,
            "공급면적":"--",
            "전용률":"--",
            "욕실수":100,
            "현관타입":100,
            "주거총점":80.0,
            "지역구공급총점":100.0,
            "역세권":"NA",
            "30분내 이동가능 거점":"NA",
            "1시간내 이동가능 거점":"NA",
            "교통총점":"NA",
            "백화점":0,
            "아울렛몰":0,
            "대형마트":80,
            "은행":0,
            "병원":0,
            "종합병원":80,
            "공원":100,
            "혐오시설":0,
            "인프라총점":31.0,
            "초등학군":90.0,
            "중학군":42.1,
            "학군총점":51.68,
            "인구수":11.25,
            "인구증감":-4.35,
            "인구총점":6.57,
            "일자리":9.41,
            "소득수준":55.76,
            "일자리총점":23.315,
            "가치 총점":53.32,
            "매매실거래년":20220126.0,
            "매매실거래가":42500.0,
            "전세실거래년":20211217.0,
            "전세실거래가":31000.0,
            "전세가율":82.67,
            "장기전세가율평균":74.74,
            "전세가율거품지수":-7.93,
            "검색코드":115926,
            "세대수":770.0,
            "준공년월":"2019-01-01",
            "준공년차":4.0,
            "가까운역이름":"NA",
            "가까운역거리":"NA",
            "역세권여부":"NA",
            "30분이내주요거점역":"NA",
            "30분거점역이름":"NA",
            "1시간이내주요거점역":"NA",
            "1시간거점역이름":"NA",
            "3km이내백화점수":0,
            "5km이내아울렛몰수":0,
            "1km이내대형먀트수":1,
            "500m이내은행수":0,
            "500m이내병원수":0,
            "5km이내대형병원수":1,
            "500m이내공원수":17,
            "3km이내혐오시설수":0,
            "초등학교학업성취도":90.0,
            "중학교학업성취도":69.7,
            "용적률":205,
            "건폐율":0,
            "Y":36.181132,
            "X":127.102007,
            "rank":1.0,
            "area_info":"29평(97.77), 33평(110.25), 33평(110.86), 33평(111.48)",
            "last_sales":"2022-01-26,42500.0,33평(110.86)",
            "rank_history":[
                [
                    "202202",
                    1
                ],
                [
                    "202201",
                    1
                ]
            ],
            "rank_gap":0
        },
        {
            "index":22,
            "아파트명":"LH리벤하임",
            "투자타입":"일반",
            "전용면적(m2)":"68.95",
            "전용면적(평)":"20평",
            "법정동주소":"충청남도 논산시 내동 1113",
            "도로명주소":"충청남도 논산시 대학로65번길 46",
            "세대수":80,
            "입주년차":80,
            "용적률점수":"--",
            "건폐율점수":"--",
            "세대당주차수":30,
            "난방방식":30,
            "공급면적":"--",
            "전용률":"--",
            "욕실수":50,
            "현관타입":100,
            "주거총점":66.5,
            "지역구공급총점":100.0,
            "역세권":"NA",
            "30분내 이동가능 거점":"NA",
            "1시간내 이동가능 거점":"NA",
            "교통총점":"NA",
            "백화점":0,
            "아울렛몰":0,
            "대형마트":80,
            "은행":0,
            "병원":0,
            "종합병원":80,
            "공원":100,
            "혐오시설":0,
            "인프라총점":31.0,
            "초등학군":90.0,
            "중학군":42.1,
            "학군총점":51.68,
            "인구수":11.25,
            "인구증감":-4.35,
            "인구총점":6.57,
            "일자리":9.41,
            "소득수준":55.76,
            "일자리총점":23.315,
            "가치 총점":48.595,
            "매매실거래년":20211223.0,
            "매매실거래가":32600.0,
            "전세실거래년":20211125.0,
            "전세실거래가":16000.0,
            "전세가율":92.49,
            "장기전세가율평균":74.74,
            "전세가율거품지수":-17.75,
            "검색코드":107114,
            "세대수":860.0,
            "준공년월":"2014-12-11",
            "준공년차":9.0,
            "가까운역이름":"NA",
            "가까운역거리":"NA",
            "역세권여부":"NA",
            "30분이내주요거점역":"NA",
            "30분거점역이름":"NA",
            "1시간이내주요거점역":"NA",
            "1시간거점역이름":"NA",
            "3km이내백화점수":0,
            "5km이내아울렛몰수":0,
            "1km이내대형먀트수":1,
            "500m이내은행수":0,
            "500m이내병원수":0,
            "5km이내대형병원수":1,
            "500m이내공원수":17,
            "3km이내혐오시설수":0,
            "초등학교학업성취도":90.0,
            "중학교학업성취도":69.7,
            "용적률":184,
            "건폐율":16,
            "Y":36.182295,
            "X":127.104111,
            "rank":2.0,
            "area_info":"20평(68.95), 24평(79.54), 24평(79.58), 30평(99.46), 34평(112.52)",
            "last_sales":"2021-12-23,32600.0,34평(112.52)",
            "rank_history":[
                [
                    "202202",
                    2
                ],
                [
                    "202201",
                    2
                ]
            ],
            "rank_gap":0
        },
        {
            "index":29,
            "아파트명":"논산제이파크2단지",
            "투자타입":"일반",
            "전용면적(m2)":"102.64",
            "전용면적(평)":"31평",
            "법정동주소":"충청남도 논산시 내동 272-7",
            "도로명주소":"충청남도 논산시 시민로258번길 10",
            "세대수":50,
            "입주년차":20,
            "용적률점수":"--",
            "건폐율점수":"--",
            "세대당주차수":30,
            "난방방식":30,
            "공급면적":"--",
            "전용률":"--",
            "욕실수":100,
            "현관타입":100,
            "주거총점":49.0,
            "지역구공급총점":100.0,
            "역세권":"NA",
            "30분내 이동가능 거점":"NA",
            "1시간내 이동가능 거점":"NA",
            "교통총점":"NA",
            "백화점":0,
            "아울렛몰":0,
            "대형마트":100,
            "은행":0,
            "병원":60,
            "종합병원":80,
            "공원":100,
            "혐오시설":0,
            "인프라총점":40.0,
            "초등학군":90.01,
            "중학군":44.06,
            "학군총점":53.25,
            "인구수":11.25,
            "인구증감":-4.35,
            "인구총점":6.57,
            "일자리":9.41,
            "소득수준":55.76,
            "일자리총점":23.315,
            "가치 총점":46.4625,
            "매매실거래년":20211203.0,
            "매매실거래가":20800.0,
            "전세실거래년":20210202.0,
            "전세실거래가":15000.0,
            "전세가율":72.12,
            "장기전세가율평균":74.74,
            "전세가율거품지수":2.62,
            "검색코드":104522,
            "세대수":466.0,
            "준공년월":"2003-09-23",
            "준공년차":20.0,
            "가까운역이름":"NA",
            "가까운역거리":"NA",
            "역세권여부":"NA",
            "30분이내주요거점역":"NA",
            "30분거점역이름":"NA",
            "1시간이내주요거점역":"NA",
            "1시간거점역이름":"NA",
            "3km이내백화점수":0,
            "5km이내아울렛몰수":0,
            "1km이내대형먀트수":2,
            "500m이내은행수":1,
            "500m이내병원수":14,
            "5km이내대형병원수":1,
            "500m이내공원수":4,
            "3km이내혐오시설수":0,
            "초등학교학업성취도":90.01,
            "중학교학업성취도":72.9,
            "용적률":216,
            "건폐율":21,
            "Y":36.189834,
            "X":127.097533,
            "rank":3.0,
            "area_info":"31평(102.64), 31평(103.11)",
            "last_sales":"2021-12-03,20800.0,31평(102.64)",
            "rank_history":[
                [
                    "202202",
                    3
                ],
                [
                    "202201",
                    3
                ]
            ],
            "rank_gap":0
        },
        {
            "index":27,
            "아파트명":"논산제이파크1단지",
            "투자타입":"일반",
            "전용면적(m2)":"103.3",
            "전용면적(평)":"31평",
            "법정동주소":"충청남도 논산시 내동 272",
            "도로명주소":"충청남도 논산시 시민로258번길 9",
            "세대수":50,
            "입주년차":20,
            "용적률점수":"--",
            "건폐율점수":"--",
            "세대당주차수":30,
            "난방방식":30,
            "공급면적":"--",
            "전용률":"--",
            "욕실수":100,
            "현관타입":100,
            "주거총점":49.0,
            "지역구공급총점":100.0,
            "역세권":"NA",
            "30분내 이동가능 거점":"NA",
            "1시간내 이동가능 거점":"NA",
            "교통총점":"NA",
            "백화점":0,
            "아울렛몰":0,
            "대형마트":100,
            "은행":0,
            "병원":60,
            "종합병원":80,
            "공원":100,
            "혐오시설":0,
            "인프라총점":40.0,
            "초등학군":90.01,
            "중학군":44.06,
            "학군총점":53.25,
            "인구수":11.25,
            "인구증감":-4.35,
            "인구총점":6.57,
            "일자리":9.41,
            "소득수준":55.76,
            "일자리총점":23.315,
            "가치 총점":46.4625,
            "매매실거래년":20211228.0,
            "매매실거래가":20700.0,
            "전세실거래년":20211228.0,
            "전세실거래가":19000.0,
            "전세가율":91.79,
            "장기전세가율평균":74.74,
            "전세가율거품지수":-17.05,
            "검색코드":26995,
            "세대수":484.0,
            "준공년월":"2003-09-23",
            "준공년차":20.0,
            "가까운역이름":"NA",
            "가까운역거리":"NA",
            "역세권여부":"NA",
            "30분이내주요거점역":"NA",
            "30분거점역이름":"NA",
            "1시간이내주요거점역":"NA",
            "1시간거점역이름":"NA",
            "3km이내백화점수":0,
            "5km이내아울렛몰수":0,
            "1km이내대형먀트수":2,
            "500m이내은행수":1,
            "500m이내병원수":15,
            "5km이내대형병원수":1,
            "500m이내공원수":4,
            "3km이내혐오시설수":0,
            "초등학교학업성취도":90.01,
            "중학교학업성취도":72.9,
            "용적률":249,
            "건폐율":23,
            "Y":36.1909,
            "X":127.09664,
            "rank":3.0,
            "area_info":"31평(103.3), 31평(103.81)",
            "last_sales":"2021-12-28,20700.0,31평(103.3)",
            "rank_history":[
                [
                    "202202",
                    3
                ],
                [
                    "202201",
                    3
                ]
            ],
            "rank_gap":0
        },
        {
            "index":85,
            "아파트명":"골든타워",
            "투자타입":"일반",
            "전용면적(m2)":"102.37",
            "전용면적(평)":"30평",
            "법정동주소":"충청남도 논산시 취암동 103-1",
            "도로명주소":"충청남도 논산시 논산대로 344",
            "세대수":0,
            "입주년차":100,
            "용적률점수":"--",
            "건폐율점수":"--",
            "세대당주차수":30,
            "난방방식":30,
            "공급면적":"--",
            "전용률":"--",
            "욕실수":100,
            "현관타입":100,
            "주거총점":47.5,
            "지역구공급총점":100.0,
            "역세권":"NA",
            "30분내 이동가능 거점":"NA",
            "1시간내 이동가능 거점":"NA",
            "교통총점":"NA",
            "백화점":0,
            "아울렛몰":0,
            "대형마트":80,
            "은행":0,
            "병원":60,
            "종합병원":80,
            "공원":100,
            "혐오시설":0,
            "인프라총점":37.0,
            "초등학군":90.01,
            "중학군":44.06,
            "학군총점":53.25,
            "인구수":11.25,
            "인구증감":-4.35,
            "인구총점":6.57,
            "일자리":9.41,
            "소득수준":55.76,
            "일자리총점":23.315,
            "가치 총점":44.7375,
            "매매실거래년":20211207.0,
            "매매실거래가":40458.0,
            "전세실거래년":null,
            "전세실거래가":null,
            "전세가율":null,
            "장기전세가율평균":74.74,
            "전세가율거품지수":null,
            "검색코드":125392,
            "세대수":202.0,
            "준공년월":"2021-12-01",
            "준공년차":2.0,
            "가까운역이름":"NA",
            "가까운역거리":"NA",
            "역세권여부":"NA",
            "30분이내주요거점역":"NA",
            "30분거점역이름":"NA",
            "1시간이내주요거점역":"NA",
            "1시간거점역이름":"NA",
            "3km이내백화점수":0,
            "5km이내아울렛몰수":0,
            "1km이내대형먀트수":1,
            "500m이내은행수":0,
            "500m이내병원수":14,
            "5km이내대형병원수":1,
            "500m이내공원수":2,
            "3km이내혐오시설수":0,
            "초등학교학업성취도":90.01,
            "중학교학업성취도":72.9,
            "용적률":478,
            "건폐율":66,
            "Y":36.193445,
            "X":127.098851,
            "rank":4.0,
            "area_info":"30평(102.37), 33평(112.08), 34평(113.16), 38평(127.74), 42평(140.78), 58평(191.84), 63평(209.28)",
            "last_sales":"2021-12-07,40458.0,38평(127.74)",
            "rank_history":[
                [
                    "202202",
                    4
                ],
                [
                    "202201",
                    9
                ]
            ],
            "rank_gap":5
        },
        {
            "index":102,
            "아파트명":"취암모닝빌",
            "투자타입":"일반",
            "전용면적(m2)":"82.65",
            "전용면적(평)":"25평",
            "법정동주소":"충청남도 논산시 취암동 1103",
            "도로명주소":"충청남도 논산시 중앙로 281-6",
            "세대수":0,
            "입주년차":80,
            "용적률점수":"--",
            "건폐율점수":"--",
            "세대당주차수":30,
            "난방방식":30,
            "공급면적":"--",
            "전용률":"--",
            "욕실수":100,
            "현관타입":100,
            "주거총점":43.5,
            "지역구공급총점":100.0,
            "역세권":"NA",
            "30분내 이동가능 거점":"NA",
            "1시간내 이동가능 거점":"NA",
            "교통총점":"NA",
            "백화점":0,
            "아울렛몰":0,
            "대형마트":100,
            "은행":0,
            "병원":60,
            "종합병원":80,
            "공원":100,
            "혐오시설":0,
            "인프라총점":40.0,
            "초등학군":90.01,
            "중학군":44.06,
            "학군총점":53.25,
            "인구수":11.25,
            "인구증감":-4.35,
            "인구총점":6.57,
            "일자리":9.41,
            "소득수준":55.76,
            "일자리총점":23.315,
            "가치 총점":44.5375,
            "매매실거래년":20211005.0,
            "매매실거래가":29550.0,
            "전세실거래년":20211230.0,
            "전세실거래가":21000.0,
            "전세가율":91.7,
            "장기전세가율평균":74.74,
            "전세가율거품지수":-16.96,
            "검색코드":116011,
            "세대수":157.0,
            "준공년월":"2016-05-18",
            "준공년차":7.0,
            "가까운역이름":"NA",
            "가까운역거리":"NA",
            "역세권여부":"NA",
            "30분이내주요거점역":"NA",
            "30분거점역이름":"NA",
            "1시간이내주요거점역":"NA",
            "1시간거점역이름":"NA",
            "3km이내백화점수":0,
            "5km이내아울렛몰수":0,
            "1km이내대형먀트수":2,
            "500m이내은행수":0,
            "500m이내병원수":15,
            "5km이내대형병원수":1,
            "500m이내공원수":2,
            "3km이내혐오시설수":0,
            "초등학교학업성취도":90.01,
            "중학교학업성취도":72.9,
            "용적률":247,
            "건폐율":32,
            "Y":36.192052,
            "X":127.096946,
            "rank":5.0,
            "area_info":"25평(82.65), 25평(83.36), 25평(83.06), 25평(83.24), 25평(84.53), 33평(109.25), 33평(110.93), 33평(110.8)",
            "last_sales":"2021-10-05,29550.0,33평(109.25)",
            "rank_history":[
                [
                    "202202",
                    5
                ],
                [
                    "202201",
                    4
                ]
            ],
            "rank_gap":-1
        },
        {
            "index":35,
            "아파트명":"모닝빌2차",
            "투자타입":"일반",
            "전용면적(m2)":"89.99",
            "전용면적(평)":"27평",
            "법정동주소":"충청남도 논산시 내동 1262",
            "도로명주소":"충청남도 논산시 체육로 13",
            "세대수":0,
            "입주년차":80,
            "용적률점수":"--",
            "건폐율점수":"--",
            "세대당주차수":30,
            "난방방식":30,
            "공급면적":"--",
            "전용률":"--",
            "욕실수":100,
            "현관타입":100,
            "주거총점":43.5,
            "지역구공급총점":100.0,
            "역세권":"NA",
            "30분내 이동가능 거점":"NA",
            "1시간내 이동가능 거점":"NA",
            "교통총점":"NA",
            "백화점":0,
            "아울렛몰":0,
            "대형마트":100,
            "은행":0,
            "병원":60,
            "종합병원":80,
            "공원":100,
            "혐오시설":0,
            "인프라총점":40.0,
            "초등학군":90.01,
            "중학군":44.06,
            "학군총점":53.25,
            "인구수":11.25,
            "인구증감":-4.35,
            "인구총점":6.57,
            "일자리":9.41,
            "소득수준":55.76,
            "일자리총점":23.315,
            "가치 총점":44.5375,
            "매매실거래년":20211120.0,
            "매매실거래가":27500.0,
            "전세실거래년":null,
            "전세실거래가":null,
            "전세가율":null,
            "장기전세가율평균":74.74,
            "전세가율거품지수":null,
            "검색코드":111919,
            "세대수":127.0,
            "준공년월":"2014-10-15",
            "준공년차":9.0,
            "가까운역이름":"NA",
            "가까운역거리":"NA",
            "역세권여부":"NA",
            "30분이내주요거점역":"NA",
            "30분거점역이름":"NA",
            "1시간이내주요거점역":"NA",
            "1시간거점역이름":"NA",
            "3km이내백화점수":0,
            "5km이내아울렛몰수":0,
            "1km이내대형먀트수":2,
            "500m이내은행수":1,
            "500m이내병원수":14,
            "5km이내대형병원수":1,
            "500m이내공원수":4,
            "3km이내혐오시설수":0,
            "초등학교학업성취도":90.01,
            "중학교학업성취도":72.9,
            "용적률":214,
            "건폐율":24,
            "Y":36.188868,
            "X":127.097344,
            "rank":5.0,
            "area_info":"27평(89.99), 30평(100.68), 31평(105.68)",
            "last_sales":"2021-11-20,27500.0,31평(105.68)",
            "rank_history":[
                [
                    "202202",
                    5
                ],
                [
                    "202201",
                    4
                ]
            ],
            "rank_gap":-1
        },
        {
            "index":94,
            "아파트명":"주공",
            "투자타입":"일반",
            "전용면적(m2)":"68.48",
            "전용면적(평)":"20평",
            "법정동주소":"충청남도 논산시 취암동 80",
            "도로명주소":"충청남도 논산시 중앙로260번길 59-5",
            "세대수":50,
            "입주년차":20,
            "용적률점수":"--",
            "건폐율점수":"--",
            "세대당주차수":30,
            "난방방식":30,
            "공급면적":"--",
            "전용률":"--",
            "욕실수":50,
            "현관타입":100,
            "주거총점":44.0,
            "지역구공급총점":100.0,
            "역세권":"NA",
            "30분내 이동가능 거점":"NA",
            "1시간내 이동가능 거점":"NA",
            "교통총점":"NA",
            "백화점":0,
            "아울렛몰":0,
            "대형마트":100,
            "은행":0,
            "병원":60,
            "종합병원":80,
            "공원":100,
            "혐오시설":0,
            "인프라총점":40.0,
            "초등학군":90.0,
            "중학군":42.1,
            "학군총점":51.68,
            "인구수":11.25,
            "인구증감":-4.35,
            "인구총점":6.57,
            "일자리":9.41,
            "소득수준":55.76,
            "일자리총점":23.315,
            "가치 총점":44.32,
            "매매실거래년":20220114.0,
            "매매실거래가":11850.0,
            "전세실거래년":20211218.0,
            "전세실거래가":10000.0,
            "전세가율":84.39,
            "장기전세가율평균":74.74,
            "전세가율거품지수":-9.65,
            "검색코드":26154,
            "세대수":408.0,
            "준공년월":"2002-08-29",
            "준공년차":21.0,
            "가까운역이름":"NA",
            "가까운역거리":"NA",
            "역세권여부":"NA",
            "30분이내주요거점역":"NA",
            "30분거점역이름":"NA",
            "1시간이내주요거점역":"NA",
            "1시간거점역이름":"NA",
            "3km이내백화점수":0,
            "5km이내아울렛몰수":0,
            "1km이내대형먀트수":2,
            "500m이내은행수":1,
            "500m이내병원수":12,
            "5km이내대형병원수":1,
            "500m이내공원수":4,
            "3km이내혐오시설수":0,
            "초등학교학업성취도":90.0,
            "중학교학업성취도":69.7,
            "용적률":150,
            "건폐율":15,
            "Y":36.190777,
            "X":127.100679,
            "rank":6.0,
            "area_info":"20평(68.48), 22평(73.82), 26평(88.4)",
            "last_sales":"2022-01-14,11850.0,20평(68.48)",
            "rank_history":[
                [
                    "202202",
                    6
                ],
                [
                    "202201",
                    6
                ]
            ],
            "rank_gap":0
        },
        {
            "index":44,
            "아파트명":"논산대교코아루",
            "투자타입":"일반",
            "전용면적(m2)":"80.24",
            "전용면적(평)":"24평",
            "법정동주소":"충청남도 논산시 대교동 336",
            "도로명주소":"충청남도 논산시 대화로133번길 13",
            "세대수":30,
            "입주년차":80,
            "용적률점수":"--",
            "건폐율점수":"--",
            "세대당주차수":0,
            "난방방식":30,
            "공급면적":"--",
            "전용률":"--",
            "욕실수":100,
            "현관타입":100,
            "주거총점":49.5,
            "지역구공급총점":100.0,
            "역세권":"NA",
            "30분내 이동가능 거점":"NA",
            "1시간내 이동가능 거점":"NA",
            "교통총점":"NA",
            "백화점":0,
            "아울렛몰":0,
            "대형마트":80,
            "은행":0,
            "병원":0,
            "종합병원":80,
            "공원":100,
            "혐오시설":0,
            "인프라총점":31.0,
            "초등학군":90.01,
            "중학군":48.78,
            "학군총점":57.026,
            "인구수":11.25,
            "인구증감":-4.35,
            "인구총점":6.57,
            "일자리":9.41,
            "소득수준":55.76,
            "일자리총점":23.315,
            "가치 총점":43.9815,
            "매매실거래년":20220118.0,
            "매매실거래가":19400.0,
            "전세실거래년":20210925.0,
            "전세실거래가":14000.0,
            "전세가율":72.16,
            "장기전세가율평균":74.74,
            "전세가율거품지수":2.58,
            "검색코드":107334,
            "세대수":318.0,
            "준공년월":"2015-10-20",
            "준공년차":8.0,
            "가까운역이름":"NA",
            "가까운역거리":"NA",
            "역세권여부":"NA",
            "30분이내주요거점역":"NA",
            "30분거점역이름":"NA",
            "1시간이내주요거점역":"NA",
            "1시간거점역이름":"NA",
            "3km이내백화점수":0,
            "5km이내아울렛몰수":0,
            "1km이내대형먀트수":1,
            "500m이내은행수":0,
            "500m이내병원수":1,
            "5km이내대형병원수":1,
            "500m이내공원수":7,
            "3km이내혐오시설수":0,
            "초등학교학업성취도":90.01,
            "중학교학업성취도":80.3,
            "용적률":223,
            "건폐율":20,
            "Y":36.21159,
            "X":127.08922,
            "rank":7.0,
            "area_info":"24평(80.24), 24평(80.12), 24평(80.48), 32평(108.27)",
            "last_sales":"2022-01-18,19400.0,24평(80.24)",
            "rank_history":[
                [
                    "202202",
                    7
                ],
                [
                    "202201",
                    10
                ]
            ],
            "rank_gap":3
        },
        {
            "index":19,
            "아파트명":"LH논산내동1단지",
            "투자타입":"일반",
            "전용면적(m2)":"72.15",
            "전용면적(평)":"21평",
            "법정동주소":"충청남도 논산시 내동 1108",
            "도로명주소":"충청남도 논산시 시민로132번길 10",
            "세대수":50,
            "입주년차":80,
            "용적률점수":"--",
            "건폐율점수":"--",
            "세대당주차수":0,
            "난방방식":30,
            "공급면적":"--",
            "전용률":"--",
            "욕실수":50,
            "현관타입":100,
            "주거총점":51.5,
            "지역구공급총점":100.0,
            "역세권":"NA",
            "30분내 이동가능 거점":"NA",
            "1시간내 이동가능 거점":"NA",
            "교통총점":"NA",
            "백화점":0,
            "아울렛몰":0,
            "대형마트":80,
            "은행":0,
            "병원":0,
            "종합병원":80,
            "공원":100,
            "혐오시설":0,
            "인프라총점":31.0,
            "초등학군":90.0,
            "중학군":42.1,
            "학군총점":51.68,
            "인구수":11.25,
            "인구증감":-4.35,
            "인구총점":6.57,
            "일자리":9.41,
            "소득수준":55.76,
            "일자리총점":23.315,
            "가치 총점":43.345,
            "매매실거래년":"18000101",
            "매매실거래가":null,
            "전세실거래년":null,
            "전세실거래가":null,
            "전세가율":null,
            "장기전세가율평균":74.74,
            "전세가율거품지수":null,
            "검색코드":119468,
            "세대수":538.0,
            "준공년월":"2015-11-03",
            "준공년차":8.0,
            "가까운역이름":"NA",
            "가까운역거리":"NA",
            "역세권여부":"NA",
            "30분이내주요거점역":"NA",
            "30분거점역이름":"NA",
            "1시간이내주요거점역":"NA",
            "1시간거점역이름":"NA",
            "3km이내백화점수":0,
            "5km이내아울렛몰수":0,
            "1km이내대형먀트수":1,
            "500m이내은행수":0,
            "500m이내병원수":0,
            "5km이내대형병원수":1,
            "500m이내공원수":10,
            "3km이내혐오시설수":0,
            "초등학교학업성취도":90.0,
            "중학교학업성취도":69.7,
            "용적률":169,
            "건폐율":18,
            "Y":36.178936,
            "X":127.102894,
            "rank":8.0,
            "area_info":"21평(72.15), 21평(72.21), 25평(82.73)",
            "last_sales":"1800-01-01,nan,21평(72.15)",
            "rank_history":[
                [
                    "202202",
                    8
                ],
                [
                    "202201",
                    5
                ]
            ],
            "rank_gap":-3
        },
        {
            "index":48,
            "아파트명":"논산인터불고코아루",
            "투자타입":"일반",
            "전용면적(m2)":"93.59",
            "전용면적(평)":"28평",
            "법정동주소":"충청남도 논산시 대교동 340",
            "도로명주소":"충청남도 논산시 대화로119번길 11",
            "세대수":0,
            "입주년차":80,
            "용적률점수":"--",
            "건폐율점수":"--",
            "세대당주차수":30,
            "난방방식":30,
            "공급면적":"--",
            "전용률":"--",
            "욕실수":100,
            "현관타입":100,
            "주거총점":43.5,
            "지역구공급총점":100.0,
            "역세권":"NA",
            "30분내 이동가능 거점":"NA",
            "1시간내 이동가능 거점":"NA",
            "교통총점":"NA",
            "백화점":0,
            "아울렛몰":0,
            "대형마트":80,
            "은행":0,
            "병원":10,
            "종합병원":80,
            "공원":100,
            "혐오시설":0,
            "인프라총점":32.0,
            "초등학군":90.01,
            "중학군":48.78,
            "학군총점":57.026,
            "인구수":11.25,
            "인구증감":-4.35,
            "인구총점":6.57,
            "일자리":9.41,
            "소득수준":55.76,
            "일자리총점":23.315,
            "가치 총점":42.2815,
            "매매실거래년":20211012.0,
            "매매실거래가":26000.0,
            "전세실거래년":20201118.0,
            "전세실거래가":16000.0,
            "전세가율":61.54,
            "장기전세가율평균":74.74,
            "전세가율거품지수":13.2,
            "검색코드":109395,
            "세대수":280.0,
            "준공년월":"2016-11-01",
            "준공년차":7.0,
            "가까운역이름":"NA",
            "가까운역거리":"NA",
            "역세권여부":"NA",
            "30분이내주요거점역":"NA",
            "30분거점역이름":"NA",
            "1시간이내주요거점역":"NA",
            "1시간거점역이름":"NA",
            "3km이내백화점수":0,
            "5km이내아울렛몰수":0,
            "1km이내대형먀트수":1,
            "500m이내은행수":0,
            "500m이내병원수":2,
            "5km이내대형병원수":1,
            "500m이내공원수":7,
            "3km이내혐오시설수":0,
            "초등학교학업성취도":90.01,
            "중학교학업성취도":80.3,
            "용적률":249,
            "건폐율":21,
            "Y":36.210745,
            "X":127.088273,
            "rank":9.0,
            "area_info":"28평(93.59), 28평(94.12), 28평(95.0), 33평(110.72), 33평(110.95)",
            "last_sales":"2021-10-12,26000.0,28평(93.59)",
            "rank_history":[
                [
                    "202202",
                    9
                ],
                [
                    "202201",
                    13
                ]
            ],
            "rank_gap":4
        },
        {
            "index":97,
            "아파트명":"취암리슈빌",
            "투자타입":"일반",
            "전용면적(m2)":"115.95",
            "전용면적(평)":"35평",
            "법정동주소":"충청남도 논산시 취암동 1081",
            "도로명주소":"충청남도 논산시 번영로29번길 10",
            "세대수":50,
            "입주년차":40,
            "용적률점수":"--",
            "건폐율점수":"--",
            "세대당주차수":60,
            "난방방식":30,
            "공급면적":"--",
            "전용률":"--",
            "욕실수":100,
            "현관타입":100,
            "주거총점":57.5,
            "지역구공급총점":100.0,
            "역세권":"NA",
            "30분내 이동가능 거점":"NA",
            "1시간내 이동가능 거점":"NA",
            "교통총점":"NA",
            "백화점":0,
            "아울렛몰":0,
            "대형마트":0,
            "은행":0,
            "병원":0,
            "종합병원":80,
            "공원":100,
            "혐오시설":0,
            "인프라총점":19.0,
            "초등학군":90.02,
            "중학군":44.06,
            "학군총점":53.252,
            "인구수":11.25,
            "인구증감":-4.35,
            "인구총점":6.57,
            "일자리":9.41,
            "소득수준":55.76,
            "일자리총점":23.315,
            "가치 총점":41.038,
            "매매실거래년":20211129.0,
            "매매실거래가":24000.0,
            "전세실거래년":20200918.0,
            "전세실거래가":19000.0,
            "전세가율":79.17,
            "장기전세가율평균":74.74,
            "전세가율거품지수":-4.43,
            "검색코드":26177,
            "세대수":480.0,
            "준공년월":"2007-05-29",
            "준공년차":16.0,
            "가까운역이름":"NA",
            "가까운역거리":"NA",
            "역세권여부":"NA",
            "30분이내주요거점역":"NA",
            "30분거점역이름":"NA",
            "1시간이내주요거점역":"NA",
            "1시간거점역이름":"NA",
            "3km이내백화점수":0,
            "5km이내아울렛몰수":0,
            "1km이내대형먀트수":0,
            "500m이내은행수":0,
            "500m이내병원수":1,
            "5km이내대형병원수":1,
            "500m이내공원수":10,
            "3km이내혐오시설수":0,
            "초등학교학업성취도":90.02,
            "중학교학업성취도":72.9,
            "용적률":229,
            "건폐율":18,
            "Y":36.200148,
            "X":127.094534,
            "rank":10.0,
            "area_info":"35평(115.95), 35평(115.96), 39평(130.52), 47평(155.56), 54평(179.79)",
            "last_sales":"2021-11-29,24000.0,35평(115.95)",
            "rank_history":[
                [
                    "202202",
                    10
                ],
                [
                    "202201",
                    7
                ]
            ],
            "rank_gap":-3
        },
        {
            "index":110,
            "아파트명":"논산수린나",
            "투자타입":"일반",
            "전용면적(m2)":"111.62",
            "전용면적(평)":"33평",
            "법정동주소":"충청남도 논산시 화지동 831",
            "도로명주소":"충청남도 논산시 해월로 281",
            "세대수":30,
            "입주년차":80,
            "용적률점수":"--",
            "건폐율점수":"--",
            "세대당주차수":30,
            "난방방식":30,
            "공급면적":"--",
            "전용률":"--",
            "욕실수":100,
            "현관타입":100,
            "주거총점":54.0,
            "지역구공급총점":100.0,
            "역세권":"NA",
            "30분내 이동가능 거점":"NA",
            "1시간내 이동가능 거점":"NA",
            "교통총점":"NA",
            "백화점":0,
            "아울렛몰":0,
            "대형마트":0,
            "은행":0,
            "병원":0,
            "종합병원":80,
            "공원":100,
            "혐오시설":0,
            "인프라총점":19.0,
            "초등학군":90.02,
            "중학군":48.78,
            "학군총점":57.028,
            "인구수":11.25,
            "인구증감":-4.35,
            "인구총점":6.57,
            "일자리":9.41,
            "소득수준":55.76,
            "일자리총점":23.315,
            "가치 총점":40.757,
            "매매실거래년":20211215.0,
            "매매실거래가":24000.0,
            "전세실거래년":20211213.0,
            "전세실거래가":24000.0,
            "전세가율":100.0,
            "장기전세가율평균":74.74,
            "전세가율거품지수":-25.26,
            "검색코드":115320,
            "세대수":307.0,
            "준공년월":"2018-03-01",
            "준공년차":5.0,
            "가까운역이름":"NA",
            "가까운역거리":"NA",
            "역세권여부":"NA",
            "30분이내주요거점역":"NA",
            "30분거점역이름":"NA",
            "1시간이내주요거점역":"NA",
            "1시간거점역이름":"NA",
            "3km이내백화점수":0,
            "5km이내아울렛몰수":0,
            "1km이내대형먀트수":0,
            "500m이내은행수":0,
            "500m이내병원수":0,
            "5km이내대형병원수":1,
            "500m이내공원수":7,
            "3km이내혐오시설수":0,
            "초등학교학업성취도":90.02,
            "중학교학업성취도":80.3,
            "용적률":233,
            "건폐율":19,
            "Y":36.210471,
            "X":127.095005,
            "rank":11.0,
            "area_info":"33평(111.62)",
            "last_sales":"2021-12-15,24000.0,33평(111.62)",
            "rank_history":[
                [
                    "202202",
                    11
                ],
                [
                    "202201",
                    8
                ]
            ],
            "rank_gap":-3
        },
        {
            "index":16,
            "아파트명":"부영",
            "투자타입":"일반",
            "전용면적(m2)":"54.09",
            "전용면적(평)":"16평",
            "법정동주소":"충청남도 논산시 강산동 643",
            "도로명주소":"충청남도 논산시 시민로307번길 28",
            "세대수":90,
            "입주년차":0,
            "용적률점수":"--",
            "건폐율점수":"--",
            "세대당주차수":0,
            "난방방식":30,
            "공급면적":"--",
            "전용률":"--",
            "욕실수":50,
            "현관타입":10,
            "주거총점":40.5,
            "지역구공급총점":100.0,
            "역세권":"NA",
            "30분내 이동가능 거점":"NA",
            "1시간내 이동가능 거점":"NA",
            "교통총점":"NA",
            "백화점":0,
            "아울렛몰":0,
            "대형마트":80,
            "은행":0,
            "병원":10,
            "종합병원":80,
            "공원":100,
            "혐오시설":0,
            "인프라총점":32.0,
            "초등학군":90.01,
            "중학군":44.06,
            "학군총점":53.25,
            "인구수":11.25,
            "인구증감":-4.35,
            "인구총점":6.57,
            "일자리":9.41,
            "소득수준":55.76,
            "일자리총점":23.315,
            "가치 총점":40.2875,
            "매매실거래년":20220114.0,
            "매매실거래가":10400.0,
            "전세실거래년":20210507.0,
            "전세실거래가":3700.0,
            "전세가율":59.68,
            "장기전세가율평균":74.74,
            "전세가율거품지수":15.06,
            "검색코드":108682,
            "세대수":1281.0,
            "준공년월":"1996-01-31",
            "준공년차":27.0,
            "가까운역이름":"NA",
            "가까운역거리":"NA",
            "역세권여부":"NA",
            "30분이내주요거점역":"NA",
            "30분거점역이름":"NA",
            "1시간이내주요거점역":"NA",
            "1시간거점역이름":"NA",
            "3km이내백화점수":0,
            "5km이내아울렛몰수":0,
            "1km이내대형먀트수":1,
            "500m이내은행수":0,
            "500m이내병원수":3,
            "5km이내대형병원수":1,
            "500m이내공원수":8,
            "3km이내혐오시설수":0,
            "초등학교학업성취도":90.01,
            "중학교학업성취도":72.9,
            "용적률":219,
            "건폐율":20,
            "Y":36.193236,
            "X":127.088621,
            "rank":12.0,
            "area_info":"16평(54.09), 19평(65.98), 24평(80.7)",
            "last_sales":"2022-01-14,10400.0,24평(80.7)",
            "rank_history":[
                [
                    "202202",
                    12
                ],
                [
                    "202201",
                    14
                ]
            ],
            "rank_gap":2
        },
        {
            "index":38,
            "아파트명":"아주",
            "투자타입":"일반",
            "전용면적(m2)":"73.01",
            "전용면적(평)":"22평",
            "법정동주소":"충청남도 논산시 내동 968",
            "도로명주소":"충청남도 논산시 체육로 18",
            "세대수":30,
            "입주년차":0,
            "용적률점수":"--",
            "건폐율점수":"--",
            "세대당주차수":0,
            "난방방식":30,
            "공급면적":"--",
            "전용률":"--",
            "욕실수":50,
            "현관타입":100,
            "주거총점":28.5,
            "지역구공급총점":100.0,
            "역세권":"NA",
            "30분내 이동가능 거점":"NA",
            "1시간내 이동가능 거점":"NA",
            "교통총점":"NA",
            "백화점":0,
            "아울렛몰":0,
            "대형마트":100,
            "은행":0,
            "병원":60,
            "종합병원":80,
            "공원":100,
            "혐오시설":0,
            "인프라총점":40.0,
            "초등학군":90.0,
            "중학군":44.06,
            "학군총점":53.248,
            "인구수":11.25,
            "인구증감":-4.35,
            "인구총점":6.57,
            "일자리":9.41,
            "소득수준":55.76,
            "일자리총점":23.315,
            "가치 총점":39.287,
            "매매실거래년":20220122.0,
            "매매실거래가":10500.0,
            "전세실거래년":20210313.0,
            "전세실거래가":7000.0,
            "전세가율":75.27,
            "장기전세가율평균":74.74,
            "전세가율거품지수":-0.53,
            "검색코드":6849,
            "세대수":384.0,
            "준공년월":"1994-10-01",
            "준공년차":29.0,
            "가까운역이름":"NA",
            "가까운역거리":"NA",
            "역세권여부":"NA",
            "30분이내주요거점역":"NA",
            "30분거점역이름":"NA",
            "1시간이내주요거점역":"NA",
            "1시간거점역이름":"NA",
            "3km이내백화점수":0,
            "5km이내아울렛몰수":0,
            "1km이내대형먀트수":2,
            "500m이내은행수":1,
            "500m이내병원수":13,
            "5km이내대형병원수":1,
            "500m이내공원수":9,
            "3km이내혐오시설수":0,
            "초등학교학업성취도":90.0,
            "중학교학업성취도":72.9,
            "용적률":215,
            "건폐율":26,
            "Y":36.187878,
            "X":127.097599,
            "rank":13.0,
            "area_info":"22평(73.01), 23평(78.05)",
            "last_sales":"2022-01-22,10500.0,23평(78.05)",
            "rank_history":[
                [
                    "202202",
                    13
                ],
                [
                    "202201",
                    11
                ]
            ],
            "rank_gap":-2
        },
        {
            "index":13,
            "아파트명":"논산강산한신청솔",
            "투자타입":"일반",
            "전용면적(m2)":"79.29",
            "전용면적(평)":"23평",
            "법정동주소":"충청남도 논산시 강산동 698",
            "도로명주소":"충청남도 논산시 논산대로 269-19",
            "세대수":50,
            "입주년차":20,
            "용적률점수":"--",
            "건폐율점수":"--",
            "세대당주차수":0,
            "난방방식":30,
            "공급면적":"--",
            "전용률":"--",
            "욕실수":50,
            "현관타입":50,
            "주거총점":34.5,
            "지역구공급총점":100.0,
            "역세권":"NA",
            "30분내 이동가능 거점":"NA",
            "1시간내 이동가능 거점":"NA",
            "교통총점":"NA",
            "백화점":0,
            "아울렛몰":0,
            "대형마트":80,
            "은행":0,
            "병원":30,
            "종합병원":80,
            "공원":100,
            "혐오시설":0,
            "인프라총점":34.0,
            "초등학군":90.01,
            "중학군":44.06,
            "학군총점":53.25,
            "인구수":11.25,
            "인구증감":-4.35,
            "인구총점":6.57,
            "일자리":9.41,
            "소득수준":55.76,
            "일자리총점":23.315,
            "가치 총점":38.9875,
            "매매실거래년":20220110.0,
            "매매실거래가":9500.0,
            "전세실거래년":20220115.0,
            "전세실거래가":8500.0,
            "전세가율":89.47,
            "장기전세가율평균":74.74,
            "전세가율거품지수":-14.73,
            "검색코드":26153,
            "세대수":490.0,
            "준공년월":"2000-12-21",
            "준공년차":23.0,
            "가까운역이름":"NA",
            "가까운역거리":"NA",
            "역세권여부":"NA",
            "30분이내주요거점역":"NA",
            "30분거점역이름":"NA",
            "1시간이내주요거점역":"NA",
            "1시간거점역이름":"NA",
            "3km이내백화점수":0,
            "5km이내아울렛몰수":0,
            "1km이내대형먀트수":1,
            "500m이내은행수":0,
            "500m이내병원수":5,
            "5km이내대형병원수":1,
            "500m이내공원수":6,
            "3km이내혐오시설수":0,
            "초등학교학업성취도":90.01,
            "중학교학업성취도":72.9,
            "용적률":166,
            "건폐율":16,
            "Y":36.190265,
            "X":127.090156,
            "rank":14.0,
            "area_info":"23평(79.29)",
            "last_sales":"2022-01-10,9500.0,23평(79.29)",
            "rank_history":[
                [
                    "202202",
                    14
                ],
                [
                    "202201",
                    18
                ]
            ],
            "rank_gap":4
        },
        {
            "index":31,
            "아파트명":"놀뫼타운",
            "투자타입":"일반",
            "전용면적(m2)":"74.46",
            "전용면적(평)":"22평",
            "법정동주소":"충청남도 논산시 내동 969",
            "도로명주소":"충청남도 논산시 체육로 30",
            "세대수":50,
            "입주년차":0,
            "용적률점수":"--",
            "건폐율점수":"--",
            "세대당주차수":0,
            "난방방식":30,
            "공급면적":"--",
            "전용률":"--",
            "욕실수":50,
            "현관타입":10,
            "주거총점":26.5,
            "지역구공급총점":100.0,
            "역세권":"NA",
            "30분내 이동가능 거점":"NA",
            "1시간내 이동가능 거점":"NA",
            "교통총점":"NA",
            "백화점":0,
            "아울렛몰":0,
            "대형마트":100,
            "은행":0,
            "병원":60,
            "종합병원":80,
            "공원":100,
            "혐오시설":0,
            "인프라총점":40.0,
            "초등학군":90.0,
            "중학군":44.06,
            "학군총점":53.248,
            "인구수":11.25,
            "인구증감":-4.35,
            "인구총점":6.57,
            "일자리":9.41,
            "소득수준":55.76,
            "일자리총점":23.315,
            "가치 총점":38.587,
            "매매실거래년":20220117.0,
            "매매실거래가":7500.0,
            "전세실거래년":20211116.0,
            "전세실거래가":7000.0,
            "전세가율":93.33,
            "장기전세가율평균":74.74,
            "전세가율거품지수":-18.59,
            "검색코드":6845,
            "세대수":672.0,
            "준공년월":"1994-11-23",
            "준공년차":29.0,
            "가까운역이름":"NA",
            "가까운역거리":"NA",
            "역세권여부":"NA",
            "30분이내주요거점역":"NA",
            "30분거점역이름":"NA",
            "1시간이내주요거점역":"NA",
            "1시간거점역이름":"NA",
            "3km이내백화점수":0,
            "5km이내아울렛몰수":0,
            "1km이내대형먀트수":2,
            "500m이내은행수":1,
            "500m이내병원수":13,
            "5km이내대형병원수":1,
            "500m이내공원수":11,
            "3km이내혐오시설수":0,
            "초등학교학업성취도":90.0,
            "중학교학업성취도":72.9,
            "용적률":0,
            "건폐율":0,
            "Y":36.18855,
            "X":127.09976,
            "rank":15.0,
            "area_info":"22평(74.46), 32평(106.46)",
            "last_sales":"2022-01-17,7500.0,22평(74.46)",
            "rank_history":[
                [
                    "202202",
                    15
                ],
                [
                    "202201",
                    12
                ]
            ],
            "rank_gap":-3
        },
        {
            "index":53,
            "아파트명":"한청리츠빌",
            "투자타입":"일반",
            "전용면적(m2)":"77.63",
            "전용면적(평)":"23평",
            "법정동주소":"충청남도 논산시 반월동 173-3",
            "도로명주소":"충청남도 논산시 해월로 137",
            "세대수":0,
            "입주년차":20,
            "용적률점수":"--",
            "건폐율점수":"--",
            "세대당주차수":0,
            "난방방식":30,
            "공급면적":"--",
            "전용률":"--",
            "욕실수":50,
            "현관타입":100,
            "주거총점":22.0,
            "지역구공급총점":100.0,
            "역세권":"NA",
            "30분내 이동가능 거점":"NA",
            "1시간내 이동가능 거점":"NA",
            "교통총점":"NA",
            "백화점":0,
            "아울렛몰":0,
            "대형마트":80,
            "은행":0,
            "병원":100,
            "종합병원":80,
            "공원":100,
            "혐오시설":0,
            "인프라총점":41.0,
            "초등학군":90.01,
            "중학군":48.78,
            "학군총점":57.026,
            "인구수":11.25,
            "인구증감":-4.35,
            "인구총점":6.57,
            "일자리":9.41,
            "소득수준":55.76,
            "일자리총점":23.315,
            "가치 총점":38.3565,
            "매매실거래년":20210712.0,
            "매매실거래가":12400.0,
            "전세실거래년":20191107.0,
            "전세실거래가":9000.0,
            "전세가율":72.58,
            "장기전세가율평균":74.74,
            "전세가율거품지수":2.16,
            "검색코드":25706,
            "세대수":116.0,
            "준공년월":"2002-12-26",
            "준공년차":21.0,
            "가까운역이름":"NA",
            "가까운역거리":"NA",
            "역세권여부":"NA",
            "30분이내주요거점역":"NA",
            "30분거점역이름":"NA",
            "1시간이내주요거점역":"NA",
            "1시간거점역이름":"NA",
            "3km이내백화점수":0,
            "5km이내아울렛몰수":0,
            "1km이내대형먀트수":1,
            "500m이내은행수":1,
            "500m이내병원수":62,
            "5km이내대형병원수":1,
            "500m이내공원수":4,
            "3km이내혐오시설수":0,
            "초등학교학업성취도":90.01,
            "중학교학업성취도":80.3,
            "용적률":198,
            "건폐율":18,
            "Y":36.203734,
            "X":127.082472,
            "rank":16.0,
            "area_info":"23평(77.63), 32평(106.31)",
            "last_sales":"2021-07-12,12400.0,23평(77.63)",
            "rank_history":[
                [
                    "202202",
                    16
                ],
                [
                    "202201",
                    20
                ]
            ],
            "rank_gap":4
        },
        {
            "index":55,
            "아파트명":"대림",
            "투자타입":"일반",
            "전용면적(m2)":"78.49",
            "전용면적(평)":"23평",
            "법정동주소":"충청남도 논산시 부창동 209-4",
            "도로명주소":"충청남도 논산시 대림길 7",
            "세대수":50,
            "입주년차":0,
            "용적률점수":"--",
            "건폐율점수":"--",
            "세대당주차수":0,
            "난방방식":30,
            "공급면적":"--",
            "전용률":"--",
            "욕실수":50,
            "현관타입":100,
            "주거총점":35.5,
            "지역구공급총점":100.0,
            "역세권":"NA",
            "30분내 이동가능 거점":"NA",
            "1시간내 이동가능 거점":"NA",
            "교통총점":"NA",
            "백화점":0,
            "아울렛몰":0,
            "대형마트":80,
            "은행":0,
            "병원":30,
            "종합병원":80,
            "공원":100,
            "혐오시설":0,
            "인프라총점":34.0,
            "초등학군":90.0,
            "중학군":36.72,
            "학군총점":47.376,
            "인구수":11.25,
            "인구증감":-4.35,
            "인구총점":6.57,
            "일자리":9.41,
            "소득수준":55.76,
            "일자리총점":23.315,
            "가치 총점":37.869,
            "매매실거래년":20220127.0,
            "매매실거래가":19000.0,
            "전세실거래년":20200621.0,
            "전세실거래가":9000.0,
            "전세가율":81.82,
            "장기전세가율평균":74.74,
            "전세가율거품지수":-7.08,
            "검색코드":13794,
            "세대수":694.0,
            "준공년월":"1997-02-26",
            "준공년차":26.0,
            "가까운역이름":"NA",
            "가까운역거리":"NA",
            "역세권여부":"NA",
            "30분이내주요거점역":"NA",
            "30분거점역이름":"NA",
            "1시간이내주요거점역":"NA",
            "1시간거점역이름":"NA",
            "3km이내백화점수":0,
            "5km이내아울렛몰수":0,
            "1km이내대형먀트수":1,
            "500m이내은행수":1,
            "500m이내병원수":5,
            "5km이내대형병원수":1,
            "500m이내공원수":4,
            "3km이내혐오시설수":0,
            "초등학교학업성취도":90.0,
            "중학교학업성취도":61.2,
            "용적률":282,
            "건폐율":18,
            "Y":36.19807,
            "X":127.08425,
            "rank":17.0,
            "area_info":"23평(78.49), 31평(105.62), 31평(105.47), 31평(105.64), 38평(125.99), 46평(152.76)",
            "last_sales":"2022-01-27,19000.0,38평(125.99)",
            "rank_history":[
                [
                    "202202",
                    17
                ],
                [
                    "202201",
                    19
                ]
            ],
            "rank_gap":2
        },
        {
            "index":33,
            "아파트명":"동신",
            "투자타입":"일반",
            "전용면적(m2)":"108.65",
            "전용면적(평)":"32평",
            "법정동주소":"충청남도 논산시 내동 535",
            "도로명주소":"충청남도 논산시 체육로 48-6",
            "세대수":0,
            "입주년차":0,
            "용적률점수":"--",
            "건폐율점수":"--",
            "세대당주차수":0,
            "난방방식":30,
            "공급면적":"--",
            "전용률":"--",
            "욕실수":100,
            "현관타입":100,
            "주거총점":23.0,
            "지역구공급총점":100.0,
            "역세권":"NA",
            "30분내 이동가능 거점":"NA",
            "1시간내 이동가능 거점":"NA",
            "교통총점":"NA",
            "백화점":0,
            "아울렛몰":0,
            "대형마트":100,
            "은행":0,
            "병원":60,
            "종합병원":80,
            "공원":100,
            "혐오시설":0,
            "인프라총점":40.0,
            "초등학군":90.0,
            "중학군":42.1,
            "학군총점":51.68,
            "인구수":11.25,
            "인구증감":-4.35,
            "인구총점":6.57,
            "일자리":9.41,
            "소득수준":55.76,
            "일자리총점":23.315,
            "가치 총점":36.97,
            "매매실거래년":20220125.0,
            "매매실거래가":14500.0,
            "전세실거래년":20220114.0,
            "전세실거래가":11000.0,
            "전세가율":75.86,
            "장기전세가율평균":74.74,
            "전세가율거품지수":-1.12,
            "검색코드":6848,
            "세대수":288.0,
            "준공년월":"1993-11-30",
            "준공년차":30.0,
            "가까운역이름":"NA",
            "가까운역거리":"NA",
            "역세권여부":"NA",
            "30분이내주요거점역":"NA",
            "30분거점역이름":"NA",
            "1시간이내주요거점역":"NA",
            "1시간거점역이름":"NA",
            "3km이내백화점수":0,
            "5km이내아울렛몰수":0,
            "1km이내대형먀트수":2,
            "500m이내은행수":1,
            "500m이내병원수":12,
            "5km이내대형병원수":1,
            "500m이내공원수":7,
            "3km이내혐오시설수":0,
            "초등학교학업성취도":90.0,
            "중학교학업성취도":69.7,
            "용적률":205,
            "건폐율":24,
            "Y":36.189165,
            "X":127.100865,
            "rank":18.0,
            "area_info":"32평(108.65), 37평(123.0)",
            "last_sales":"2022-01-25,14500.0,32평(108.65)",
            "rank_history":[
                [
                    "202202",
                    18
                ],
                [
                    "202201",
                    15
                ]
            ],
            "rank_gap":-3
        },
        {
            "index":111,
            "아파트명":"조흥로즈빌",
            "투자타입":"일반",
            "전용면적(m2)":"80.23",
            "전용면적(평)":"24평",
            "법정동주소":"충청남도 논산시 화지동 16",
            "도로명주소":"충청남도 논산시 해월로259번길 14",
            "세대수":0,
            "입주년차":20,
            "용적률점수":"--",
            "건폐율점수":"--",
            "세대당주차수":0,
            "난방방식":30,
            "공급면적":"--",
            "전용률":"--",
            "욕실수":100,
            "현관타입":100,
            "주거총점":27.0,
            "지역구공급총점":100.0,
            "역세권":"NA",
            "30분내 이동가능 거점":"NA",
            "1시간내 이동가능 거점":"NA",
            "교통총점":"NA",
            "백화점":0,
            "아울렛몰":0,
            "대형마트":80,
            "은행":0,
            "병원":0,
            "종합병원":80,
            "공원":100,
            "혐오시설":0,
            "인프라총점":31.0,
            "초등학군":90.02,
            "중학군":48.78,
            "학군총점":57.028,
            "인구수":11.25,
            "인구증감":-4.35,
            "인구총점":6.57,
            "일자리":9.41,
            "소득수준":55.76,
            "일자리총점":23.315,
            "가치 총점":36.107,
            "매매실거래년":20211222.0,
            "매매실거래가":12200.0,
            "전세실거래년":20190722.0,
            "전세실거래가":8500.0,
            "전세가율":69.67,
            "장기전세가율평균":74.74,
            "전세가율거품지수":5.07,
            "검색코드":11755,
            "세대수":296.0,
            "준공년월":"2002-07-13",
            "준공년차":21.0,
            "가까운역이름":"NA",
            "가까운역거리":"NA",
            "역세권여부":"NA",
            "30분이내주요거점역":"NA",
            "30분거점역이름":"NA",
            "1시간이내주요거점역":"NA",
            "1시간거점역이름":"NA",
            "3km이내백화점수":0,
            "5km이내아울렛몰수":0,
            "1km이내대형먀트수":1,
            "500m이내은행수":0,
            "500m이내병원수":0,
            "5km이내대형병원수":1,
            "500m이내공원수":9,
            "3km이내혐오시설수":0,
            "초등학교학업성취도":90.02,
            "중학교학업성취도":80.3,
            "용적률":223,
            "건폐율":20,
            "Y":36.210643,
            "X":127.093846,
            "rank":19.0,
            "area_info":"24평(80.23), 34평(114.1)",
            "last_sales":"2021-12-22,12200.0,24평(80.23)",
            "rank_history":[
                [
                    "202202",
                    19
                ],
                [
                    "202201",
                    22
                ]
            ],
            "rank_gap":3
        },
        {
            "index":14,
            "아파트명":"동신",
            "투자타입":"일반",
            "전용면적(m2)":"83.27",
            "전용면적(평)":"25평",
            "법정동주소":"충청남도 논산시 강산동 645",
            "도로명주소":"충청남도 논산시 시민로307번길 19",
            "세대수":30,
            "입주년차":0,
            "용적률점수":"--",
            "건폐율점수":"--",
            "세대당주차수":0,
            "난방방식":30,
            "공급면적":"--",
            "전용률":"--",
            "욕실수":50,
            "현관타입":100,
            "주거총점":28.5,
            "지역구공급총점":100.0,
            "역세권":"NA",
            "30분내 이동가능 거점":"NA",
            "1시간내 이동가능 거점":"NA",
            "교통총점":"NA",
            "백화점":0,
            "아울렛몰":0,
            "대형마트":80,
            "은행":0,
            "병원":10,
            "종합병원":80,
            "공원":100,
            "혐오시설":0,
            "인프라총점":32.0,
            "초등학군":90.01,
            "중학군":44.06,
            "학군총점":53.25,
            "인구수":11.25,
            "인구증감":-4.35,
            "인구총점":6.57,
            "일자리":9.41,
            "소득수준":55.76,
            "일자리총점":23.315,
            "가치 총점":36.0875,
            "매매실거래년":20220105.0,
            "매매실거래가":16000.0,
            "전세실거래년":20160416.0,
            "전세실거래가":7000.0,
            "전세가율":43.75,
            "장기전세가율평균":74.74,
            "전세가율거품지수":30.99,
            "검색코드":6842,
            "세대수":373.0,
            "준공년월":"1995-12-27",
            "준공년차":28.0,
            "가까운역이름":"NA",
            "가까운역거리":"NA",
            "역세권여부":"NA",
            "30분이내주요거점역":"NA",
            "30분거점역이름":"NA",
            "1시간이내주요거점역":"NA",
            "1시간거점역이름":"NA",
            "3km이내백화점수":0,
            "5km이내아울렛몰수":0,
            "1km이내대형먀트수":1,
            "500m이내은행수":0,
            "500m이내병원수":4,
            "5km이내대형병원수":1,
            "500m이내공원수":8,
            "3km이내혐오시설수":0,
            "초등학교학업성취도":90.01,
            "중학교학업성취도":72.9,
            "용적률":205,
            "건폐율":20,
            "Y":36.191502,
            "X":127.089341,
            "rank":20.0,
            "area_info":"25평(83.27), 29평(97.48)",
            "last_sales":"2022-01-05,16000.0,25평(83.27)",
            "rank_history":[
                [
                    "202202",
                    20
                ],
                [
                    "202201",
                    21
                ]
            ],
            "rank_gap":1
        },
        {
            "index":93,
            "아파트명":"세중세미클래식",
            "투자타입":"일반",
            "전용면적(m2)":"53.3",
            "전용면적(평)":"16평",
            "법정동주소":"충청남도 논산시 취암동 79",
            "도로명주소":"충청남도 논산시 체육로 39",
            "세대수":0,
            "입주년차":20,
            "용적률점수":"--",
            "건폐율점수":"--",
            "세대당주차수":0,
            "난방방식":30,
            "공급면적":"--",
            "전용률":"--",
            "욕실수":50,
            "현관타입":50,
            "주거총점":17.0,
            "지역구공급총점":100.0,
            "역세권":"NA",
            "30분내 이동가능 거점":"NA",
            "1시간내 이동가능 거점":"NA",
            "교통총점":"NA",
            "백화점":0,
            "아울렛몰":0,
            "대형마트":100,
            "은행":0,
            "병원":60,
            "종합병원":80,
            "공원":100,
            "혐오시설":0,
            "인프라총점":40.0,
            "초등학군":90.0,
            "중학군":44.06,
            "학군총점":53.248,
            "인구수":11.25,
            "인구증감":-4.35,
            "인구총점":6.57,
            "일자리":9.41,
            "소득수준":55.76,
            "일자리총점":23.315,
            "가치 총점":35.262,
            "매매실거래년":20211219.0,
            "매매실거래가":6500.0,
            "전세실거래년":20210224.0,
            "전세실거래가":5500.0,
            "전세가율":84.62,
            "장기전세가율평균":74.74,
            "전세가율거품지수":-9.88,
            "검색코드":108218,
            "세대수":184.0,
            "준공년월":"2000-09-28",
            "준공년차":23.0,
            "가까운역이름":"NA",
            "가까운역거리":"NA",
            "역세권여부":"NA",
            "30분이내주요거점역":"NA",
            "30분거점역이름":"NA",
            "1시간이내주요거점역":"NA",
            "1시간거점역이름":"NA",
            "3km이내백화점수":0,
            "5km이내아울렛몰수":0,
            "1km이내대형먀트수":2,
            "500m이내은행수":1,
            "500m이내병원수":13,
            "5km이내대형병원수":1,
            "500m이내공원수":6,
            "3km이내혐오시설수":0,
            "초등학교학업성취도":90.0,
            "중학교학업성취도":72.9,
            "용적률":304,
            "건폐율":25,
            "Y":36.190085,
            "X":127.099776,
            "rank":21.0,
            "area_info":"16평(53.3)",
            "last_sales":"2021-12-19,6500.0,16평(53.3)",
            "rank_history":[
                [
                    "202202",
                    21
                ],
                [
                    "202201",
                    16
                ]
            ],
            "rank_gap":-5
        },
        {
            "index":0,
            "아파트명":"강경클래시움",
            "투자타입":"일반",
            "전용면적(m2)":"88.56",
            "전용면적(평)":"26평",
            "법정동주소":"충청남도 논산시 강경읍 황산리 14-9",
            "도로명주소":"충청남도 논산시 금백로 74",
            "세대수":0,
            "입주년차":40,
            "용적률점수":"--",
            "건폐율점수":"--",
            "세대당주차수":30,
            "난방방식":30,
            "공급면적":"--",
            "전용률":"--",
            "욕실수":100,
            "현관타입":100,
            "주거총점":35.5,
            "지역구공급총점":100.0,
            "역세권":"NA",
            "30분내 이동가능 거점":"NA",
            "1시간내 이동가능 거점":"NA",
            "교통총점":"NA",
            "백화점":0,
            "아울렛몰":0,
            "대형마트":80,
            "은행":20,
            "병원":60,
            "종합병원":0,
            "공원":100,
            "혐오시설":0,
            "인프라총점":23.0,
            "초등학군":90.0,
            "중학군":37.86,
            "학군총점":48.288,
            "인구수":11.25,
            "인구증감":-4.35,
            "인구총점":6.57,
            "일자리":9.41,
            "소득수준":55.76,
            "일자리총점":23.315,
            "가치 총점":33.697,
            "매매실거래년":20220108.0,
            "매매실거래가":17000.0,
            "전세실거래년":20211229.0,
            "전세실거래가":9000.0,
            "전세가율":70.31,
            "장기전세가율평균":74.74,
            "전세가율거품지수":4.43,
            "검색코드":27781,
            "세대수":270.0,
            "준공년월":"2008-11-04",
            "준공년차":15.0,
            "가까운역이름":"NA",
            "가까운역거리":"NA",
            "역세권여부":"NA",
            "30분이내주요거점역":"NA",
            "30분거점역이름":"NA",
            "1시간이내주요거점역":"NA",
            "1시간거점역이름":"NA",
            "3km이내백화점수":0,
            "5km이내아울렛몰수":0,
            "1km이내대형먀트수":1,
            "500m이내은행수":2,
            "500m이내병원수":15,
            "5km이내대형병원수":0,
            "500m이내공원수":5,
            "3km이내혐오시설수":0,
            "초등학교학업성취도":90.0,
            "중학교학업성취도":63.1,
            "용적률":190,
            "건폐율":20,
            "Y":36.159352,
            "X":127.012828,
            "rank":22.0,
            "area_info":"26평(88.56), 33평(109.68), 33평(109.79), 45평(151.06), 49평(164.16)",
            "last_sales":"2022-01-08,17000.0,33평(109.68)",
            "rank_history":[
                [
                    "202202",
                    22
                ],
                [
                    "202201",
                    24
                ]
            ],
            "rank_gap":2
        },
        {
            "index":61,
            "아파트명":"모닝빌",
            "투자타입":"일반",
            "전용면적(m2)":"98.29",
            "전용면적(평)":"29평",
            "법정동주소":"충청남도 논산시 부창동 66-2",
            "도로명주소":"충청남도 논산시 부창로 69-5",
            "세대수":0,
            "입주년차":60,
            "용적률점수":"--",
            "건폐율점수":"--",
            "세대당주차수":30,
            "난방방식":30,
            "공급면적":"--",
            "전용률":"--",
            "욕실수":100,
            "현관타입":100,
            "주거총점":39.5,
            "지역구공급총점":100.0,
            "역세권":"NA",
            "30분내 이동가능 거점":"NA",
            "1시간내 이동가능 거점":"NA",
            "교통총점":"NA",
            "백화점":0,
            "아울렛몰":0,
            "대형마트":0,
            "은행":0,
            "병원":10,
            "종합병원":80,
            "공원":100,
            "혐오시설":0,
            "인프라총점":20.0,
            "초등학군":90.0,
            "중학군":36.72,
            "학군총점":47.376,
            "인구수":11.25,
            "인구증감":-4.35,
            "인구총점":6.57,
            "일자리":9.41,
            "소득수준":55.76,
            "일자리총점":23.315,
            "가치 총점":33.669,
            "매매실거래년":20211119.0,
            "매매실거래가":21800.0,
            "전세실거래년":20210423.0,
            "전세실거래가":20000.0,
            "전세가율":91.74,
            "장기전세가율평균":74.74,
            "전세가율거품지수":-17.0,
            "검색코드":104587,
            "세대수":210.0,
            "준공년월":"2012-04-20",
            "준공년차":11.0,
            "가까운역이름":"NA",
            "가까운역거리":"NA",
            "역세권여부":"NA",
            "30분이내주요거점역":"NA",
            "30분거점역이름":"NA",
            "1시간이내주요거점역":"NA",
            "1시간거점역이름":"NA",
            "3km이내백화점수":0,
            "5km이내아울렛몰수":0,
            "1km이내대형먀트수":0,
            "500m이내은행수":1,
            "500m이내병원수":2,
            "5km이내대형병원수":1,
            "500m이내공원수":4,
            "3km이내혐오시설수":0,
            "초등학교학업성취도":90.0,
            "중학교학업성취도":61.2,
            "용적률":244,
            "건폐율":21,
            "Y":36.196902,
            "X":127.084776,
            "rank":23.0,
            "area_info":"29평(98.29), 31평(104.42), 31평(105.42), 33평(109.41)",
            "last_sales":"2021-11-19,21800.0,29평(98.29)",
            "rank_history":[
                [
                    "202202",
                    23
                ],
                [
                    "202201",
                    17
                ]
            ],
            "rank_gap":-6
        },
        {
            "index":92,
            "아파트명":"대우",
            "투자타입":"재건축",
            "전용면적(m2)":"63.9",
            "전용면적(평)":"19평",
            "법정동주소":"충청남도 논산시 취암동 103-10",
            "도로명주소":"충청남도 논산시 중앙로 278",
            "세대수":0,
            "입주년차":"--",
            "용적률점수":0,
            "건폐율점수":0,
            "세대당주차수":"--",
            "난방방식":"--",
            "공급면적":50,
            "전용률":100,
            "욕실수":"--",
            "현관타입":"--",
            "주거총점":7.5,
            "지역구공급총점":100.0,
            "역세권":"NA",
            "30분내 이동가능 거점":"NA",
            "1시간내 이동가능 거점":"NA",
            "교통총점":"NA",
            "백화점":0,
            "아울렛몰":0,
            "대형마트":100,
            "은행":0,
            "병원":60,
            "종합병원":80,
            "공원":100,
            "혐오시설":0,
            "인프라총점":40.0,
            "초등학군":90.01,
            "중학군":44.06,
            "학군총점":53.25,
            "인구수":11.25,
            "인구증감":-4.35,
            "인구총점":6.57,
            "일자리":9.41,
            "소득수준":55.76,
            "일자리총점":23.315,
            "가치 총점":31.9375,
            "매매실거래년":"18000101",
            "매매실거래가":null,
            "전세실거래년":null,
            "전세실거래가":null,
            "전세가율":null,
            "장기전세가율평균":74.74,
            "전세가율거품지수":null,
            "검색코드":15217,
            "세대수":102.0,
            "준공년월":"1985-12-19",
            "준공년차":38.0,
            "가까운역이름":"NA",
            "가까운역거리":"NA",
            "역세권여부":"NA",
            "30분이내주요거점역":"NA",
            "30분거점역이름":"NA",
            "1시간이내주요거점역":"NA",
            "1시간거점역이름":"NA",
            "3km이내백화점수":0,
            "5km이내아울렛몰수":0,
            "1km이내대형먀트수":2,
            "500m이내은행수":0,
            "500m이내병원수":14,
            "5km이내대형병원수":1,
            "500m이내공원수":2,
            "3km이내혐오시설수":0,
            "초등학교학업성취도":90.01,
            "중학교학업성취도":72.9,
            "용적률":0,
            "건폐율":0,
            "Y":36.19201,
            "X":127.098075,
            "rank":24.0,
            "area_info":"19평(63.9)",
            "last_sales":"1800-01-01,nan,19평(63.9)",
            "rank_history":[
                [
                    "202202",
                    24
                ],
                [
                    "202201",
                    23
                ]
            ],
            "rank_gap":-1
        },
        {
            "index":77,
            "아파트명":"연무골든팰리스",
            "투자타입":"일반",
            "전용면적(m2)":"87.54",
            "전용면적(평)":"26평",
            "법정동주소":"충청남도 논산시 연무읍 동산리 1019",
            "도로명주소":"충청남도 논산시 안심로 150-22",
            "세대수":0,
            "입주년차":80,
            "용적률점수":"--",
            "건폐율점수":"--",
            "세대당주차수":30,
            "난방방식":30,
            "공급면적":"--",
            "전용률":"--",
            "욕실수":50,
            "현관타입":100,
            "주거총점":38.5,
            "지역구공급총점":100.0,
            "역세권":"NA",
            "30분내 이동가능 거점":"NA",
            "1시간내 이동가능 거점":"NA",
            "교통총점":"NA",
            "백화점":0,
            "아울렛몰":0,
            "대형마트":0,
            "은행":0,
            "병원":60,
            "종합병원":0,
            "공원":100,
            "혐오시설":0,
            "인프라총점":9.0,
            "초등학군":89.98,
            "중학군":37.98,
            "학군총점":48.38,
            "인구수":11.25,
            "인구증감":-4.35,
            "인구총점":6.57,
            "일자리":9.41,
            "소득수준":55.76,
            "일자리총점":23.315,
            "가치 총점":29.17,
            "매매실거래년":20220114.0,
            "매매실거래가":19300.0,
            "전세실거래년":20211125.0,
            "전세실거래가":18000.0,
            "전세가율":93.26,
            "장기전세가율평균":74.74,
            "전세가율거품지수":-18.52,
            "검색코드":112939,
            "세대수":176.0,
            "준공년월":"2017-09-01",
            "준공년차":6.0,
            "가까운역이름":"NA",
            "가까운역거리":"NA",
            "역세권여부":"NA",
            "30분이내주요거점역":"NA",
            "30분거점역이름":"NA",
            "1시간이내주요거점역":"NA",
            "1시간거점역이름":"NA",
            "3km이내백화점수":0,
            "5km이내아울렛몰수":0,
            "1km이내대형먀트수":0,
            "500m이내은행수":0,
            "500m이내병원수":11,
            "5km이내대형병원수":0,
            "500m이내공원수":3,
            "3km이내혐오시설수":0,
            "초등학교학업성취도":89.98,
            "중학교학업성취도":63.3,
            "용적률":253,
            "건폐율":20,
            "Y":36.133208,
            "X":127.10237,
            "rank":25.0,
            "area_info":"26평(87.54), 28평(95.27), 28평(95.27), 32평(107.58)",
            "last_sales":"2022-01-14,19300.0,26평(87.54)",
            "rank_history":[
                [
                    "202202",
                    25
                ],
                [
                    "202201",
                    26
                ]
            ],
            "rank_gap":1
        },
        {
            "index":81,
            "아파트명":"연무골든팰리스2차",
            "투자타입":"일반",
            "전용면적(m2)":"81.32",
            "전용면적(평)":"24평",
            "법정동주소":"충청남도 논산시 연무읍 안심리 1201",
            "도로명주소":"충청남도 논산시 안심로 150-22",
            "세대수":0,
            "입주년차":80,
            "용적률점수":"--",
            "건폐율점수":"--",
            "세대당주차수":30,
            "난방방식":30,
            "공급면적":"--",
            "전용률":"--",
            "욕실수":100,
            "현관타입":100,
            "주거총점":43.5,
            "지역구공급총점":100.0,
            "역세권":"NA",
            "30분내 이동가능 거점":"NA",
            "1시간내 이동가능 거점":"NA",
            "교통총점":"NA",
            "백화점":0,
            "아울렛몰":0,
            "대형마트":0,
            "은행":0,
            "병원":30,
            "종합병원":0,
            "공원":80,
            "혐오시설":0,
            "인프라총점":5.4,
            "초등학군":89.98,
            "중학군":34.5,
            "학군총점":45.596,
            "인구수":11.25,
            "인구증감":-4.35,
            "인구총점":6.57,
            "일자리":9.41,
            "소득수준":55.76,
            "일자리총점":23.315,
            "가치 총점":28.784,
            "매매실거래년":20211125.0,
            "매매실거래가":16800.0,
            "전세실거래년":20210531.0,
            "전세실거래가":14000.0,
            "전세가율":83.33,
            "장기전세가율평균":74.74,
            "전세가율거품지수":-8.59,
            "검색코드":113095,
            "세대수":153.0,
            "준공년월":"2018-07-01",
            "준공년차":5.0,
            "가까운역이름":"NA",
            "가까운역거리":"NA",
            "역세권여부":"NA",
            "30분이내주요거점역":"NA",
            "30분거점역이름":"NA",
            "1시간이내주요거점역":"NA",
            "1시간거점역이름":"NA",
            "3km이내백화점수":0,
            "5km이내아울렛몰수":0,
            "1km이내대형먀트수":0,
            "500m이내은행수":0,
            "500m이내병원수":8,
            "5km이내대형병원수":0,
            "500m이내공원수":1,
            "3km이내혐오시설수":0,
            "초등학교학업성취도":89.98,
            "중학교학업성취도":57.5,
            "용적률":242,
            "건폐율":19,
            "Y":36.135093,
            "X":127.097682,
            "rank":26.0,
            "area_info":"24평(81.32), 27평(89.51), 29평(97.31), 33평(110.26)",
            "last_sales":"2021-11-25,16800.0,24평(81.32)",
            "rank_history":[
                [
                    "202202",
                    26
                ],
                [
                    "202201",
                    25
                ]
            ],
            "rank_gap":-1
        },
        {
            "index":5,
            "아파트명":"금강빌리지",
            "투자타입":"일반",
            "전용면적(m2)":"57.41",
            "전용면적(평)":"17평",
            "법정동주소":"충청남도 논산시 강경읍 산양리 249-2",
            "도로명주소":"충청남도 논산시 동안로 96",
            "세대수":50,
            "입주년차":20,
            "용적률점수":"--",
            "건폐율점수":"--",
            "세대당주차수":0,
            "난방방식":30,
            "공급면적":"--",
            "전용률":"--",
            "욕실수":50,
            "현관타입":100,
            "주거총점":39.5,
            "지역구공급총점":100.0,
            "역세권":"NA",
            "30분내 이동가능 거점":"NA",
            "1시간내 이동가능 거점":"NA",
            "교통총점":"NA",
            "백화점":0,
            "아울렛몰":0,
            "대형마트":0,
            "은행":0,
            "병원":0,
            "종합병원":0,
            "공원":0,
            "혐오시설":0,
            "인프라총점":0.0,
            "초등학군":89.98,
            "중학군":37.86,
            "학군총점":48.284,
            "인구수":11.25,
            "인구증감":-4.35,
            "인구총점":6.57,
            "일자리":9.41,
            "소득수준":55.76,
            "일자리총점":23.315,
            "가치 총점":25.896,
            "매매실거래년":20211230.0,
            "매매실거래가":3900.0,
            "전세실거래년":20210312.0,
            "전세실거래가":3500.0,
            "전세가율":89.74,
            "장기전세가율평균":74.74,
            "전세가율거품지수":-15.0,
            "검색코드":106915,
            "세대수":564.0,
            "준공년월":"2001-07-12",
            "준공년차":22.0,
            "가까운역이름":"NA",
            "가까운역거리":"NA",
            "역세권여부":"NA",
            "30분이내주요거점역":"NA",
            "30분거점역이름":"NA",
            "1시간이내주요거점역":"NA",
            "1시간거점역이름":"NA",
            "3km이내백화점수":0,
            "5km이내아울렛몰수":0,
            "1km이내대형먀트수":0,
            "500m이내은행수":0,
            "500m이내병원수":0,
            "5km이내대형병원수":0,
            "500m이내공원수":0,
            "3km이내혐오시설수":0,
            "초등학교학업성취도":89.98,
            "중학교학업성취도":63.1,
            "용적률":180,
            "건폐율":17,
            "Y":36.151321,
            "X":127.022574,
            "rank":27.0,
            "area_info":"17평(57.41)",
            "last_sales":"2021-12-30,3900.0,17평(57.41)",
            "rank_history":[
                [
                    "202202",
                    27
                ],
                [
                    "202201",
                    27
                ]
            ],
            "rank_gap":0
        },
        {
            "index":69,
            "아파트명":"기산",
            "투자타입":"일반",
            "전용면적(m2)":"70.93",
            "전용면적(평)":"21평",
            "법정동주소":"충청남도 논산시 연무읍 동산리 903-17",
            "도로명주소":"충청남도 논산시 동안로 870",
            "세대수":30,
            "입주년차":0,
            "용적률점수":"--",
            "건폐율점수":"--",
            "세대당주차수":0,
            "난방방식":30,
            "공급면적":"--",
            "전용률":"--",
            "욕실수":50,
            "현관타입":100,
            "주거총점":28.5,
            "지역구공급총점":100.0,
            "역세권":"NA",
            "30분내 이동가능 거점":"NA",
            "1시간내 이동가능 거점":"NA",
            "교통총점":"NA",
            "백화점":0,
            "아울렛몰":0,
            "대형마트":0,
            "은행":0,
            "병원":60,
            "종합병원":0,
            "공원":100,
            "혐오시설":0,
            "인프라총점":9.0,
            "초등학군":89.98,
            "중학군":37.98,
            "학군총점":48.38,
            "인구수":11.25,
            "인구증감":-4.35,
            "인구총점":6.57,
            "일자리":9.41,
            "소득수준":55.76,
            "일자리총점":23.315,
            "가치 총점":25.67,
            "매매실거래년":20210428.0,
            "매매실거래가":18000.0,
            "전세실거래년":null,
            "전세실거래가":null,
            "전세가율":null,
            "장기전세가율평균":74.74,
            "전세가율거품지수":null,
            "검색코드":15216,
            "세대수":360.0,
            "준공년월":"1997-05-31",
            "준공년차":26.0,
            "가까운역이름":"NA",
            "가까운역거리":"NA",
            "역세권여부":"NA",
            "30분이내주요거점역":"NA",
            "30분거점역이름":"NA",
            "1시간이내주요거점역":"NA",
            "1시간거점역이름":"NA",
            "3km이내백화점수":0,
            "5km이내아울렛몰수":0,
            "1km이내대형먀트수":0,
            "500m이내은행수":0,
            "500m이내병원수":12,
            "5km이내대형병원수":0,
            "500m이내공원수":3,
            "3km이내혐오시설수":0,
            "초등학교학업성취도":89.98,
            "중학교학업성취도":63.3,
            "용적률":387,
            "건폐율":26,
            "Y":36.133904,
            "X":127.101373,
            "rank":28.0,
            "area_info":"21평(70.93), 21평(71.48), 29평(98.95), 30평(101.44), 43평(145.43)",
            "last_sales":"2021-04-28,18000.0,43평(145.43)",
            "rank_history":[
                [
                    "202202",
                    28
                ],
                [
                    "202201",
                    28
                ]
            ],
            "rank_gap":0
        },
        {
            "index":65,
            "아파트명":"주공",
            "투자타입":"재건축",
            "전용면적(m2)":"45.54",
            "전용면적(평)":"13평",
            "법정동주소":"충청남도 논산시 부창동 274-43",
            "도로명주소":"충청남도 논산시 해월로 63-4",
            "세대수":30,
            "입주년차":"--",
            "용적률점수":0,
            "건폐율점수":0,
            "세대당주차수":"--",
            "난방방식":"--",
            "공급면적":50,
            "전용률":80,
            "욕실수":"--",
            "현관타입":"--",
            "주거총점":15.5,
            "지역구공급총점":100.0,
            "역세권":"NA",
            "30분내 이동가능 거점":"NA",
            "1시간내 이동가능 거점":"NA",
            "교통총점":"NA",
            "백화점":0,
            "아울렛몰":0,
            "대형마트":0,
            "은행":0,
            "병원":0,
            "종합병원":80,
            "공원":0,
            "혐오시설":0,
            "인프라총점":16.0,
            "초등학군":90.0,
            "중학군":36.72,
            "학군총점":47.376,
            "인구수":11.25,
            "인구증감":-4.35,
            "인구총점":6.57,
            "일자리":9.41,
            "소득수준":55.76,
            "일자리총점":23.315,
            "가치 총점":23.669,
            "매매실거래년":20211227.0,
            "매매실거래가":3800.0,
            "전세실거래년":20211223.0,
            "전세실거래가":2500.0,
            "전세가율":65.79,
            "장기전세가율평균":74.74,
            "전세가율거품지수":8.95,
            "검색코드":6867,
            "세대수":300.0,
            "준공년월":"1989-08-13",
            "준공년차":34.0,
            "가까운역이름":"NA",
            "가까운역거리":"NA",
            "역세권여부":"NA",
            "30분이내주요거점역":"NA",
            "30분거점역이름":"NA",
            "1시간이내주요거점역":"NA",
            "1시간거점역이름":"NA",
            "3km이내백화점수":0,
            "5km이내아울렛몰수":0,
            "1km이내대형먀트수":0,
            "500m이내은행수":0,
            "500m이내병원수":1,
            "5km이내대형병원수":1,
            "500m이내공원수":0,
            "3km이내혐오시설수":0,
            "초등학교학업성취도":90.0,
            "중학교학업성취도":61.2,
            "용적률":0,
            "건폐율":0,
            "Y":36.198338,
            "X":127.07821,
            "rank":29.0,
            "area_info":"13평(45.54), 13평(45.15), 15평(52.86), 15평(52.53)",
            "last_sales":"2021-12-27,3800.0,13평(45.54)",
            "rank_history":[
                [
                    "202202",
                    29
                ],
                [
                    "202201",
                    29
                ]
            ],
            "rank_gap":0
        },
        {
            "index":11,
            "아파트명":"보성리버맨션",
            "투자타입":"일반",
            "전용면적(m2)":"82.43",
            "전용면적(평)":"24평",
            "법정동주소":"충청남도 논산시 강경읍 황산리 11-2",
            "도로명주소":"충청남도 논산시 옥녀봉로27번길 52",
            "세대수":0,
            "입주년차":0,
            "용적률점수":"--",
            "건폐율점수":"--",
            "세대당주차수":0,
            "난방방식":30,
            "공급면적":"--",
            "전용률":"--",
            "욕실수":50,
            "현관타입":10,
            "주거총점":9.0,
            "지역구공급총점":100.0,
            "역세권":"NA",
            "30분내 이동가능 거점":"NA",
            "1시간내 이동가능 거점":"NA",
            "교통총점":"NA",
            "백화점":0,
            "아울렛몰":0,
            "대형마트":80,
            "은행":0,
            "병원":10,
            "종합병원":0,
            "공원":100,
            "혐오시설":0,
            "인프라총점":16.0,
            "초등학군":90.0,
            "중학군":37.86,
            "학군총점":48.288,
            "인구수":11.25,
            "인구증감":-4.35,
            "인구총점":6.57,
            "일자리":9.41,
            "소득수준":55.76,
            "일자리총점":23.315,
            "가치 총점":21.622,
            "매매실거래년":20211113.0,
            "매매실거래가":9500.0,
            "전세실거래년":20191013.0,
            "전세실거래가":5000.0,
            "전세가율":79.37,
            "장기전세가율평균":74.74,
            "전세가율거품지수":-4.63,
            "검색코드":15213,
            "세대수":180.0,
            "준공년월":"1993-07-05",
            "준공년차":30.0,
            "가까운역이름":"NA",
            "가까운역거리":"NA",
            "역세권여부":"NA",
            "30분이내주요거점역":"NA",
            "30분거점역이름":"NA",
            "1시간이내주요거점역":"NA",
            "1시간거점역이름":"NA",
            "3km이내백화점수":0,
            "5km이내아울렛몰수":0,
            "1km이내대형먀트수":1,
            "500m이내은행수":0,
            "500m이내병원수":4,
            "5km이내대형병원수":0,
            "500m이내공원수":5,
            "3km이내혐오시설수":0,
            "초등학교학업성취도":90.0,
            "중학교학업성취도":63.1,
            "용적률":0,
            "건폐율":0,
            "Y":36.16081,
            "X":127.012554,
            "rank":30.0,
            "area_info":"24평(82.43), 31평(105.44)",
            "last_sales":"2021-11-13,9500.0,31평(105.44)",
            "rank_history":[
                [
                    "202202",
                    30
                ],
                [
                    "202201",
                    31
                ]
            ],
            "rank_gap":1
        },
        {
            "index":6,
            "아파트명":"미주",
            "투자타입":"재건축",
            "전용면적(m2)":"74.11",
            "전용면적(평)":"22평",
            "법정동주소":"충청남도 논산시 강경읍 255-3",
            "도로명주소":"충청남도 논산시 잣디길 13-2",
            "세대수":0,
            "입주년차":"--",
            "용적률점수":0,
            "건폐율점수":0,
            "세대당주차수":"--",
            "난방방식":"--",
            "공급면적":50,
            "전용률":80,
            "욕실수":"--",
            "현관타입":"--",
            "주거총점":6.5,
            "지역구공급총점":100.0,
            "역세권":"NA",
            "30분내 이동가능 거점":"NA",
            "1시간내 이동가능 거점":"NA",
            "교통총점":"NA",
            "백화점":0,
            "아울렛몰":0,
            "대형마트":80,
            "은행":0,
            "병원":0,
            "종합병원":0,
            "공원":80,
            "혐오시설":0,
            "인프라총점":14.4,
            "초등학군":89.98,
            "중학군":37.86,
            "학군총점":48.284,
            "인구수":11.25,
            "인구증감":-4.35,
            "인구총점":6.57,
            "일자리":9.41,
            "소득수준":55.76,
            "일자리총점":23.315,
            "가치 총점":20.106,
            "매매실거래년":20220105.0,
            "매매실거래가":4600.0,
            "전세실거래년":20180423.0,
            "전세실거래가":3500.0,
            "전세가율":76.09,
            "장기전세가율평균":74.74,
            "전세가율거품지수":-1.35,
            "검색코드":105219,
            "세대수":190.0,
            "준공년월":"1991-05-06",
            "준공년차":32.0,
            "가까운역이름":"NA",
            "가까운역거리":"NA",
            "역세권여부":"NA",
            "30분이내주요거점역":"NA",
            "30분거점역이름":"NA",
            "1시간이내주요거점역":"NA",
            "1시간거점역이름":"NA",
            "3km이내백화점수":0,
            "5km이내아울렛몰수":0,
            "1km이내대형먀트수":1,
            "500m이내은행수":0,
            "500m이내병원수":0,
            "5km이내대형병원수":0,
            "500m이내공원수":1,
            "3km이내혐오시설수":0,
            "초등학교학업성취도":89.98,
            "중학교학업성취도":63.1,
            "용적률":0,
            "건폐율":0,
            "Y":36.152619,
            "X":127.020469,
            "rank":31.0,
            "area_info":"22평(74.11), 26평(87.32), 29평(97.23), 29평(97.26), 30평(101.89)",
            "last_sales":"2022-01-05,4600.0,22평(74.11)",
            "rank_history":[
                [
                    "202202",
                    31
                ],
                [
                    "202201",
                    32
                ]
            ],
            "rank_gap":1
        },
        {
            "index":74,
            "아파트명":"논산월야",
            "투자타입":"일반",
            "전용면적(m2)":"57.58",
            "전용면적(평)":"17평",
            "법정동주소":"충청남도 논산시 연무읍 안심리 1065-34",
            "도로명주소":"충청남도 논산시 안심로 250",
            "세대수":0,
            "입주년차":0,
            "용적률점수":"--",
            "건폐율점수":"--",
            "세대당주차수":0,
            "난방방식":30,
            "공급면적":"--",
            "전용률":"--",
            "욕실수":50,
            "현관타입":100,
            "주거총점":18.0,
            "지역구공급총점":100.0,
            "역세권":"NA",
            "30분내 이동가능 거점":"NA",
            "1시간내 이동가능 거점":"NA",
            "교통총점":"NA",
            "백화점":0,
            "아울렛몰":0,
            "대형마트":0,
            "은행":0,
            "병원":0,
            "종합병원":0,
            "공원":0,
            "혐오시설":0,
            "인프라총점":0.0,
            "초등학군":89.98,
            "중학군":37.98,
            "학군총점":48.38,
            "인구수":11.25,
            "인구증감":-4.35,
            "인구총점":6.57,
            "일자리":9.41,
            "소득수준":55.76,
            "일자리총점":23.315,
            "가치 총점":18.395,
            "매매실거래년":20210928.0,
            "매매실거래가":5800.0,
            "전세실거래년":20200829.0,
            "전세실거래가":3500.0,
            "전세가율":89.74,
            "장기전세가율평균":74.74,
            "전세가율거품지수":-15.0,
            "검색코드":109762,
            "세대수":276.0,
            "준공년월":"1998-07-03",
            "준공년차":25.0,
            "가까운역이름":"NA",
            "가까운역거리":"NA",
            "역세권여부":"NA",
            "30분이내주요거점역":"NA",
            "30분거점역이름":"NA",
            "1시간이내주요거점역":"NA",
            "1시간거점역이름":"NA",
            "3km이내백화점수":0,
            "5km이내아울렛몰수":0,
            "1km이내대형먀트수":0,
            "500m이내은행수":0,
            "500m이내병원수":0,
            "5km이내대형병원수":0,
            "500m이내공원수":0,
            "3km이내혐오시설수":0,
            "초등학교학업성취도":89.98,
            "중학교학업성취도":63.3,
            "용적률":149,
            "건폐율":19,
            "Y":36.14245,
            "X":127.10292,
            "rank":32.0,
            "area_info":"17평(57.58), 25평(83.93), 25평(83.68)",
            "last_sales":"2021-09-28,5800.0,25평(83.68)",
            "rank_history":[
                [
                    "202202",
                    32
                ],
                [
                    "202201",
                    30
                ]
            ],
            "rank_gap":-2
        }
    ]
}