{
    "schema":{
        "fields":[
            {
                "name":"index",
                "type":"integer"
            },
            {
                "name":"아파트명",
                "type":"string"
            },
            {
                "name":"투자타입",
                "type":"string"
            },
            {
                "name":"전용면적(m2)",
                "type":"string"
            },
            {
                "name":"전용면적(평)",
                "type":"string"
            },
            {
                "name":"법정동주소",
                "type":"string"
            },
            {
                "name":"도로명주소",
                "type":"string"
            },
            {
                "name":"세대수",
                "type":"integer"
            },
            {
                "name":"입주년차",
                "type":"string"
            },
            {
                "name":"용적률점수",
                "type":"string"
            },
            {
                "name":"건폐율점수",
                "type":"string"
            },
            {
                "name":"세대당주차수",
                "type":"string"
            },
            {
                "name":"난방방식",
                "type":"string"
            },
            {
                "name":"공급면적",
                "type":"string"
            },
            {
                "name":"전용률",
                "type":"string"
            },
            {
                "name":"욕실수",
                "type":"string"
            },
            {
                "name":"현관타입",
                "type":"string"
            },
            {
                "name":"주거총점",
                "type":"number"
            },
            {
                "name":"지역구공급총점",
                "type":"number"
            },
            {
                "name":"역세권",
                "type":"string"
            },
            {
                "name":"30분내 이동가능 거점",
                "type":"string"
            },
            {
                "name":"1시간내 이동가능 거점",
                "type":"string"
            },
            {
                "name":"교통총점",
                "type":"string"
            },
            {
                "name":"백화점",
                "type":"integer"
            },
            {
                "name":"아울렛몰",
                "type":"integer"
            },
            {
                "name":"대형마트",
                "type":"integer"
            },
            {
                "name":"은행",
                "type":"integer"
            },
            {
                "name":"병원",
                "type":"integer"
            },
            {
                "name":"종합병원",
                "type":"integer"
            },
            {
                "name":"공원",
                "type":"integer"
            },
            {
                "name":"혐오시설",
                "type":"integer"
            },
            {
                "name":"인프라총점",
                "type":"number"
            },
            {
                "name":"초등학군",
                "type":"number"
            },
            {
                "name":"중학군",
                "type":"number"
            },
            {
                "name":"학군총점",
                "type":"number"
            },
            {
                "name":"인구수",
                "type":"number"
            },
            {
                "name":"인구증감",
                "type":"number"
            },
            {
                "name":"인구총점",
                "type":"number"
            },
            {
                "name":"일자리",
                "type":"number"
            },
            {
                "name":"소득수준",
                "type":"number"
            },
            {
                "name":"일자리총점",
                "type":"number"
            },
            {
                "name":"가치 총점",
                "type":"number"
            },
            {
                "name":"매매실거래년",
                "type":"string"
            },
            {
                "name":"매매실거래가",
                "type":"number"
            },
            {
                "name":"전세실거래년",
                "type":"number"
            },
            {
                "name":"전세실거래가",
                "type":"number"
            },
            {
                "name":"전세가율",
                "type":"number"
            },
            {
                "name":"장기전세가율평균",
                "type":"string"
            },
            {
                "name":"전세가율거품지수",
                "type":"string"
            },
            {
                "name":"검색코드",
                "type":"integer"
            },
            {
                "name":"세대수",
                "type":"number"
            },
            {
                "name":"준공년월",
                "type":"string"
            },
            {
                "name":"준공년차",
                "type":"number"
            },
            {
                "name":"가까운역이름",
                "type":"string"
            },
            {
                "name":"가까운역거리",
                "type":"string"
            },
            {
                "name":"역세권여부",
                "type":"string"
            },
            {
                "name":"30분이내주요거점역",
                "type":"string"
            },
            {
                "name":"30분거점역이름",
                "type":"string"
            },
            {
                "name":"1시간이내주요거점역",
                "type":"string"
            },
            {
                "name":"1시간거점역이름",
                "type":"string"
            },
            {
                "name":"3km이내백화점수",
                "type":"integer"
            },
            {
                "name":"5km이내아울렛몰수",
                "type":"integer"
            },
            {
                "name":"1km이내대형먀트수",
                "type":"integer"
            },
            {
                "name":"500m이내은행수",
                "type":"integer"
            },
            {
                "name":"500m이내병원수",
                "type":"integer"
            },
            {
                "name":"5km이내대형병원수",
                "type":"integer"
            },
            {
                "name":"500m이내공원수",
                "type":"integer"
            },
            {
                "name":"3km이내혐오시설수",
                "type":"integer"
            },
            {
                "name":"초등학교학업성취도",
                "type":"number"
            },
            {
                "name":"중학교학업성취도",
                "type":"number"
            },
            {
                "name":"용적률",
                "type":"integer"
            },
            {
                "name":"건폐율",
                "type":"integer"
            },
            {
                "name":"Y",
                "type":"number"
            },
            {
                "name":"X",
                "type":"number"
            },
            {
                "name":"rank",
                "type":"number"
            },
            {
                "name":"area_info",
                "type":"string"
            },
            {
                "name":"last_sales",
                "type":"string"
            },
            {
                "name":"rank_history",
                "type":"string"
            },
            {
                "name":"rank_gap",
                "type":"integer"
            }
        ],
        "primaryKey":[
            "index"
        ],
        "pandas_version":"1.4.0"
    },
    "data":[
        {
            "index":69,
            "아파트명":"예산행정타운신동아파밀리에",
            "투자타입":"일반",
            "전용면적(m2)":"97.68",
            "전용면적(평)":"29평",
            "법정동주소":"충청남도 예산군 예산읍 예산리 771",
            "도로명주소":"충청남도 예산군 군청로3길 16",
            "세대수":50,
            "입주년차":80,
            "용적률점수":"--",
            "건폐율점수":"--",
            "세대당주차수":30,
            "난방방식":30,
            "공급면적":"--",
            "전용률":"--",
            "욕실수":100,
            "현관타입":100,
            "주거총점":61.0,
            "지역구공급총점":0.0,
            "역세권":"NA",
            "30분내 이동가능 거점":"NA",
            "1시간내 이동가능 거점":"NA",
            "교통총점":"NA",
            "백화점":0,
            "아울렛몰":0,
            "대형마트":80,
            "은행":70,
            "병원":60,
            "종합병원":80,
            "공원":100,
            "혐오시설":0,
            "인프라총점":44.0,
            "초등학군":89.99,
            "중학군":38.12,
            "학군총점":48.494,
            "인구수":7.26,
            "인구증감":-2.21,
            "인구총점":4.419,
            "일자리":6.05,
            "소득수준":66.45,
            "일자리총점":24.17,
            "가치 총점":51.0735,
            "매매실거래년":20211224.0,
            "매매실거래가":31000.0,
            "전세실거래년":20210828.0,
            "전세실거래가":15000.0,
            "전세가율":56.82,
            "장기전세가율평균":"NA",
            "전세가율거품지수":"NA",
            "검색코드":111197,
            "세대수":462.0,
            "준공년월":"2017-08-09",
            "준공년차":6.0,
            "가까운역이름":"NA",
            "가까운역거리":"NA",
            "역세권여부":"NA",
            "30분이내주요거점역":"NA",
            "30분거점역이름":"NA",
            "1시간이내주요거점역":"NA",
            "1시간거점역이름":"NA",
            "3km이내백화점수":0,
            "5km이내아울렛몰수":0,
            "1km이내대형먀트수":1,
            "500m이내은행수":3,
            "500m이내병원수":24,
            "5km이내대형병원수":1,
            "500m이내공원수":6,
            "3km이내혐오시설수":0,
            "초등학교학업성취도":89.99,
            "중학교학업성취도":63.0,
            "용적률":189,
            "건폐율":17,
            "Y":36.6821,
            "X":126.845013,
            "rank":1.0,
            "area_info":"29평(97.68), 33평(110.41), 33평(111.44)",
            "last_sales":"2021-12-24,31000.0,33평(111.44)",
            "rank_history":[
                [
                    "202202",
                    1
                ],
                [
                    "202201",
                    1
                ]
            ],
            "rank_gap":0
        },
        {
            "index":61,
            "아파트명":"예산우방유쉘",
            "투자타입":"일반",
            "전용면적(m2)":"115.37",
            "전용면적(평)":"34평",
            "법정동주소":"충청남도 예산군 예산읍 발연리 90-1",
            "도로명주소":"충청남도 예산군 벚꽃로 175-17",
            "세대수":50,
            "입주년차":60,
            "용적률점수":"--",
            "건폐율점수":"--",
            "세대당주차수":60,
            "난방방식":30,
            "공급면적":"--",
            "전용률":"--",
            "욕실수":100,
            "현관타입":100,
            "주거총점":61.5,
            "지역구공급총점":0.0,
            "역세권":"NA",
            "30분내 이동가능 거점":"NA",
            "1시간내 이동가능 거점":"NA",
            "교통총점":"NA",
            "백화점":0,
            "아울렛몰":0,
            "대형마트":80,
            "은행":0,
            "병원":30,
            "종합병원":80,
            "공원":100,
            "혐오시설":0,
            "인프라총점":34.0,
            "초등학군":90.01,
            "중학군":46.34,
            "학군총점":55.074,
            "인구수":7.26,
            "인구증감":-2.21,
            "인구총점":4.419,
            "일자리":6.05,
            "소득수준":66.45,
            "일자리총점":24.17,
            "가치 총점":48.8935,
            "매매실거래년":20220115.0,
            "매매실거래가":27500.0,
            "전세실거래년":20190710.0,
            "전세실거래가":15000.0,
            "전세가율":54.55,
            "장기전세가율평균":"NA",
            "전세가율거품지수":"NA",
            "검색코드":25207,
            "세대수":499.0,
            "준공년월":"2009-07-30",
            "준공년차":14.0,
            "가까운역이름":"NA",
            "가까운역거리":"NA",
            "역세권여부":"NA",
            "30분이내주요거점역":"NA",
            "30분거점역이름":"NA",
            "1시간이내주요거점역":"NA",
            "1시간거점역이름":"NA",
            "3km이내백화점수":0,
            "5km이내아울렛몰수":0,
            "1km이내대형먀트수":1,
            "500m이내은행수":0,
            "500m이내병원수":9,
            "5km이내대형병원수":1,
            "500m이내공원수":3,
            "3km이내혐오시설수":0,
            "초등학교학업성취도":90.01,
            "중학교학업성취도":76.7,
            "용적률":226,
            "건폐율":21,
            "Y":36.695633,
            "X":126.834387,
            "rank":2.0,
            "area_info":"34평(115.37), 41평(138.32), 41평(138.66), 41평(138.35), 56평(187.76), 65평(217.76)",
            "last_sales":"2022-01-15,27500.0,34평(115.37)",
            "rank_history":[
                [
                    "202202",
                    2
                ],
                [
                    "202201",
                    2
                ]
            ],
            "rank_gap":0
        },
        {
            "index":47,
            "아파트명":"예산발연계룡리슈빌",
            "투자타입":"일반",
            "전용면적(m2)":"115.3",
            "전용면적(평)":"34평",
            "법정동주소":"충청남도 예산군 예산읍 발연리 253-1",
            "도로명주소":"충청남도 예산군 벚꽃로155번길 50",
            "세대수":50,
            "입주년차":40,
            "용적률점수":"--",
            "건폐율점수":"--",
            "세대당주차수":60,
            "난방방식":30,
            "공급면적":"--",
            "전용률":"--",
            "욕실수":100,
            "현관타입":100,
            "주거총점":57.5,
            "지역구공급총점":0.0,
            "역세권":"NA",
            "30분내 이동가능 거점":"NA",
            "1시간내 이동가능 거점":"NA",
            "교통총점":"NA",
            "백화점":0,
            "아울렛몰":0,
            "대형마트":80,
            "은행":0,
            "병원":30,
            "종합병원":80,
            "공원":100,
            "혐오시설":0,
            "인프라총점":34.0,
            "초등학군":90.01,
            "중학군":46.34,
            "학군총점":55.074,
            "인구수":7.26,
            "인구증감":-2.21,
            "인구총점":4.419,
            "일자리":6.05,
            "소득수준":66.45,
            "일자리총점":24.17,
            "가치 총점":47.4935,
            "매매실거래년":20220106.0,
            "매매실거래가":27500.0,
            "전세실거래년":20190817.0,
            "전세실거래가":15000.0,
            "전세가율":57.92,
            "장기전세가율평균":"NA",
            "전세가율거품지수":"NA",
            "검색코드":24077,
            "세대수":446.0,
            "준공년월":"2008-01-25",
            "준공년차":15.0,
            "가까운역이름":"NA",
            "가까운역거리":"NA",
            "역세권여부":"NA",
            "30분이내주요거점역":"NA",
            "30분거점역이름":"NA",
            "1시간이내주요거점역":"NA",
            "1시간거점역이름":"NA",
            "3km이내백화점수":0,
            "5km이내아울렛몰수":0,
            "1km이내대형먀트수":1,
            "500m이내은행수":0,
            "500m이내병원수":9,
            "5km이내대형병원수":1,
            "500m이내공원수":3,
            "3km이내혐오시설수":0,
            "초등학교학업성취도":90.01,
            "중학교학업성취도":76.7,
            "용적률":246,
            "건폐율":21,
            "Y":36.695736,
            "X":126.832013,
            "rank":3.0,
            "area_info":"34평(115.3), 35평(116.7), 41평(135.58), 44평(148.18), 55평(184.48)",
            "last_sales":"2022-01-06,27500.0,41평(135.58)",
            "rank_history":[
                [
                    "202202",
                    3
                ],
                [
                    "202201",
                    3
                ]
            ],
            "rank_gap":0
        },
        {
            "index":52,
            "아파트명":"예산세광엔리치타워1차",
            "투자타입":"일반",
            "전용면적(m2)":"102.39",
            "전용면적(평)":"30평",
            "법정동주소":"충청남도 예산군 예산읍 산성리 95-1",
            "도로명주소":"충청남도 예산군 아리랑로 93-10",
            "세대수":50,
            "입주년차":40,
            "용적률점수":"--",
            "건폐율점수":"--",
            "세대당주차수":30,
            "난방방식":30,
            "공급면적":"--",
            "전용률":"--",
            "욕실수":100,
            "현관타입":100,
            "주거총점":53.0,
            "지역구공급총점":0.0,
            "역세권":"NA",
            "30분내 이동가능 거점":"NA",
            "1시간내 이동가능 거점":"NA",
            "교통총점":"NA",
            "백화점":0,
            "아울렛몰":0,
            "대형마트":100,
            "은행":0,
            "병원":0,
            "종합병원":80,
            "공원":100,
            "혐오시설":0,
            "인프라총점":34.0,
            "초등학군":90.01,
            "중학군":46.34,
            "학군총점":55.074,
            "인구수":7.26,
            "인구증감":-2.21,
            "인구총점":4.419,
            "일자리":6.05,
            "소득수준":66.45,
            "일자리총점":24.17,
            "가치 총점":45.9185,
            "매매실거래년":20220124.0,
            "매매실거래가":17500.0,
            "전세실거래년":20210701.0,
            "전세실거래가":14000.0,
            "전세가율":80.0,
            "장기전세가율평균":"NA",
            "전세가율거품지수":"NA",
            "검색코드":24066,
            "세대수":465.0,
            "준공년월":"2006-09-13",
            "준공년차":17.0,
            "가까운역이름":"NA",
            "가까운역거리":"NA",
            "역세권여부":"NA",
            "30분이내주요거점역":"NA",
            "30분거점역이름":"NA",
            "1시간이내주요거점역":"NA",
            "1시간거점역이름":"NA",
            "3km이내백화점수":0,
            "5km이내아울렛몰수":0,
            "1km이내대형먀트수":2,
            "500m이내은행수":0,
            "500m이내병원수":0,
            "5km이내대형병원수":1,
            "500m이내공원수":2,
            "3km이내혐오시설수":0,
            "초등학교학업성취도":90.01,
            "중학교학업성취도":76.7,
            "용적률":243,
            "건폐율":23,
            "Y":36.688218,
            "X":126.840933,
            "rank":4.0,
            "area_info":"30평(102.39), 32평(108.92), 34평(115.28), 42평(141.15), 47평(156.51)",
            "last_sales":"2022-01-24,17500.0,30평(102.39)",
            "rank_history":[
                [
                    "202202",
                    4
                ],
                [
                    "202201",
                    4
                ]
            ],
            "rank_gap":0
        },
        {
            "index":11,
            "아파트명":"내포신도시이지더원",
            "투자타입":"일반",
            "전용면적(m2)":"98.16",
            "전용면적(평)":"29평",
            "법정동주소":"충청남도 예산군 삽교읍 목리 894-1",
            "도로명주소":"충청남도 예산군 수암천로 11",
            "세대수":80,
            "입주년차":80,
            "용적률점수":"--",
            "건폐율점수":"--",
            "세대당주차수":60,
            "난방방식":100,
            "공급면적":"--",
            "전용률":"--",
            "욕실수":100,
            "현관타입":100,
            "주거총점":83.0,
            "지역구공급총점":0.0,
            "역세권":"NA",
            "30분내 이동가능 거점":"NA",
            "1시간내 이동가능 거점":"NA",
            "교통총점":"NA",
            "백화점":0,
            "아울렛몰":0,
            "대형마트":0,
            "은행":0,
            "병원":0,
            "종합병원":0,
            "공원":100,
            "혐오시설":0,
            "인프라총점":3.0,
            "초등학군":90.08,
            "중학군":37.44,
            "학군총점":47.968,
            "인구수":7.26,
            "인구증감":-2.21,
            "인구총점":4.419,
            "일자리":6.05,
            "소득수준":66.45,
            "일자리총점":24.17,
            "가치 총점":42.242,
            "매매실거래년":20211226.0,
            "매매실거래가":37500.0,
            "전세실거래년":20211208.0,
            "전세실거래가":27000.0,
            "전세가율":84.38,
            "장기전세가율평균":"NA",
            "전세가율거품지수":"NA",
            "검색코드":113466,
            "세대수":892.0,
            "준공년월":"2017-12-01",
            "준공년차":6.0,
            "가까운역이름":"NA",
            "가까운역거리":"NA",
            "역세권여부":"NA",
            "30분이내주요거점역":"NA",
            "30분거점역이름":"NA",
            "1시간이내주요거점역":"NA",
            "1시간거점역이름":"NA",
            "3km이내백화점수":0,
            "5km이내아울렛몰수":0,
            "1km이내대형먀트수":0,
            "500m이내은행수":0,
            "500m이내병원수":0,
            "5km이내대형병원수":0,
            "500m이내공원수":3,
            "3km이내혐오시설수":0,
            "초등학교학업성취도":90.08,
            "중학교학업성취도":62.4,
            "용적률":174,
            "건폐율":18,
            "Y":36.662902,
            "X":126.670745,
            "rank":5.0,
            "area_info":"29평(98.16), 30평(102.11), 34평(112.83)",
            "last_sales":"2021-12-26,37500.0,34평(112.83)",
            "rank_history":[
                [
                    "202202",
                    5
                ],
                [
                    "202201",
                    5
                ]
            ],
            "rank_gap":0
        },
        {
            "index":67,
            "아파트명":"예산이에스아뜨리움",
            "투자타입":"일반",
            "전용면적(m2)":"86.86",
            "전용면적(평)":"26평",
            "법정동주소":"충청남도 예산군 예산읍 산성리 129-20",
            "도로명주소":"충청남도 예산군 벚꽃로 82",
            "세대수":0,
            "입주년차":80,
            "용적률점수":"--",
            "건폐율점수":"--",
            "세대당주차수":30,
            "난방방식":30,
            "공급면적":"--",
            "전용률":"--",
            "욕실수":100,
            "현관타입":100,
            "주거총점":43.5,
            "지역구공급총점":0.0,
            "역세권":"NA",
            "30분내 이동가능 거점":"NA",
            "1시간내 이동가능 거점":"NA",
            "교통총점":"NA",
            "백화점":0,
            "아울렛몰":0,
            "대형마트":100,
            "은행":0,
            "병원":30,
            "종합병원":80,
            "공원":100,
            "혐오시설":0,
            "인프라총점":37.0,
            "초등학군":90.01,
            "중학군":38.12,
            "학군총점":48.498,
            "인구수":7.26,
            "인구증감":-2.21,
            "인구총점":4.419,
            "일자리":6.05,
            "소득수준":66.45,
            "일자리총점":24.17,
            "가치 총점":42.1495,
            "매매실거래년":20220119.0,
            "매매실거래가":15700.0,
            "전세실거래년":20200701.0,
            "전세실거래가":12000.0,
            "전세가율":75.0,
            "장기전세가율평균":"NA",
            "전세가율거품지수":"NA",
            "검색코드":109376,
            "세대수":174.0,
            "준공년월":"2015-02-04",
            "준공년차":8.0,
            "가까운역이름":"NA",
            "가까운역거리":"NA",
            "역세권여부":"NA",
            "30분이내주요거점역":"NA",
            "30분거점역이름":"NA",
            "1시간이내주요거점역":"NA",
            "1시간거점역이름":"NA",
            "3km이내백화점수":0,
            "5km이내아울렛몰수":0,
            "1km이내대형먀트수":2,
            "500m이내은행수":1,
            "500m이내병원수":5,
            "5km이내대형병원수":1,
            "500m이내공원수":4,
            "3km이내혐오시설수":0,
            "초등학교학업성취도":90.01,
            "중학교학업성취도":63.0,
            "용적률":220,
            "건폐율":19,
            "Y":36.688076,
            "X":126.836526,
            "rank":6.0,
            "area_info":"26평(86.86), 28평(94.78)",
            "last_sales":"2022-01-19,15700.0,28평(94.78)",
            "rank_history":[
                [
                    "202202",
                    6
                ],
                [
                    "202201",
                    6
                ]
            ],
            "rank_gap":0
        },
        {
            "index":27,
            "아파트명":"서오백송(예산한신)",
            "투자타입":"일반",
            "전용면적(m2)":"75.44",
            "전용면적(평)":"22평",
            "법정동주소":"충청남도 예산군 예산읍 산성리 710",
            "도로명주소":"충청남도 예산군 역전로160번길 16",
            "세대수":50,
            "입주년차":0,
            "용적률점수":"--",
            "건폐율점수":"--",
            "세대당주차수":0,
            "난방방식":30,
            "공급면적":"--",
            "전용률":"--",
            "욕실수":50,
            "현관타입":100,
            "주거총점":35.5,
            "지역구공급총점":0.0,
            "역세권":"NA",
            "30분내 이동가능 거점":"NA",
            "1시간내 이동가능 거점":"NA",
            "교통총점":"NA",
            "백화점":0,
            "아울렛몰":0,
            "대형마트":80,
            "은행":0,
            "병원":60,
            "종합병원":80,
            "공원":100,
            "혐오시설":0,
            "인프라총점":37.0,
            "초등학군":90.01,
            "중학군":46.34,
            "학군총점":55.074,
            "인구수":7.26,
            "인구증감":-2.21,
            "인구총점":4.419,
            "일자리":6.05,
            "소득수준":66.45,
            "일자리총점":24.17,
            "가치 총점":40.9935,
            "매매실거래년":20220114.0,
            "매매실거래가":9500.0,
            "전세실거래년":20211002.0,
            "전세실거래가":6000.0,
            "전세가율":63.16,
            "장기전세가율평균":"NA",
            "전세가율거품지수":"NA",
            "검색코드":7256,
            "세대수":496.0,
            "준공년월":"1996-06-01",
            "준공년차":27.0,
            "가까운역이름":"NA",
            "가까운역거리":"NA",
            "역세권여부":"NA",
            "30분이내주요거점역":"NA",
            "30분거점역이름":"NA",
            "1시간이내주요거점역":"NA",
            "1시간거점역이름":"NA",
            "3km이내백화점수":0,
            "5km이내아울렛몰수":0,
            "1km이내대형먀트수":1,
            "500m이내은행수":0,
            "500m이내병원수":12,
            "5km이내대형병원수":1,
            "500m이내공원수":5,
            "3km이내혐오시설수":0,
            "초등학교학업성취도":90.01,
            "중학교학업성취도":76.7,
            "용적률":300,
            "건폐율":26,
            "Y":36.693097,
            "X":126.832165,
            "rank":7.0,
            "area_info":"22평(75.44), 22평(75.49), 28평(93.17), 31평(104.44), 41평(136.01)",
            "last_sales":"2022-01-14,9500.0,22평(75.44)",
            "rank_history":[
                [
                    "202202",
                    7
                ],
                [
                    "202201",
                    7
                ]
            ],
            "rank_gap":0
        },
        {
            "index":57,
            "아파트명":"예산실리안",
            "투자타입":"일반",
            "전용면적(m2)":"93.3",
            "전용면적(평)":"28평",
            "법정동주소":"충청남도 예산군 예산읍 신례원리 641",
            "도로명주소":"충청남도 예산군 신례원로 176",
            "세대수":0,
            "입주년차":80,
            "용적률점수":"--",
            "건폐율점수":"--",
            "세대당주차수":60,
            "난방방식":30,
            "공급면적":"--",
            "전용률":"--",
            "욕실수":100,
            "현관타입":100,
            "주거총점":48.0,
            "지역구공급총점":0.0,
            "역세권":"NA",
            "30분내 이동가능 거점":"NA",
            "1시간내 이동가능 거점":"NA",
            "교통총점":"NA",
            "백화점":0,
            "아울렛몰":0,
            "대형마트":0,
            "은행":0,
            "병원":30,
            "종합병원":80,
            "공원":80,
            "혐오시설":0,
            "인프라총점":21.4,
            "초등학군":89.92,
            "중학군":46.34,
            "학군총점":55.056,
            "인구수":7.26,
            "인구증감":-2.21,
            "인구총점":4.419,
            "일자리":6.05,
            "소득수준":66.45,
            "일자리총점":24.17,
            "가치 총점":39.124,
            "매매실거래년":20210929.0,
            "매매실거래가":15500.0,
            "전세실거래년":20220109.0,
            "전세실거래가":10000.0,
            "전세가율":64.52,
            "장기전세가율평균":"NA",
            "전세가율거품지수":"NA",
            "검색코드":115959,
            "세대수":174.0,
            "준공년월":"2017-10-31",
            "준공년차":6.0,
            "가까운역이름":"NA",
            "가까운역거리":"NA",
            "역세권여부":"NA",
            "30분이내주요거점역":"NA",
            "30분거점역이름":"NA",
            "1시간이내주요거점역":"NA",
            "1시간거점역이름":"NA",
            "3km이내백화점수":0,
            "5km이내아울렛몰수":0,
            "1km이내대형먀트수":0,
            "500m이내은행수":0,
            "500m이내병원수":5,
            "5km이내대형병원수":1,
            "500m이내공원수":1,
            "3km이내혐오시설수":0,
            "초등학교학업성취도":89.92,
            "중학교학업성취도":76.7,
            "용적률":105,
            "건폐율":14,
            "Y":36.724859,
            "X":126.843443,
            "rank":8.0,
            "area_info":"28평(93.3), 31평(104.34), 32평(106.04), 34평(114.89)",
            "last_sales":"2021-09-29,15500.0,28평(93.3)",
            "rank_history":[
                [
                    "202202",
                    8
                ],
                [
                    "202201",
                    9
                ]
            ],
            "rank_gap":1
        },
        {
            "index":15,
            "아파트명":"까치유익",
            "투자타입":"일반",
            "전용면적(m2)":"78.47",
            "전용면적(평)":"23평",
            "법정동주소":"충청남도 예산군 예산읍 주교리 179-1",
            "도로명주소":"충청남도 예산군 아리랑로 43",
            "세대수":30,
            "입주년차":20,
            "용적률점수":"--",
            "건폐율점수":"--",
            "세대당주차수":0,
            "난방방식":30,
            "공급면적":"--",
            "전용률":"--",
            "욕실수":50,
            "현관타입":100,
            "주거총점":32.5,
            "지역구공급총점":0.0,
            "역세권":"NA",
            "30분내 이동가능 거점":"NA",
            "1시간내 이동가능 거점":"NA",
            "교통총점":"NA",
            "백화점":0,
            "아울렛몰":0,
            "대형마트":100,
            "은행":0,
            "병원":30,
            "종합병원":80,
            "공원":100,
            "혐오시설":0,
            "인프라총점":37.0,
            "초등학군":90.01,
            "중학군":38.12,
            "학군총점":48.498,
            "인구수":7.26,
            "인구증감":-2.21,
            "인구총점":4.419,
            "일자리":6.05,
            "소득수준":66.45,
            "일자리총점":24.17,
            "가치 총점":38.2995,
            "매매실거래년":"18000101",
            "매매실거래가":null,
            "전세실거래년":null,
            "전세실거래가":null,
            "전세가율":null,
            "장기전세가율평균":"NA",
            "전세가율거품지수":"NA",
            "검색코드":13532,
            "세대수":344.0,
            "준공년월":"2001-10-05",
            "준공년차":22.0,
            "가까운역이름":"NA",
            "가까운역거리":"NA",
            "역세권여부":"NA",
            "30분이내주요거점역":"NA",
            "30분거점역이름":"NA",
            "1시간이내주요거점역":"NA",
            "1시간거점역이름":"NA",
            "3km이내백화점수":0,
            "5km이내아울렛몰수":0,
            "1km이내대형먀트수":2,
            "500m이내은행수":1,
            "500m이내병원수":8,
            "5km이내대형병원수":1,
            "500m이내공원수":2,
            "3km이내혐오시설수":0,
            "초등학교학업성취도":90.01,
            "중학교학업성취도":63.0,
            "용적률":0,
            "건폐율":0,
            "Y":36.68673,
            "X":126.83461,
            "rank":9.0,
            "area_info":"23평(78.47), 32평(106.48), 41평(138.45)",
            "last_sales":"1800-01-01,nan,23평(78.47)",
            "rank_history":[
                [
                    "202202",
                    9
                ],
                [
                    "202201",
                    8
                ]
            ],
            "rank_gap":-1
        },
        {
            "index":32,
            "아파트명":"석탑",
            "투자타입":"일반",
            "전용면적(m2)":"54.38",
            "전용면적(평)":"16평",
            "법정동주소":"충청남도 예산군 예산읍 주교리 179-1",
            "도로명주소":"충청남도 예산군 아리랑로 43",
            "세대수":30,
            "입주년차":0,
            "용적률점수":"--",
            "건폐율점수":"--",
            "세대당주차수":60,
            "난방방식":30,
            "공급면적":"--",
            "전용률":"--",
            "욕실수":50,
            "현관타입":10,
            "주거총점":28.5,
            "지역구공급총점":0.0,
            "역세권":"NA",
            "30분내 이동가능 거점":"NA",
            "1시간내 이동가능 거점":"NA",
            "교통총점":"NA",
            "백화점":0,
            "아울렛몰":0,
            "대형마트":100,
            "은행":0,
            "병원":60,
            "종합병원":80,
            "공원":100,
            "혐오시설":0,
            "인프라총점":40.0,
            "초등학군":90.01,
            "중학군":38.12,
            "학군총점":48.498,
            "인구수":7.26,
            "인구증감":-2.21,
            "인구총점":4.419,
            "일자리":6.05,
            "소득수준":66.45,
            "일자리총점":24.17,
            "가치 총점":38.0995,
            "매매실거래년":20211228.0,
            "매매실거래가":13000.0,
            "전세실거래년":20200729.0,
            "전세실거래가":4000.0,
            "전세가율":85.11,
            "장기전세가율평균":"NA",
            "전세가율거품지수":"NA",
            "검색코드":7250,
            "세대수":377.0,
            "준공년월":"1997-10-01",
            "준공년차":26.0,
            "가까운역이름":"NA",
            "가까운역거리":"NA",
            "역세권여부":"NA",
            "30분이내주요거점역":"NA",
            "30분거점역이름":"NA",
            "1시간이내주요거점역":"NA",
            "1시간거점역이름":"NA",
            "3km이내백화점수":0,
            "5km이내아울렛몰수":0,
            "1km이내대형먀트수":2,
            "500m이내은행수":1,
            "500m이내병원수":10,
            "5km이내대형병원수":1,
            "500m이내공원수":2,
            "3km이내혐오시설수":0,
            "초등학교학업성취도":90.01,
            "중학교학업성취도":63.0,
            "용적률":0,
            "건폐율":0,
            "Y":36.686715,
            "X":126.83375,
            "rank":10.0,
            "area_info":"16평(54.38), 23평(78.47), 32평(106.48), 41평(138.45)",
            "last_sales":"2021-12-28,13000.0,32평(106.48)",
            "rank_history":[
                [
                    "202202",
                    10
                ],
                [
                    "202201",
                    10
                ]
            ],
            "rank_gap":0
        },
        {
            "index":39,
            "아파트명":"신례원현대",
            "투자타입":"일반",
            "전용면적(m2)":"79.86",
            "전용면적(평)":"24평",
            "법정동주소":"충청남도 예산군 예산읍 신례원리 582",
            "도로명주소":"충청남도 예산군 창신로 55",
            "세대수":50,
            "입주년차":0,
            "용적률점수":"--",
            "건폐율점수":"--",
            "세대당주차수":60,
            "난방방식":30,
            "공급면적":"--",
            "전용률":"--",
            "욕실수":50,
            "현관타입":100,
            "주거총점":44.5,
            "지역구공급총점":0.0,
            "역세권":"NA",
            "30분내 이동가능 거점":"NA",
            "1시간내 이동가능 거점":"NA",
            "교통총점":"NA",
            "백화점":0,
            "아울렛몰":0,
            "대형마트":0,
            "은행":0,
            "병원":0,
            "종합병원":80,
            "공원":100,
            "혐오시설":0,
            "인프라총점":19.0,
            "초등학군":89.92,
            "중학군":46.34,
            "학군총점":55.056,
            "인구수":7.26,
            "인구증감":-2.21,
            "인구총점":4.419,
            "일자리":6.05,
            "소득수준":66.45,
            "일자리총점":24.17,
            "가치 총점":36.939,
            "매매실거래년":20211229.0,
            "매매실거래가":9000.0,
            "전세실거래년":20180104.0,
            "전세실거래가":3000.0,
            "전세가율":44.12,
            "장기전세가율평균":"NA",
            "전세가율거품지수":"NA",
            "검색코드":7261,
            "세대수":496.0,
            "준공년월":"1994-09-23",
            "준공년차":29.0,
            "가까운역이름":"NA",
            "가까운역거리":"NA",
            "역세권여부":"NA",
            "30분이내주요거점역":"NA",
            "30분거점역이름":"NA",
            "1시간이내주요거점역":"NA",
            "1시간거점역이름":"NA",
            "3km이내백화점수":0,
            "5km이내아울렛몰수":0,
            "1km이내대형먀트수":0,
            "500m이내은행수":0,
            "500m이내병원수":0,
            "5km이내대형병원수":1,
            "500m이내공원수":2,
            "3km이내혐오시설수":0,
            "초등학교학업성취도":89.92,
            "중학교학업성취도":76.7,
            "용적률":0,
            "건폐율":0,
            "Y":36.72289,
            "X":126.83857,
            "rank":11.0,
            "area_info":"24평(79.86), 25평(82.83), 28평(92.65), 32평(106.36)",
            "last_sales":"2021-12-29,9000.0,28평(92.65)",
            "rank_history":[
                [
                    "202202",
                    11
                ],
                [
                    "202201",
                    11
                ]
            ],
            "rank_gap":0
        },
        {
            "index":22,
            "아파트명":"서오1차",
            "투자타입":"재건축",
            "전용면적(m2)":"89.28",
            "전용면적(평)":"27평",
            "법정동주소":"충청남도 예산군 예산읍 산성리 705",
            "도로명주소":"충청남도 예산군 역전로 150-6",
            "세대수":0,
            "입주년차":"--",
            "용적률점수":0,
            "건폐율점수":80,
            "세대당주차수":"--",
            "난방방식":"--",
            "공급면적":70,
            "전용률":60,
            "욕실수":"--",
            "현관타입":"--",
            "주거총점":22.5,
            "지역구공급총점":0.0,
            "역세권":"NA",
            "30분내 이동가능 거점":"NA",
            "1시간내 이동가능 거점":"NA",
            "교통총점":"NA",
            "백화점":0,
            "아울렛몰":0,
            "대형마트":80,
            "은행":0,
            "병원":60,
            "종합병원":80,
            "공원":100,
            "혐오시설":0,
            "인프라총점":37.0,
            "초등학군":90.01,
            "중학군":46.34,
            "학군총점":55.074,
            "인구수":7.26,
            "인구증감":-2.21,
            "인구총점":4.419,
            "일자리":6.05,
            "소득수준":66.45,
            "일자리총점":24.17,
            "가치 총점":36.4435,
            "매매실거래년":20211210.0,
            "매매실거래가":7700.0,
            "전세실거래년":20211225.0,
            "전세실거래가":7000.0,
            "전세가율":90.91,
            "장기전세가율평균":"NA",
            "전세가율거품지수":"NA",
            "검색코드":7244,
            "세대수":264.0,
            "준공년월":"1991-10-01",
            "준공년차":32.0,
            "가까운역이름":"NA",
            "가까운역거리":"NA",
            "역세권여부":"NA",
            "30분이내주요거점역":"NA",
            "30분거점역이름":"NA",
            "1시간이내주요거점역":"NA",
            "1시간거점역이름":"NA",
            "3km이내백화점수":0,
            "5km이내아울렛몰수":0,
            "1km이내대형먀트수":1,
            "500m이내은행수":0,
            "500m이내병원수":13,
            "5km이내대형병원수":1,
            "500m이내공원수":4,
            "3km이내혐오시설수":0,
            "초등학교학업성취도":90.01,
            "중학교학업성취도":76.7,
            "용적률":249,
            "건폐율":23,
            "Y":36.692132,
            "X":126.831116,
            "rank":12.0,
            "area_info":"27평(89.28), 33평(110.11)",
            "last_sales":"2021-12-10,7700.0,27평(89.28)",
            "rank_history":[
                [
                    "202202",
                    12
                ],
                [
                    "202201",
                    12
                ]
            ],
            "rank_gap":0
        },
        {
            "index":73,
            "아파트명":"주공",
            "투자타입":"일반",
            "전용면적(m2)":"65.03",
            "전용면적(평)":"19평",
            "법정동주소":"충청남도 예산군 예산읍 산성리 103-1",
            "도로명주소":"충청남도 예산군 아리랑로 77-6",
            "세대수":50,
            "입주년차":20,
            "용적률점수":"--",
            "건폐율점수":"--",
            "세대당주차수":0,
            "난방방식":30,
            "공급면적":"--",
            "전용률":"--",
            "욕실수":50,
            "현관타입":10,
            "주거총점":30.5,
            "지역구공급총점":0.0,
            "역세권":"NA",
            "30분내 이동가능 거점":"NA",
            "1시간내 이동가능 거점":"NA",
            "교통총점":"NA",
            "백화점":0,
            "아울렛몰":0,
            "대형마트":100,
            "은행":0,
            "병원":0,
            "종합병원":80,
            "공원":100,
            "혐오시설":0,
            "인프라총점":34.0,
            "초등학군":90.01,
            "중학군":38.12,
            "학군총점":48.498,
            "인구수":7.26,
            "인구증감":-2.21,
            "인구총점":4.419,
            "일자리":6.05,
            "소득수준":66.45,
            "일자리총점":24.17,
            "가치 총점":36.3995,
            "매매실거래년":20220125.0,
            "매매실거래가":7600.0,
            "전세실거래년":20210515.0,
            "전세실거래가":5000.0,
            "전세가율":65.79,
            "장기전세가율평균":"NA",
            "전세가율거품지수":"NA",
            "검색코드":17197,
            "세대수":448.0,
            "준공년월":"2000-05-17",
            "준공년차":23.0,
            "가까운역이름":"NA",
            "가까운역거리":"NA",
            "역세권여부":"NA",
            "30분이내주요거점역":"NA",
            "30분거점역이름":"NA",
            "1시간이내주요거점역":"NA",
            "1시간거점역이름":"NA",
            "3km이내백화점수":0,
            "5km이내아울렛몰수":0,
            "1km이내대형먀트수":2,
            "500m이내은행수":0,
            "500m이내병원수":0,
            "5km이내대형병원수":1,
            "500m이내공원수":2,
            "3km이내혐오시설수":0,
            "초등학교학업성취도":90.01,
            "중학교학업성취도":63.0,
            "용적률":206,
            "건폐율":20,
            "Y":36.687557,
            "X":126.838783,
            "rank":13.0,
            "area_info":"19평(65.03), 23평(76.07), 23평(78.13), 23평(78.07)",
            "last_sales":"2022-01-25,7600.0,19평(65.03)",
            "rank_history":[
                [
                    "202202",
                    13
                ],
                [
                    "202201",
                    13
                ]
            ],
            "rank_gap":0
        },
        {
            "index":36,
            "아파트명":"성문",
            "투자타입":"재건축",
            "전용면적(m2)":"66.45",
            "전용면적(평)":"20평",
            "법정동주소":"충청남도 예산군 예산읍 신례원리 264-3",
            "도로명주소":"충청남도 예산군 창신로 51-34",
            "세대수":0,
            "입주년차":"--",
            "용적률점수":60,
            "건폐율점수":60,
            "세대당주차수":"--",
            "난방방식":"--",
            "공급면적":50,
            "전용률":60,
            "욕실수":"--",
            "현관타입":"--",
            "주거총점":41.5,
            "지역구공급총점":0.0,
            "역세권":"NA",
            "30분내 이동가능 거점":"NA",
            "1시간내 이동가능 거점":"NA",
            "교통총점":"NA",
            "백화점":0,
            "아울렛몰":0,
            "대형마트":0,
            "은행":0,
            "병원":0,
            "종합병원":80,
            "공원":100,
            "혐오시설":0,
            "인프라총점":19.0,
            "초등학군":89.92,
            "중학군":46.34,
            "학군총점":55.056,
            "인구수":7.26,
            "인구증감":-2.21,
            "인구총점":4.419,
            "일자리":6.05,
            "소득수준":66.45,
            "일자리총점":24.17,
            "가치 총점":35.889,
            "매매실거래년":20220107.0,
            "매매실거래가":3000.0,
            "전세실거래년":20210328.0,
            "전세실거래가":1500.0,
            "전세가율":37.5,
            "장기전세가율평균":"NA",
            "전세가율거품지수":"NA",
            "검색코드":106258,
            "세대수":228.0,
            "준공년월":"1992-08-17",
            "준공년차":31.0,
            "가까운역이름":"NA",
            "가까운역거리":"NA",
            "역세권여부":"NA",
            "30분이내주요거점역":"NA",
            "30분거점역이름":"NA",
            "1시간이내주요거점역":"NA",
            "1시간거점역이름":"NA",
            "3km이내백화점수":0,
            "5km이내아울렛몰수":0,
            "1km이내대형먀트수":0,
            "500m이내은행수":0,
            "500m이내병원수":1,
            "5km이내대형병원수":1,
            "500m이내공원수":2,
            "3km이내혐오시설수":0,
            "초등학교학업성취도":89.92,
            "중학교학업성취도":76.7,
            "용적률":182,
            "건폐율":31,
            "Y":36.72488,
            "X":126.840326,
            "rank":14.0,
            "area_info":"20평(66.45), 21평(72.19), 22평(75.37)",
            "last_sales":"2022-01-07,3000.0,22평(75.37)",
            "rank_history":[
                [
                    "202202",
                    14
                ],
                [
                    "202201",
                    14
                ]
            ],
            "rank_gap":0
        },
        {
            "index":72,
            "아파트명":"유익",
            "투자타입":"일반",
            "전용면적(m2)":"55.83",
            "전용면적(평)":"16평",
            "법정동주소":"충청남도 예산군 예산읍 산성리 324-1",
            "도로명주소":"충청남도 예산군 역전로126번길 24-10",
            "세대수":0,
            "입주년차":0,
            "용적률점수":"--",
            "건폐율점수":"--",
            "세대당주차수":0,
            "난방방식":30,
            "공급면적":"--",
            "전용률":"--",
            "욕실수":50,
            "현관타입":100,
            "주거총점":18.0,
            "지역구공급총점":0.0,
            "역세권":"NA",
            "30분내 이동가능 거점":"NA",
            "1시간내 이동가능 거점":"NA",
            "교통총점":"NA",
            "백화점":0,
            "아울렛몰":0,
            "대형마트":80,
            "은행":0,
            "병원":60,
            "종합병원":80,
            "공원":100,
            "혐오시설":0,
            "인프라총점":37.0,
            "초등학군":90.01,
            "중학군":46.34,
            "학군총점":55.074,
            "인구수":7.26,
            "인구증감":-2.21,
            "인구총점":4.419,
            "일자리":6.05,
            "소득수준":66.45,
            "일자리총점":24.17,
            "가치 총점":34.8685,
            "매매실거래년":20211230.0,
            "매매실거래가":5000.0,
            "전세실거래년":20200923.0,
            "전세실거래가":4000.0,
            "전세가율":80.0,
            "장기전세가율평균":"NA",
            "전세가율거품지수":"NA",
            "검색코드":23954,
            "세대수":182.0,
            "준공년월":"1998-04-16",
            "준공년차":25.0,
            "가까운역이름":"NA",
            "가까운역거리":"NA",
            "역세권여부":"NA",
            "30분이내주요거점역":"NA",
            "30분거점역이름":"NA",
            "1시간이내주요거점역":"NA",
            "1시간거점역이름":"NA",
            "3km이내백화점수":0,
            "5km이내아울렛몰수":0,
            "1km이내대형먀트수":1,
            "500m이내은행수":1,
            "500m이내병원수":10,
            "5km이내대형병원수":1,
            "500m이내공원수":3,
            "3km이내혐오시설수":0,
            "초등학교학업성취도":90.01,
            "중학교학업성취도":76.7,
            "용적률":339,
            "건폐율":27,
            "Y":36.689255,
            "X":126.832704,
            "rank":15.0,
            "area_info":"16평(55.83)",
            "last_sales":"2021-12-30,5000.0,16평(55.83)",
            "rank_history":[
                [
                    "202202",
                    15
                ],
                [
                    "202201",
                    15
                ]
            ],
            "rank_gap":0
        },
        {
            "index":18,
            "아파트명":"능금마을신성",
            "투자타입":"일반",
            "전용면적(m2)":"75.69",
            "전용면적(평)":"22평",
            "법정동주소":"충청남도 예산군 예산읍 예산리 12",
            "도로명주소":"충청남도 예산군 아리랑로144번길 19",
            "세대수":30,
            "입주년차":0,
            "용적률점수":"--",
            "건폐율점수":"--",
            "세대당주차수":0,
            "난방방식":30,
            "공급면적":"--",
            "전용률":"--",
            "욕실수":50,
            "현관타입":100,
            "주거총점":28.5,
            "지역구공급총점":0.0,
            "역세권":"NA",
            "30분내 이동가능 거점":"NA",
            "1시간내 이동가능 거점":"NA",
            "교통총점":"NA",
            "백화점":0,
            "아울렛몰":0,
            "대형마트":80,
            "은행":0,
            "병원":0,
            "종합병원":80,
            "공원":100,
            "혐오시설":0,
            "인프라총점":31.0,
            "초등학군":89.99,
            "중학군":38.12,
            "학군총점":48.494,
            "인구수":7.26,
            "인구증감":-2.21,
            "인구총점":4.419,
            "일자리":6.05,
            "소득수준":66.45,
            "일자리총점":24.17,
            "가치 총점":34.4985,
            "매매실거래년":20211208.0,
            "매매실거래가":8750.0,
            "전세실거래년":20201002.0,
            "전세실거래가":6000.0,
            "전세가율":68.57,
            "장기전세가율평균":"NA",
            "전세가율거품지수":"NA",
            "검색코드":7252,
            "세대수":379.0,
            "준공년월":"1993-06-30",
            "준공년차":30.0,
            "가까운역이름":"NA",
            "가까운역거리":"NA",
            "역세권여부":"NA",
            "30분이내주요거점역":"NA",
            "30분거점역이름":"NA",
            "1시간이내주요거점역":"NA",
            "1시간거점역이름":"NA",
            "3km이내백화점수":0,
            "5km이내아울렛몰수":0,
            "1km이내대형먀트수":1,
            "500m이내은행수":0,
            "500m이내병원수":0,
            "5km이내대형병원수":1,
            "500m이내공원수":3,
            "3km이내혐오시설수":0,
            "초등학교학업성취도":89.99,
            "중학교학업성취도":63.0,
            "용적률":228,
            "건폐율":20,
            "Y":36.684979,
            "X":126.844237,
            "rank":16.0,
            "area_info":"22평(75.69), 31평(103.1)",
            "last_sales":"2021-12-08,8750.0,22평(75.69)",
            "rank_history":[
                [
                    "202202",
                    16
                ],
                [
                    "202201",
                    16
                ]
            ],
            "rank_gap":0
        },
        {
            "index":46,
            "아파트명":"애플타운나임",
            "투자타입":"일반",
            "전용면적(m2)":"73.11",
            "전용면적(평)":"22평",
            "법정동주소":"충청남도 예산군 예산읍 예산리 17",
            "도로명주소":"충청남도 예산군 아리랑로144번길 8",
            "세대수":0,
            "입주년차":20,
            "용적률점수":"--",
            "건폐율점수":"--",
            "세대당주차수":0,
            "난방방식":30,
            "공급면적":"--",
            "전용률":"--",
            "욕실수":50,
            "현관타입":100,
            "주거총점":22.0,
            "지역구공급총점":0.0,
            "역세권":"NA",
            "30분내 이동가능 거점":"NA",
            "1시간내 이동가능 거점":"NA",
            "교통총점":"NA",
            "백화점":0,
            "아울렛몰":0,
            "대형마트":80,
            "은행":0,
            "병원":0,
            "종합병원":80,
            "공원":100,
            "혐오시설":0,
            "인프라총점":31.0,
            "초등학군":89.99,
            "중학군":38.12,
            "학군총점":48.494,
            "인구수":7.26,
            "인구증감":-2.21,
            "인구총점":4.419,
            "일자리":6.05,
            "소득수준":66.45,
            "일자리총점":24.17,
            "가치 총점":32.2235,
            "매매실거래년":20211005.0,
            "매매실거래가":7400.0,
            "전세실거래년":20210906.0,
            "전세실거래가":5000.0,
            "전세가율":67.57,
            "장기전세가율평균":"NA",
            "전세가율거품지수":"NA",
            "검색코드":104084,
            "세대수":108.0,
            "준공년월":"2001-06-19",
            "준공년차":22.0,
            "가까운역이름":"NA",
            "가까운역거리":"NA",
            "역세권여부":"NA",
            "30분이내주요거점역":"NA",
            "30분거점역이름":"NA",
            "1시간이내주요거점역":"NA",
            "1시간거점역이름":"NA",
            "3km이내백화점수":0,
            "5km이내아울렛몰수":0,
            "1km이내대형먀트수":1,
            "500m이내은행수":0,
            "500m이내병원수":0,
            "5km이내대형병원수":1,
            "500m이내공원수":4,
            "3km이내혐오시설수":0,
            "초등학교학업성취도":89.99,
            "중학교학업성취도":63.0,
            "용적률":205,
            "건폐율":18,
            "Y":36.685817,
            "X":126.844269,
            "rank":17.0,
            "area_info":"22평(73.11)",
            "last_sales":"2021-10-05,7400.0,22평(73.11)",
            "rank_history":[
                [
                    "202202",
                    17
                ],
                [
                    "202201",
                    17
                ]
            ],
            "rank_gap":0
        },
        {
            "index":43,
            "아파트명":"아름채",
            "투자타입":"일반",
            "전용면적(m2)":"48.96",
            "전용면적(평)":"14평",
            "법정동주소":"충청남도 예산군 예산읍 신례원리 589",
            "도로명주소":"충청남도 예산군 창신로 51-7",
            "세대수":0,
            "입주년차":40,
            "용적률점수":"--",
            "건폐율점수":"--",
            "세대당주차수":30,
            "난방방식":30,
            "공급면적":"--",
            "전용률":"--",
            "욕실수":50,
            "현관타입":100,
            "주거총점":30.5,
            "지역구공급총점":0.0,
            "역세권":"NA",
            "30분내 이동가능 거점":"NA",
            "1시간내 이동가능 거점":"NA",
            "교통총점":"NA",
            "백화점":0,
            "아울렛몰":0,
            "대형마트":0,
            "은행":0,
            "병원":0,
            "종합병원":80,
            "공원":100,
            "혐오시설":0,
            "인프라총점":19.0,
            "초등학군":89.92,
            "중학군":46.34,
            "학군총점":55.056,
            "인구수":7.26,
            "인구증감":-2.21,
            "인구총점":4.419,
            "일자리":6.05,
            "소득수준":66.45,
            "일자리총점":24.17,
            "가치 총점":32.039,
            "매매실거래년":20220128.0,
            "매매실거래가":4400.0,
            "전세실거래년":20210714.0,
            "전세실거래가":2000.0,
            "전세가율":45.45,
            "장기전세가율평균":"NA",
            "전세가율거품지수":"NA",
            "검색코드":104958,
            "세대수":191.0,
            "준공년월":"2005-04-07",
            "준공년차":18.0,
            "가까운역이름":"NA",
            "가까운역거리":"NA",
            "역세권여부":"NA",
            "30분이내주요거점역":"NA",
            "30분거점역이름":"NA",
            "1시간이내주요거점역":"NA",
            "1시간거점역이름":"NA",
            "3km이내백화점수":0,
            "5km이내아울렛몰수":0,
            "1km이내대형먀트수":0,
            "500m이내은행수":0,
            "500m이내병원수":0,
            "5km이내대형병원수":1,
            "500m이내공원수":2,
            "3km이내혐오시설수":0,
            "초등학교학업성취도":89.92,
            "중학교학업성취도":76.7,
            "용적률":243,
            "건폐율":20,
            "Y":36.723588,
            "X":126.838207,
            "rank":18.0,
            "area_info":"14평(48.96), 20평(68.56), 22평(73.15)",
            "last_sales":"2022-01-28,4400.0,14평(48.96)",
            "rank_history":[
                [
                    "202202",
                    18
                ],
                [
                    "202201",
                    18
                ]
            ],
            "rank_gap":0
        },
        {
            "index":0,
            "아파트명":"덕산써니밸리",
            "투자타입":"일반",
            "전용면적(m2)":"114.38",
            "전용면적(평)":"34평",
            "법정동주소":"충청남도 예산군 덕산면 읍내리 200-1",
            "도로명주소":"충청남도 예산군 덕산온천로 413-26",
            "세대수":0,
            "입주년차":40,
            "용적률점수":"--",
            "건폐율점수":"--",
            "세대당주차수":30,
            "난방방식":30,
            "공급면적":"--",
            "전용률":"--",
            "욕실수":100,
            "현관타입":100,
            "주거총점":35.5,
            "지역구공급총점":0.0,
            "역세권":"NA",
            "30분내 이동가능 거점":"NA",
            "1시간내 이동가능 거점":"NA",
            "교통총점":"NA",
            "백화점":0,
            "아울렛몰":0,
            "대형마트":80,
            "은행":0,
            "병원":30,
            "종합병원":0,
            "공원":80,
            "혐오시설":0,
            "인프라총점":17.4,
            "초등학군":90.01,
            "중학군":37.44,
            "학군총점":47.954,
            "인구수":7.26,
            "인구증감":-2.21,
            "인구총점":4.419,
            "일자리":6.05,
            "소득수준":66.45,
            "일자리총점":24.17,
            "가치 총점":31.3735,
            "매매실거래년":20211220.0,
            "매매실거래가":21500.0,
            "전세실거래년":20211228.0,
            "전세실거래가":12000.0,
            "전세가율":68.57,
            "장기전세가율평균":"NA",
            "전세가율거품지수":"NA",
            "검색코드":102012,
            "세대수":265.0,
            "준공년월":"2008-06-26",
            "준공년차":15.0,
            "가까운역이름":"NA",
            "가까운역거리":"NA",
            "역세권여부":"NA",
            "30분이내주요거점역":"NA",
            "30분거점역이름":"NA",
            "1시간이내주요거점역":"NA",
            "1시간거점역이름":"NA",
            "3km이내백화점수":0,
            "5km이내아울렛몰수":0,
            "1km이내대형먀트수":1,
            "500m이내은행수":0,
            "500m이내병원수":6,
            "5km이내대형병원수":0,
            "500m이내공원수":1,
            "3km이내혐오시설수":0,
            "초등학교학업성취도":90.01,
            "중학교학업성취도":62.4,
            "용적률":218,
            "건폐율":24,
            "Y":36.704557,
            "X":126.665495,
            "rank":19.0,
            "area_info":"34평(114.38), 41평(138.56), 48평(160.51)",
            "last_sales":"2021-12-20,21500.0,48평(160.51)",
            "rank_history":[
                [
                    "202202",
                    19
                ],
                [
                    "202201",
                    20
                ]
            ],
            "rank_gap":1
        },
        {
            "index":24,
            "아파트명":"서오2차",
            "투자타입":"재건축",
            "전용면적(m2)":"85.78",
            "전용면적(평)":"25평",
            "법정동주소":"충청남도 예산군 예산읍 산성리 711",
            "도로명주소":"충청남도 예산군 역전로 150-13",
            "세대수":0,
            "입주년차":"--",
            "용적률점수":0,
            "건폐율점수":0,
            "세대당주차수":"--",
            "난방방식":"--",
            "공급면적":70,
            "전용률":80,
            "욕실수":"--",
            "현관타입":"--",
            "주거총점":7.5,
            "지역구공급총점":0.0,
            "역세권":"NA",
            "30분내 이동가능 거점":"NA",
            "1시간내 이동가능 거점":"NA",
            "교통총점":"NA",
            "백화점":0,
            "아울렛몰":0,
            "대형마트":80,
            "은행":0,
            "병원":60,
            "종합병원":80,
            "공원":100,
            "혐오시설":0,
            "인프라총점":37.0,
            "초등학군":90.01,
            "중학군":46.34,
            "학군총점":55.074,
            "인구수":7.26,
            "인구증감":-2.21,
            "인구총점":4.419,
            "일자리":6.05,
            "소득수준":66.45,
            "일자리총점":24.17,
            "가치 총점":31.1935,
            "매매실거래년":20220115.0,
            "매매실거래가":9500.0,
            "전세실거래년":20200716.0,
            "전세실거래가":7500.0,
            "전세가율":87.21,
            "장기전세가율평균":"NA",
            "전세가율거품지수":"NA",
            "검색코드":7245,
            "세대수":210.0,
            "준공년월":"1992-10-29",
            "준공년차":31.0,
            "가까운역이름":"NA",
            "가까운역거리":"NA",
            "역세권여부":"NA",
            "30분이내주요거점역":"NA",
            "30분거점역이름":"NA",
            "1시간이내주요거점역":"NA",
            "1시간거점역이름":"NA",
            "3km이내백화점수":0,
            "5km이내아울렛몰수":0,
            "1km이내대형먀트수":1,
            "500m이내은행수":0,
            "500m이내병원수":13,
            "5km이내대형병원수":1,
            "500m이내공원수":4,
            "3km이내혐오시설수":0,
            "초등학교학업성취도":90.01,
            "중학교학업성취도":76.7,
            "용적률":0,
            "건폐율":0,
            "Y":36.6921,
            "X":126.83208,
            "rank":20.0,
            "area_info":"25평(85.78), 30평(100.35), 38평(127.31)",
            "last_sales":"2022-01-15,9500.0,30평(100.35)",
            "rank_history":[
                [
                    "202202",
                    20
                ],
                [
                    "202201",
                    19
                ]
            ],
            "rank_gap":-1
        },
        {
            "index":8,
            "아파트명":"은행마을",
            "투자타입":"일반",
            "전용면적(m2)":"73.6",
            "전용면적(평)":"22평",
            "법정동주소":"충청남도 예산군 봉산면 대지리 279-4",
            "도로명주소":"충청남도 예산군 황금뜰로 156",
            "세대수":0,
            "입주년차":20,
            "용적률점수":"--",
            "건폐율점수":"--",
            "세대당주차수":30,
            "난방방식":30,
            "공급면적":"--",
            "전용률":"--",
            "욕실수":50,
            "현관타입":100,
            "주거총점":26.5,
            "지역구공급총점":0.0,
            "역세권":"NA",
            "30분내 이동가능 거점":"NA",
            "1시간내 이동가능 거점":"NA",
            "교통총점":"NA",
            "백화점":0,
            "아울렛몰":0,
            "대형마트":80,
            "은행":0,
            "병원":0,
            "종합병원":0,
            "공원":0,
            "혐오시설":0,
            "인프라총점":12.0,
            "초등학군":90.0,
            "중학군":44.28,
            "학군총점":53.424,
            "인구수":7.26,
            "인구증감":-2.21,
            "인구총점":4.419,
            "일자리":6.05,
            "소득수준":66.45,
            "일자리총점":24.17,
            "가치 총점":27.431,
            "매매실거래년":20211110.0,
            "매매실거래가":6400.0,
            "전세실거래년":20200711.0,
            "전세실거래가":3000.0,
            "전세가율":46.88,
            "장기전세가율평균":"NA",
            "전세가율거품지수":"NA",
            "검색코드":17195,
            "세대수":204.0,
            "준공년월":"2003-04-30",
            "준공년차":20.0,
            "가까운역이름":"NA",
            "가까운역거리":"NA",
            "역세권여부":"NA",
            "30분이내주요거점역":"NA",
            "30분거점역이름":"NA",
            "1시간이내주요거점역":"NA",
            "1시간거점역이름":"NA",
            "3km이내백화점수":0,
            "5km이내아울렛몰수":0,
            "1km이내대형먀트수":1,
            "500m이내은행수":0,
            "500m이내병원수":0,
            "5km이내대형병원수":0,
            "500m이내공원수":0,
            "3km이내혐오시설수":0,
            "초등학교학업성취도":90.0,
            "중학교학업성취도":73.8,
            "용적률":98,
            "건폐율":20,
            "Y":36.746385,
            "X":126.696986,
            "rank":21.0,
            "area_info":"22평(73.6)",
            "last_sales":"2021-11-10,6400.0,22평(73.6)",
            "rank_history":[
                [
                    "202202",
                    21
                ],
                [
                    "202201",
                    23
                ]
            ],
            "rank_gap":2
        },
        {
            "index":20,
            "아파트명":"다솜HILL",
            "투자타입":"일반",
            "전용면적(m2)":"42.4",
            "전용면적(평)":"12평",
            "법정동주소":"충청남도 예산군 예산읍 향천리 235-4",
            "도로명주소":"충청남도 예산군 충령사로 3-14",
            "세대수":0,
            "입주년차":60,
            "용적률점수":"--",
            "건폐율점수":"--",
            "세대당주차수":0,
            "난방방식":30,
            "공급면적":"--",
            "전용률":"--",
            "욕실수":50,
            "현관타입":50,
            "주거총점":25.0,
            "지역구공급총점":0.0,
            "역세권":"NA",
            "30분내 이동가능 거점":"NA",
            "1시간내 이동가능 거점":"NA",
            "교통총점":"NA",
            "백화점":0,
            "아울렛몰":0,
            "대형마트":0,
            "은행":0,
            "병원":0,
            "종합병원":80,
            "공원":0,
            "혐오시설":0,
            "인프라총점":16.0,
            "초등학군":89.99,
            "중학군":38.12,
            "학군총점":48.494,
            "인구수":7.26,
            "인구증감":-2.21,
            "인구총점":4.419,
            "일자리":6.05,
            "소득수준":66.45,
            "일자리총점":24.17,
            "가치 총점":27.2735,
            "매매실거래년":"18000101",
            "매매실거래가":null,
            "전세실거래년":null,
            "전세실거래가":null,
            "전세가율":null,
            "장기전세가율평균":"NA",
            "전세가율거품지수":"NA",
            "검색코드":104509,
            "세대수":140.0,
            "준공년월":"2010-05-04",
            "준공년차":13.0,
            "가까운역이름":"NA",
            "가까운역거리":"NA",
            "역세권여부":"NA",
            "30분이내주요거점역":"NA",
            "30분거점역이름":"NA",
            "1시간이내주요거점역":"NA",
            "1시간거점역이름":"NA",
            "3km이내백화점수":0,
            "5km이내아울렛몰수":0,
            "1km이내대형먀트수":0,
            "500m이내은행수":0,
            "500m이내병원수":0,
            "5km이내대형병원수":1,
            "500m이내공원수":0,
            "3km이내혐오시설수":0,
            "초등학교학업성취도":89.99,
            "중학교학업성취도":63.0,
            "용적률":69,
            "건폐율":19,
            "Y":36.678963,
            "X":126.864275,
            "rank":22.0,
            "area_info":"12평(42.4), 17평(57.85)",
            "last_sales":"1800-01-01,nan,12평(42.4)",
            "rank_history":[
                [
                    "202202",
                    22
                ],
                [
                    "202201",
                    21
                ]
            ],
            "rank_gap":-1
        },
        {
            "index":77,
            "아파트명":"평화2차",
            "투자타입":"일반",
            "전용면적(m2)":"77.68",
            "전용면적(평)":"23평",
            "법정동주소":"충청남도 예산군 예산읍 예산리 725",
            "도로명주소":"충청남도 예산군 예산로 118-10",
            "세대수":0,
            "입주년차":20,
            "용적률점수":"--",
            "건폐율점수":"--",
            "세대당주차수":0,
            "난방방식":30,
            "공급면적":"--",
            "전용률":"--",
            "욕실수":50,
            "현관타입":100,
            "주거총점":22.0,
            "지역구공급총점":0.0,
            "역세권":"NA",
            "30분내 이동가능 거점":"NA",
            "1시간내 이동가능 거점":"NA",
            "교통총점":"NA",
            "백화점":0,
            "아울렛몰":0,
            "대형마트":0,
            "은행":0,
            "병원":10,
            "종합병원":80,
            "공원":0,
            "혐오시설":0,
            "인프라총점":17.0,
            "초등학군":90.01,
            "중학군":38.12,
            "학군총점":48.498,
            "인구수":7.26,
            "인구증감":-2.21,
            "인구총점":4.419,
            "일자리":6.05,
            "소득수준":66.45,
            "일자리총점":24.17,
            "가치 총점":26.6245,
            "매매실거래년":20211025.0,
            "매매실거래가":8100.0,
            "전세실거래년":20210719.0,
            "전세실거래가":6000.0,
            "전세가율":82.19,
            "장기전세가율평균":"NA",
            "전세가율거품지수":"NA",
            "검색코드":23994,
            "세대수":200.0,
            "준공년월":"2002-09-19",
            "준공년차":21.0,
            "가까운역이름":"NA",
            "가까운역거리":"NA",
            "역세권여부":"NA",
            "30분이내주요거점역":"NA",
            "30분거점역이름":"NA",
            "1시간이내주요거점역":"NA",
            "1시간거점역이름":"NA",
            "3km이내백화점수":0,
            "5km이내아울렛몰수":0,
            "1km이내대형먀트수":0,
            "500m이내은행수":0,
            "500m이내병원수":2,
            "5km이내대형병원수":1,
            "500m이내공원수":0,
            "3km이내혐오시설수":0,
            "초등학교학업성취도":90.01,
            "중학교학업성취도":63.0,
            "용적률":0,
            "건폐율":0,
            "Y":36.678261,
            "X":126.837289,
            "rank":23.0,
            "area_info":"23평(77.68), 23평(78.02), 31평(105.41)",
            "last_sales":"2021-10-25,8100.0,23평(78.02)",
            "rank_history":[
                [
                    "202202",
                    23
                ],
                [
                    "202201",
                    22
                ]
            ],
            "rank_gap":-1
        },
        {
            "index":14,
            "아파트명":"신암삼신",
            "투자타입":"일반",
            "전용면적(m2)":"60.54",
            "전용면적(평)":"18평",
            "법정동주소":"충청남도 예산군 신암면 두곡리 253-17",
            "도로명주소":"충청남도 예산군 추사고택로 36-8",
            "세대수":0,
            "입주년차":0,
            "용적률점수":"--",
            "건폐율점수":"--",
            "세대당주차수":0,
            "난방방식":30,
            "공급면적":"--",
            "전용률":"--",
            "욕실수":50,
            "현관타입":100,
            "주거총점":18.0,
            "지역구공급총점":0.0,
            "역세권":"NA",
            "30분내 이동가능 거점":"NA",
            "1시간내 이동가능 거점":"NA",
            "교통총점":"NA",
            "백화점":0,
            "아울렛몰":0,
            "대형마트":80,
            "은행":0,
            "병원":0,
            "종합병원":0,
            "공원":0,
            "혐오시설":0,
            "인프라총점":12.0,
            "초등학군":90.02,
            "중학군":46.26,
            "학군총점":55.012,
            "인구수":7.26,
            "인구증감":-2.21,
            "인구총점":4.419,
            "일자리":6.05,
            "소득수준":66.45,
            "일자리총점":24.17,
            "가치 총점":24.853,
            "매매실거래년":20220114.0,
            "매매실거래가":3000.0,
            "전세실거래년":20211228.0,
            "전세실거래가":1500.0,
            "전세가율":50.0,
            "장기전세가율평균":"NA",
            "전세가율거품지수":"NA",
            "검색코드":125711,
            "세대수":299.0,
            "준공년월":"1998-01-22",
            "준공년차":25.0,
            "가까운역이름":"NA",
            "가까운역거리":"NA",
            "역세권여부":"NA",
            "30분이내주요거점역":"NA",
            "30분거점역이름":"NA",
            "1시간이내주요거점역":"NA",
            "1시간거점역이름":"NA",
            "3km이내백화점수":0,
            "5km이내아울렛몰수":0,
            "1km이내대형먀트수":1,
            "500m이내은행수":0,
            "500m이내병원수":0,
            "5km이내대형병원수":0,
            "500m이내공원수":0,
            "3km이내혐오시설수":0,
            "초등학교학업성취도":90.02,
            "중학교학업성취도":77.1,
            "용적률":143,
            "건폐율":26,
            "Y":36.744356,
            "X":126.820849,
            "rank":24.0,
            "area_info":"18평(60.54)",
            "last_sales":"2022-01-14,3000.0,18평(60.54)",
            "rank_history":[
                [
                    "202202",
                    24
                ],
                [
                    "202201",
                    27
                ]
            ],
            "rank_gap":3
        },
        {
            "index":82,
            "아파트명":"장백",
            "투자타입":"일반",
            "전용면적(m2)":"54.53",
            "전용면적(평)":"16평",
            "법정동주소":"충청남도 예산군 응봉면 송석리 288",
            "도로명주소":"충청남도 예산군 예당로 1605",
            "세대수":0,
            "입주년차":0,
            "용적률점수":"--",
            "건폐율점수":"--",
            "세대당주차수":0,
            "난방방식":30,
            "공급면적":"--",
            "전용률":"--",
            "욕실수":50,
            "현관타입":100,
            "주거총점":18.0,
            "지역구공급총점":0.0,
            "역세권":"NA",
            "30분내 이동가능 거점":"NA",
            "1시간내 이동가능 거점":"NA",
            "교통총점":"NA",
            "백화점":0,
            "아울렛몰":0,
            "대형마트":80,
            "은행":0,
            "병원":0,
            "종합병원":0,
            "공원":0,
            "혐오시설":0,
            "인프라총점":12.0,
            "초등학군":89.98,
            "중학군":42.18,
            "학군총점":51.74,
            "인구수":7.26,
            "인구증감":-2.21,
            "인구총점":4.419,
            "일자리":6.05,
            "소득수준":66.45,
            "일자리총점":24.17,
            "가치 총점":24.035,
            "매매실거래년":20211230.0,
            "매매실거래가":6700.0,
            "전세실거래년":20211126.0,
            "전세실거래가":3500.0,
            "전세가율":66.04,
            "장기전세가율평균":"NA",
            "전세가율거품지수":"NA",
            "검색코드":108267,
            "세대수":179.0,
            "준공년월":"1998-11-25",
            "준공년차":25.0,
            "가까운역이름":"NA",
            "가까운역거리":"NA",
            "역세권여부":"NA",
            "30분이내주요거점역":"NA",
            "30분거점역이름":"NA",
            "1시간이내주요거점역":"NA",
            "1시간거점역이름":"NA",
            "3km이내백화점수":0,
            "5km이내아울렛몰수":0,
            "1km이내대형먀트수":1,
            "500m이내은행수":0,
            "500m이내병원수":0,
            "5km이내대형병원수":0,
            "500m이내공원수":0,
            "3km이내혐오시설수":0,
            "초등학교학업성취도":89.98,
            "중학교학업성취도":70.3,
            "용적률":0,
            "건폐율":0,
            "Y":36.660997,
            "X":126.762429,
            "rank":25.0,
            "area_info":"16평(54.53), 20평(68.74)",
            "last_sales":"2021-12-30,6700.0,20평(68.74)",
            "rank_history":[
                [
                    "202202",
                    25
                ],
                [
                    "202201",
                    28
                ]
            ],
            "rank_gap":3
        },
        {
            "index":9,
            "아파트명":"남선",
            "투자타입":"일반",
            "전용면적(m2)":"79.4",
            "전용면적(평)":"24평",
            "법정동주소":"충청남도 예산군 삽교읍 두리 550-4",
            "도로명주소":"충청남도 예산군 두리학교길 28",
            "세대수":0,
            "입주년차":0,
            "용적률점수":"--",
            "건폐율점수":"--",
            "세대당주차수":0,
            "난방방식":30,
            "공급면적":"--",
            "전용률":"--",
            "욕실수":50,
            "현관타입":10,
            "주거총점":9.0,
            "지역구공급총점":0.0,
            "역세권":"NA",
            "30분내 이동가능 거점":"NA",
            "1시간내 이동가능 거점":"NA",
            "교통총점":"NA",
            "백화점":0,
            "아울렛몰":0,
            "대형마트":80,
            "은행":0,
            "병원":0,
            "종합병원":0,
            "공원":100,
            "혐오시설":0,
            "인프라총점":15.0,
            "초등학군":90.02,
            "중학군":42.18,
            "학군총점":51.748,
            "인구수":7.26,
            "인구증감":-2.21,
            "인구총점":4.419,
            "일자리":6.05,
            "소득수준":66.45,
            "일자리총점":24.17,
            "가치 총점":22.087,
            "매매실거래년":20211108.0,
            "매매실거래가":5300.0,
            "전세실거래년":20210920.0,
            "전세실거래가":3000.0,
            "전세가율":56.6,
            "장기전세가율평균":"NA",
            "전세가율거품지수":"NA",
            "검색코드":15263,
            "세대수":100.0,
            "준공년월":"1994-06-04",
            "준공년차":29.0,
            "가까운역이름":"NA",
            "가까운역거리":"NA",
            "역세권여부":"NA",
            "30분이내주요거점역":"NA",
            "30분거점역이름":"NA",
            "1시간이내주요거점역":"NA",
            "1시간거점역이름":"NA",
            "3km이내백화점수":0,
            "5km이내아울렛몰수":0,
            "1km이내대형먀트수":1,
            "500m이내은행수":0,
            "500m이내병원수":1,
            "5km이내대형병원수":0,
            "500m이내공원수":2,
            "3km이내혐오시설수":0,
            "초등학교학업성취도":90.02,
            "중학교학업성취도":70.3,
            "용적률":385,
            "건폐율":37,
            "Y":36.68692,
            "X":126.74486,
            "rank":26.0,
            "area_info":"24평(79.4), 34평(113.5)",
            "last_sales":"2021-11-08,5300.0,24평(79.4)",
            "rank_history":[
                [
                    "202202",
                    26
                ],
                [
                    "202201",
                    24
                ]
            ],
            "rank_gap":-2
        },
        {
            "index":5,
            "아파트명":"태산",
            "투자타입":"일반",
            "전용면적(m2)":"53.88",
            "전용면적(평)":"16평",
            "법정동주소":"충청남도 예산군 덕산면 옥계리 28-1",
            "도로명주소":"충청남도 예산군 가야산로 43",
            "세대수":0,
            "입주년차":0,
            "용적률점수":"--",
            "건폐율점수":"--",
            "세대당주차수":0,
            "난방방식":30,
            "공급면적":"--",
            "전용률":"--",
            "욕실수":50,
            "현관타입":50,
            "주거총점":13.0,
            "지역구공급총점":0.0,
            "역세권":"NA",
            "30분내 이동가능 거점":"NA",
            "1시간내 이동가능 거점":"NA",
            "교통총점":"NA",
            "백화점":0,
            "아울렛몰":0,
            "대형마트":80,
            "은행":0,
            "병원":0,
            "종합병원":0,
            "공원":0,
            "혐오시설":0,
            "인프라총점":12.0,
            "초등학군":90.01,
            "중학군":37.44,
            "학군총점":47.954,
            "인구수":7.26,
            "인구증감":-2.21,
            "인구총점":4.419,
            "일자리":6.05,
            "소득수준":66.45,
            "일자리총점":24.17,
            "가치 총점":21.3385,
            "매매실거래년":20211102.0,
            "매매실거래가":4950.0,
            "전세실거래년":20190607.0,
            "전세실거래가":3000.0,
            "전세가율":60.61,
            "장기전세가율평균":"NA",
            "전세가율거품지수":"NA",
            "검색코드":107186,
            "세대수":116.0,
            "준공년월":"1998-04-10",
            "준공년차":25.0,
            "가까운역이름":"NA",
            "가까운역거리":"NA",
            "역세권여부":"NA",
            "30분이내주요거점역":"NA",
            "30분거점역이름":"NA",
            "1시간이내주요거점역":"NA",
            "1시간거점역이름":"NA",
            "3km이내백화점수":0,
            "5km이내아울렛몰수":0,
            "1km이내대형먀트수":1,
            "500m이내은행수":0,
            "500m이내병원수":0,
            "5km이내대형병원수":0,
            "500m이내공원수":0,
            "3km이내혐오시설수":0,
            "초등학교학업성취도":90.01,
            "중학교학업성취도":62.4,
            "용적률":149,
            "건폐율":22,
            "Y":36.705613,
            "X":126.661705,
            "rank":27.0,
            "area_info":"16평(53.88), 18평(61.53), 22평(73.99)",
            "last_sales":"2021-11-02,4950.0,16평(53.88)",
            "rank_history":[
                [
                    "202202",
                    27
                ],
                [
                    "202201",
                    25
                ]
            ],
            "rank_gap":-2
        },
        {
            "index":3,
            "아파트명":"아람파크빌",
            "투자타입":"일반",
            "전용면적(m2)":"57.25",
            "전용면적(평)":"17평",
            "법정동주소":"충청남도 예산군 덕산면 시량리 468-1",
            "도로명주소":"충청남도 예산군 덕산온천로 21-11",
            "세대수":0,
            "입주년차":20,
            "용적률점수":"--",
            "건폐율점수":"--",
            "세대당주차수":30,
            "난방방식":30,
            "공급면적":"--",
            "전용률":"--",
            "욕실수":50,
            "현관타입":100,
            "주거총점":26.5,
            "지역구공급총점":0.0,
            "역세권":"NA",
            "30분내 이동가능 거점":"NA",
            "1시간내 이동가능 거점":"NA",
            "교통총점":"NA",
            "백화점":0,
            "아울렛몰":0,
            "대형마트":0,
            "은행":0,
            "병원":0,
            "종합병원":0,
            "공원":0,
            "혐오시설":0,
            "인프라총점":0.0,
            "초등학군":90.0,
            "중학군":37.44,
            "학군총점":47.952,
            "인구수":7.26,
            "인구증감":-2.21,
            "인구총점":4.419,
            "일자리":6.05,
            "소득수준":66.45,
            "일자리총점":24.17,
            "가치 총점":21.263,
            "매매실거래년":20220126.0,
            "매매실거래가":5300.0,
            "전세실거래년":20211015.0,
            "전세실거래가":3000.0,
            "전세가율":56.6,
            "장기전세가율평균":"NA",
            "전세가율거품지수":"NA",
            "검색코드":23661,
            "세대수":250.0,
            "준공년월":"2000-12-28",
            "준공년차":23.0,
            "가까운역이름":"NA",
            "가까운역거리":"NA",
            "역세권여부":"NA",
            "30분이내주요거점역":"NA",
            "30분거점역이름":"NA",
            "1시간이내주요거점역":"NA",
            "1시간거점역이름":"NA",
            "3km이내백화점수":0,
            "5km이내아울렛몰수":0,
            "1km이내대형먀트수":0,
            "500m이내은행수":0,
            "500m이내병원수":0,
            "5km이내대형병원수":0,
            "500m이내공원수":0,
            "3km이내혐오시설수":0,
            "초등학교학업성취도":90.0,
            "중학교학업성취도":62.4,
            "용적률":149,
            "건폐율":19,
            "Y":36.686432,
            "X":126.633473,
            "rank":28.0,
            "area_info":"17평(57.25), 31평(105.76)",
            "last_sales":"2022-01-26,5300.0,17평(57.25)",
            "rank_history":[
                [
                    "202202",
                    28
                ],
                [
                    "202201",
                    26
                ]
            ],
            "rank_gap":-2
        },
        {
            "index":80,
            "아파트명":"오가우성",
            "투자타입":"일반",
            "전용면적(m2)":"58.45",
            "전용면적(평)":"17평",
            "법정동주소":"충청남도 예산군 오가면 신석리 16-15",
            "도로명주소":"충청남도 예산군 신석길 159",
            "세대수":0,
            "입주년차":0,
            "용적률점수":"--",
            "건폐율점수":"--",
            "세대당주차수":0,
            "난방방식":30,
            "공급면적":"--",
            "전용률":"--",
            "욕실수":50,
            "현관타입":50,
            "주거총점":13.0,
            "지역구공급총점":0.0,
            "역세권":"NA",
            "30분내 이동가능 거점":"NA",
            "1시간내 이동가능 거점":"NA",
            "교통총점":"NA",
            "백화점":0,
            "아울렛몰":0,
            "대형마트":0,
            "은행":0,
            "병원":0,
            "종합병원":0,
            "공원":0,
            "혐오시설":0,
            "인프라총점":0.0,
            "초등학군":89.98,
            "중학군":42.96,
            "학군총점":52.364,
            "인구수":7.26,
            "인구증감":-2.21,
            "인구총점":4.419,
            "일자리":6.05,
            "소득수준":66.45,
            "일자리총점":24.17,
            "가치 총점":17.641,
            "매매실거래년":20220117.0,
            "매매실거래가":3600.0,
            "전세실거래년":20211110.0,
            "전세실거래가":2000.0,
            "전세가율":55.56,
            "장기전세가율평균":"NA",
            "전세가율거품지수":"NA",
            "검색코드":105761,
            "세대수":299.0,
            "준공년월":"1997-03-13",
            "준공년차":26.0,
            "가까운역이름":"NA",
            "가까운역거리":"NA",
            "역세권여부":"NA",
            "30분이내주요거점역":"NA",
            "30분거점역이름":"NA",
            "1시간이내주요거점역":"NA",
            "1시간거점역이름":"NA",
            "3km이내백화점수":0,
            "5km이내아울렛몰수":0,
            "1km이내대형먀트수":0,
            "500m이내은행수":0,
            "500m이내병원수":0,
            "5km이내대형병원수":0,
            "500m이내공원수":0,
            "3km이내혐오시설수":0,
            "초등학교학업성취도":89.98,
            "중학교학업성취도":71.6,
            "용적률":269,
            "건폐율":27,
            "Y":36.685341,
            "X":126.776763,
            "rank":29.0,
            "area_info":"17평(58.45), 19평(64.23)",
            "last_sales":"2022-01-17,3600.0,17평(58.45)",
            "rank_history":[
                [
                    "202202",
                    29
                ],
                [
                    "202201",
                    29
                ]
            ],
            "rank_gap":0
        }
    ]
}