{
    "schema":{
        "fields":[
            {
                "name":"index",
                "type":"integer"
            },
            {
                "name":"아파트명",
                "type":"string"
            },
            {
                "name":"투자타입",
                "type":"string"
            },
            {
                "name":"전용면적(m2)",
                "type":"string"
            },
            {
                "name":"전용면적(평)",
                "type":"string"
            },
            {
                "name":"법정동주소",
                "type":"string"
            },
            {
                "name":"도로명주소",
                "type":"string"
            },
            {
                "name":"세대수",
                "type":"integer"
            },
            {
                "name":"입주년차",
                "type":"string"
            },
            {
                "name":"용적률점수",
                "type":"string"
            },
            {
                "name":"건폐율점수",
                "type":"string"
            },
            {
                "name":"세대당주차수",
                "type":"string"
            },
            {
                "name":"난방방식",
                "type":"string"
            },
            {
                "name":"공급면적",
                "type":"string"
            },
            {
                "name":"전용률",
                "type":"string"
            },
            {
                "name":"욕실수",
                "type":"string"
            },
            {
                "name":"현관타입",
                "type":"string"
            },
            {
                "name":"주거총점",
                "type":"number"
            },
            {
                "name":"지역구공급총점",
                "type":"number"
            },
            {
                "name":"역세권",
                "type":"string"
            },
            {
                "name":"30분내 이동가능 거점",
                "type":"string"
            },
            {
                "name":"1시간내 이동가능 거점",
                "type":"string"
            },
            {
                "name":"교통총점",
                "type":"string"
            },
            {
                "name":"백화점",
                "type":"integer"
            },
            {
                "name":"아울렛몰",
                "type":"integer"
            },
            {
                "name":"대형마트",
                "type":"integer"
            },
            {
                "name":"은행",
                "type":"integer"
            },
            {
                "name":"병원",
                "type":"integer"
            },
            {
                "name":"종합병원",
                "type":"integer"
            },
            {
                "name":"공원",
                "type":"integer"
            },
            {
                "name":"혐오시설",
                "type":"integer"
            },
            {
                "name":"인프라총점",
                "type":"number"
            },
            {
                "name":"초등학군",
                "type":"number"
            },
            {
                "name":"중학군",
                "type":"number"
            },
            {
                "name":"학군총점",
                "type":"number"
            },
            {
                "name":"인구수",
                "type":"number"
            },
            {
                "name":"인구증감",
                "type":"number"
            },
            {
                "name":"인구총점",
                "type":"number"
            },
            {
                "name":"일자리",
                "type":"number"
            },
            {
                "name":"소득수준",
                "type":"number"
            },
            {
                "name":"일자리총점",
                "type":"number"
            },
            {
                "name":"가치 총점",
                "type":"number"
            },
            {
                "name":"매매실거래년",
                "type":"string"
            },
            {
                "name":"매매실거래가",
                "type":"number"
            },
            {
                "name":"전세실거래년",
                "type":"number"
            },
            {
                "name":"전세실거래가",
                "type":"number"
            },
            {
                "name":"전세가율",
                "type":"number"
            },
            {
                "name":"장기전세가율평균",
                "type":"number"
            },
            {
                "name":"전세가율거품지수",
                "type":"number"
            },
            {
                "name":"검색코드",
                "type":"integer"
            },
            {
                "name":"세대수",
                "type":"number"
            },
            {
                "name":"준공년월",
                "type":"string"
            },
            {
                "name":"준공년차",
                "type":"number"
            },
            {
                "name":"가까운역이름",
                "type":"string"
            },
            {
                "name":"가까운역거리",
                "type":"string"
            },
            {
                "name":"역세권여부",
                "type":"string"
            },
            {
                "name":"30분이내주요거점역",
                "type":"string"
            },
            {
                "name":"30분거점역이름",
                "type":"string"
            },
            {
                "name":"1시간이내주요거점역",
                "type":"string"
            },
            {
                "name":"1시간거점역이름",
                "type":"string"
            },
            {
                "name":"3km이내백화점수",
                "type":"integer"
            },
            {
                "name":"5km이내아울렛몰수",
                "type":"integer"
            },
            {
                "name":"1km이내대형먀트수",
                "type":"integer"
            },
            {
                "name":"500m이내은행수",
                "type":"integer"
            },
            {
                "name":"500m이내병원수",
                "type":"integer"
            },
            {
                "name":"5km이내대형병원수",
                "type":"integer"
            },
            {
                "name":"500m이내공원수",
                "type":"integer"
            },
            {
                "name":"3km이내혐오시설수",
                "type":"integer"
            },
            {
                "name":"초등학교학업성취도",
                "type":"number"
            },
            {
                "name":"중학교학업성취도",
                "type":"number"
            },
            {
                "name":"용적률",
                "type":"integer"
            },
            {
                "name":"건폐율",
                "type":"integer"
            },
            {
                "name":"Y",
                "type":"number"
            },
            {
                "name":"X",
                "type":"number"
            },
            {
                "name":"rank",
                "type":"number"
            },
            {
                "name":"area_info",
                "type":"string"
            },
            {
                "name":"last_sales",
                "type":"string"
            },
            {
                "name":"rank_history",
                "type":"string"
            },
            {
                "name":"rank_gap",
                "type":"integer"
            }
        ],
        "primaryKey":[
            "index"
        ],
        "pandas_version":"1.4.0"
    },
    "data":[
        {
            "index":360,
            "아파트명":"수송제일",
            "투자타입":"일반",
            "전용면적(m2)":"111.53",
            "전용면적(평)":"33평",
            "법정동주소":"전라북도 군산시 수송동 33-1",
            "도로명주소":"전라북도 군산시 축동안길 37",
            "세대수":90,
            "입주년차":20,
            "용적률점수":"--",
            "건폐율점수":"--",
            "세대당주차수":30,
            "난방방식":30,
            "공급면적":"--",
            "전용률":"--",
            "욕실수":100,
            "현관타입":100,
            "주거총점":63.0,
            "지역구공급총점":0.0,
            "역세권":"NA",
            "30분내 이동가능 거점":"NA",
            "1시간내 이동가능 거점":"NA",
            "교통총점":"NA",
            "백화점":0,
            "아울렛몰":80,
            "대형마트":80,
            "은행":100,
            "병원":100,
            "종합병원":100,
            "공원":100,
            "혐오시설":0,
            "인프라총점":63.0,
            "초등학군":90.0,
            "중학군":49.08,
            "학군총점":57.264,
            "인구수":27.88,
            "인구증감":-2.14,
            "인구총점":18.874,
            "일자리":15.62,
            "소득수준":57.1,
            "일자리총점":28.064,
            "가치 총점":61.566,
            "매매실거래년":20220127.0,
            "매매실거래가":20000.0,
            "전세실거래년":20220128.0,
            "전세실거래가":18000.0,
            "전세가율":97.3,
            "장기전세가율평균":77.07,
            "전세가율거품지수":-20.23,
            "검색코드":16996,
            "세대수":941.0,
            "준공년월":"2002-03-20",
            "준공년차":21.0,
            "가까운역이름":"NA",
            "가까운역거리":"NA",
            "역세권여부":"NA",
            "30분이내주요거점역":"NA",
            "30분거점역이름":"NA",
            "1시간이내주요거점역":"NA",
            "1시간거점역이름":"NA",
            "3km이내백화점수":0,
            "5km이내아울렛몰수":1,
            "1km이내대형먀트수":1,
            "500m이내은행수":5,
            "500m이내병원수":67,
            "5km이내대형병원수":2,
            "500m이내공원수":5,
            "3km이내혐오시설수":0,
            "초등학교학업성취도":90.0,
            "중학교학업성취도":80.2,
            "용적률":239,
            "건폐율":18,
            "Y":35.96679,
            "X":126.713,
            "rank":1.0,
            "area_info":"33평(111.53), 33평(111.02), 33평(111.06)",
            "last_sales":"2022-01-27,20000.0,33평(111.02)",
            "rank_history":[
                [
                    "202202",
                    1
                ],
                [
                    "202201",
                    1
                ]
            ],
            "rank_gap":0
        },
        {
            "index":335,
            "아파트명":"군산수송제일오투그란데1단지",
            "투자타입":"일반",
            "전용면적(m2)":"99.0",
            "전용면적(평)":"29평",
            "법정동주소":"전라북도 군산시 수송동 812",
            "도로명주소":"전라북도 군산시 축동로 42",
            "세대수":80,
            "입주년차":40,
            "용적률점수":"--",
            "건폐율점수":"--",
            "세대당주차수":30,
            "난방방식":30,
            "공급면적":"--",
            "전용률":"--",
            "욕실수":100,
            "현관타입":100,
            "주거총점":63.5,
            "지역구공급총점":0.0,
            "역세권":"NA",
            "30분내 이동가능 거점":"NA",
            "1시간내 이동가능 거점":"NA",
            "교통총점":"NA",
            "백화점":0,
            "아울렛몰":80,
            "대형마트":80,
            "은행":70,
            "병원":80,
            "종합병원":100,
            "공원":100,
            "혐오시설":0,
            "인프라총점":58.0,
            "초등학군":90.01,
            "중학군":49.08,
            "학군총점":57.266,
            "인구수":27.88,
            "인구증감":-2.14,
            "인구총점":18.874,
            "일자리":15.62,
            "소득수준":57.1,
            "일자리총점":28.064,
            "가치 총점":59.7415,
            "매매실거래년":20211217.0,
            "매매실거래가":23800.0,
            "전세실거래년":20220121.0,
            "전세실거래가":18900.0,
            "전세가율":79.41,
            "장기전세가율평균":77.07,
            "전세가율거품지수":-2.34,
            "검색코드":26633,
            "세대수":724.0,
            "준공년월":"2008-10-31",
            "준공년차":15.0,
            "가까운역이름":"NA",
            "가까운역거리":"NA",
            "역세권여부":"NA",
            "30분이내주요거점역":"NA",
            "30분거점역이름":"NA",
            "1시간이내주요거점역":"NA",
            "1시간거점역이름":"NA",
            "3km이내백화점수":0,
            "5km이내아울렛몰수":1,
            "1km이내대형먀트수":1,
            "500m이내은행수":4,
            "500m이내병원수":50,
            "5km이내대형병원수":2,
            "500m이내공원수":6,
            "3km이내혐오시설수":0,
            "초등학교학업성취도":90.01,
            "중학교학업성취도":80.2,
            "용적률":229,
            "건폐율":20,
            "Y":35.963381,
            "X":126.712218,
            "rank":2.0,
            "area_info":"29평(99.0), 34평(115.59), 34평(115.69), 34평(115.62)",
            "last_sales":"2021-12-17,23800.0,29평(99.0)",
            "rank_history":[
                [
                    "202202",
                    2
                ],
                [
                    "202201",
                    2
                ]
            ],
            "rank_gap":0
        },
        {
            "index":217,
            "아파트명":"군산미장아이파크",
            "투자타입":"일반",
            "전용면적(m2)":"80.33",
            "전용면적(평)":"24평",
            "법정동주소":"전라북도 군산시 미장동 542",
            "도로명주소":"전라북도 군산시 미장남로 10",
            "세대수":90,
            "입주년차":80,
            "용적률점수":"--",
            "건폐율점수":"--",
            "세대당주차수":30,
            "난방방식":30,
            "공급면적":"--",
            "전용률":"--",
            "욕실수":100,
            "현관타입":100,
            "주거총점":75.0,
            "지역구공급총점":0.0,
            "역세권":"NA",
            "30분내 이동가능 거점":"NA",
            "1시간내 이동가능 거점":"NA",
            "교통총점":"NA",
            "백화점":0,
            "아울렛몰":80,
            "대형마트":80,
            "은행":0,
            "병원":30,
            "종합병원":100,
            "공원":100,
            "혐오시설":0,
            "인프라총점":46.0,
            "초등학군":90.02,
            "중학군":49.0,
            "학군총점":57.204,
            "인구수":27.88,
            "인구증감":-2.14,
            "인구총점":18.874,
            "일자리":15.62,
            "소득수준":57.1,
            "일자리총점":28.064,
            "가치 총점":58.951,
            "매매실거래년":20220121.0,
            "매매실거래가":41000.0,
            "전세실거래년":20220110.0,
            "전세실거래가":21000.0,
            "전세가율":75.54,
            "장기전세가율평균":77.07,
            "전세가율거품지수":1.53,
            "검색코드":106162,
            "세대수":1078.0,
            "준공년월":"2015-01-28",
            "준공년차":8.0,
            "가까운역이름":"NA",
            "가까운역거리":"NA",
            "역세권여부":"NA",
            "30분이내주요거점역":"NA",
            "30분거점역이름":"NA",
            "1시간이내주요거점역":"NA",
            "1시간거점역이름":"NA",
            "3km이내백화점수":0,
            "5km이내아울렛몰수":1,
            "1km이내대형먀트수":1,
            "500m이내은행수":0,
            "500m이내병원수":5,
            "5km이내대형병원수":2,
            "500m이내공원수":3,
            "3km이내혐오시설수":0,
            "초등학교학업성취도":90.02,
            "중학교학업성취도":79.8,
            "용적률":249,
            "건폐율":20,
            "Y":35.961126,
            "X":126.724656,
            "rank":3.0,
            "area_info":"24평(80.33), 33평(111.3), 33평(111.31), 34평(112.98), 33평(112.21), 34평(112.58), 39평(131.73)",
            "last_sales":"2022-01-21,41000.0,39평(131.73)",
            "rank_history":[
                [
                    "202202",
                    3
                ],
                [
                    "202201",
                    4
                ]
            ],
            "rank_gap":1
        },
        {
            "index":331,
            "아파트명":"군산수송세영리첼",
            "투자타입":"일반",
            "전용면적(m2)":"108.94",
            "전용면적(평)":"32평",
            "법정동주소":"전라북도 군산시 수송동 830-1",
            "도로명주소":"전라북도 군산시 수송동로 100",
            "세대수":90,
            "입주년차":60,
            "용적률점수":"--",
            "건폐율점수":"--",
            "세대당주차수":30,
            "난방방식":30,
            "공급면적":"--",
            "전용률":"--",
            "욕실수":100,
            "현관타입":100,
            "주거총점":71.0,
            "지역구공급총점":0.0,
            "역세권":"NA",
            "30분내 이동가능 거점":"NA",
            "1시간내 이동가능 거점":"NA",
            "교통총점":"NA",
            "백화점":0,
            "아울렛몰":80,
            "대형마트":80,
            "은행":0,
            "병원":60,
            "종합병원":100,
            "공원":100,
            "혐오시설":0,
            "인프라총점":49.0,
            "초등학군":90.0,
            "중학군":49.0,
            "학군총점":57.2,
            "인구수":27.88,
            "인구증감":-2.14,
            "인구총점":18.874,
            "일자리":15.62,
            "소득수준":57.1,
            "일자리총점":28.064,
            "가치 총점":58.75,
            "매매실거래년":20220108.0,
            "매매실거래가":31500.0,
            "전세실거래년":20220124.0,
            "전세실거래가":28000.0,
            "전세가율":88.89,
            "장기전세가율평균":77.07,
            "전세가율거품지수":-11.82,
            "검색코드":101738,
            "세대수":1041.0,
            "준공년월":"2010-06-14",
            "준공년차":13.0,
            "가까운역이름":"NA",
            "가까운역거리":"NA",
            "역세권여부":"NA",
            "30분이내주요거점역":"NA",
            "30분거점역이름":"NA",
            "1시간이내주요거점역":"NA",
            "1시간거점역이름":"NA",
            "3km이내백화점수":0,
            "5km이내아울렛몰수":1,
            "1km이내대형먀트수":1,
            "500m이내은행수":1,
            "500m이내병원수":11,
            "5km이내대형병원수":2,
            "500m이내공원수":2,
            "3km이내혐오시설수":0,
            "초등학교학업성취도":90.0,
            "중학교학업성취도":79.8,
            "용적률":219,
            "건폐율":17,
            "Y":35.968964,
            "X":126.721168,
            "rank":4.0,
            "area_info":"32평(108.94), 34평(114.19), 34평(114.38), 36평(119.34)",
            "last_sales":"2022-01-08,31500.0,36평(119.34)",
            "rank_history":[
                [
                    "202202",
                    4
                ],
                [
                    "202201",
                    3
                ]
            ],
            "rank_gap":-1
        },
        {
            "index":432,
            "아파트명":"군산디오션시티푸르지오",
            "투자타입":"일반",
            "전용면적(m2)":"81.98",
            "전용면적(평)":"24평",
            "법정동주소":"전라북도 군산시 조촌동 3943",
            "도로명주소":"전라북도 군산시 궁포2로 20",
            "세대수":90,
            "입주년차":80,
            "용적률점수":"--",
            "건폐율점수":"--",
            "세대당주차수":30,
            "난방방식":30,
            "공급면적":"--",
            "전용률":"--",
            "욕실수":100,
            "현관타입":100,
            "주거총점":75.0,
            "지역구공급총점":0.0,
            "역세권":"NA",
            "30분내 이동가능 거점":"NA",
            "1시간내 이동가능 거점":"NA",
            "교통총점":"NA",
            "백화점":0,
            "아울렛몰":80,
            "대형마트":80,
            "은행":0,
            "병원":30,
            "종합병원":100,
            "공원":100,
            "혐오시설":0,
            "인프라총점":46.0,
            "초등학군":89.99,
            "중학군":43.46,
            "학군총점":52.766,
            "인구수":27.88,
            "인구증감":-2.14,
            "인구총점":18.874,
            "일자리":15.62,
            "소득수준":57.1,
            "일자리총점":28.064,
            "가치 총점":57.8415,
            "매매실거래년":20220122.0,
            "매매실거래가":52000.0,
            "전세실거래년":20211210.0,
            "전세실거래가":23000.0,
            "전세가율":63.54,
            "장기전세가율평균":77.07,
            "전세가율거품지수":13.53,
            "검색코드":113152,
            "세대수":1400.0,
            "준공년월":"2018-03-29",
            "준공년차":5.0,
            "가까운역이름":"NA",
            "가까운역거리":"NA",
            "역세권여부":"NA",
            "30분이내주요거점역":"NA",
            "30분거점역이름":"NA",
            "1시간이내주요거점역":"NA",
            "1시간거점역이름":"NA",
            "3km이내백화점수":0,
            "5km이내아울렛몰수":1,
            "1km이내대형먀트수":1,
            "500m이내은행수":0,
            "500m이내병원수":9,
            "5km이내대형병원수":2,
            "500m이내공원수":4,
            "3km이내혐오시설수":0,
            "초등학교학업성취도":89.99,
            "중학교학업성취도":71.9,
            "용적률":245,
            "건폐율":15,
            "Y":35.978561,
            "X":126.739987,
            "rank":5.0,
            "area_info":"24평(81.98), 24평(82.37), 30평(101.67), 30평(102.28), 30평(102.31), 34평(114.51), 34평(114.33), 34평(115.43), 34평(115.64), 40평(134.68)",
            "last_sales":"2022-01-22,52000.0,34평(114.33)",
            "rank_history":[
                [
                    "202202",
                    5
                ],
                [
                    "202201",
                    5
                ]
            ],
            "rank_gap":0
        },
        {
            "index":339,
            "아파트명":"군산수송제일오투그란데2단지",
            "투자타입":"일반",
            "전용면적(m2)":"117.69",
            "전용면적(평)":"35평",
            "법정동주소":"전라북도 군산시 수송동 812-1",
            "도로명주소":"전라북도 군산시 축동로 34",
            "세대수":50,
            "입주년차":40,
            "용적률점수":"--",
            "건폐율점수":"--",
            "세대당주차수":60,
            "난방방식":30,
            "공급면적":"--",
            "전용률":"--",
            "욕실수":100,
            "현관타입":100,
            "주거총점":57.5,
            "지역구공급총점":0.0,
            "역세권":"NA",
            "30분내 이동가능 거점":"NA",
            "1시간내 이동가능 거점":"NA",
            "교통총점":"NA",
            "백화점":0,
            "아울렛몰":80,
            "대형마트":80,
            "은행":70,
            "병원":80,
            "종합병원":100,
            "공원":100,
            "혐오시설":0,
            "인프라총점":58.0,
            "초등학군":90.01,
            "중학군":49.08,
            "학군총점":57.266,
            "인구수":27.88,
            "인구증감":-2.14,
            "인구총점":18.874,
            "일자리":15.62,
            "소득수준":57.1,
            "일자리총점":28.064,
            "가치 총점":57.6415,
            "매매실거래년":20211125.0,
            "매매실거래가":36000.0,
            "전세실거래년":20220126.0,
            "전세실거래가":28000.0,
            "전세가율":82.35,
            "장기전세가율평균":77.07,
            "전세가율거품지수":-5.28,
            "검색코드":100415,
            "세대수":656.0,
            "준공년월":"2008-10-31",
            "준공년차":15.0,
            "가까운역이름":"NA",
            "가까운역거리":"NA",
            "역세권여부":"NA",
            "30분이내주요거점역":"NA",
            "30분거점역이름":"NA",
            "1시간이내주요거점역":"NA",
            "1시간거점역이름":"NA",
            "3km이내백화점수":0,
            "5km이내아울렛몰수":1,
            "1km이내대형먀트수":1,
            "500m이내은행수":3,
            "500m이내병원수":45,
            "5km이내대형병원수":2,
            "500m이내공원수":7,
            "3km이내혐오시설수":0,
            "초등학교학업성취도":90.01,
            "중학교학업성취도":80.2,
            "용적률":198,
            "건폐율":20,
            "Y":35.962294,
            "X":126.713471,
            "rank":6.0,
            "area_info":"35평(117.69), 35평(118.76), 37평(125.59), 42평(140.71)",
            "last_sales":"2021-11-25,36000.0,42평(140.71)",
            "rank_history":[
                [
                    "202202",
                    6
                ],
                [
                    "202201",
                    6
                ]
            ],
            "rank_gap":0
        },
        {
            "index":93,
            "아파트명":"수송금호어울림",
            "투자타입":"일반",
            "전용면적(m2)":"110.55",
            "전용면적(평)":"33평",
            "법정동주소":"전라북도 군산시 나운동 1525",
            "도로명주소":"전라북도 군산시 서수송2길 23",
            "세대수":80,
            "입주년차":40,
            "용적률점수":"--",
            "건폐율점수":"--",
            "세대당주차수":30,
            "난방방식":30,
            "공급면적":"--",
            "전용률":"--",
            "욕실수":100,
            "현관타입":100,
            "주거총점":63.5,
            "지역구공급총점":0.0,
            "역세권":"NA",
            "30분내 이동가능 거점":"NA",
            "1시간내 이동가능 거점":"NA",
            "교통총점":"NA",
            "백화점":0,
            "아울렛몰":80,
            "대형마트":80,
            "은행":20,
            "병원":60,
            "종합병원":100,
            "공원":100,
            "혐오시설":0,
            "인프라총점":51.0,
            "초등학군":90.0,
            "중학군":49.08,
            "학군총점":57.264,
            "인구수":27.88,
            "인구증감":-2.14,
            "인구총점":18.874,
            "일자리":15.62,
            "소득수준":57.1,
            "일자리총점":28.064,
            "가치 총점":56.941,
            "매매실거래년":20220105.0,
            "매매실거래가":29800.0,
            "전세실거래년":20210930.0,
            "전세실거래가":26000.0,
            "전세가율":87.25,
            "장기전세가율평균":77.07,
            "전세가율거품지수":-10.18,
            "검색코드":26916,
            "세대수":773.0,
            "준공년월":"2008-08-29",
            "준공년차":15.0,
            "가까운역이름":"NA",
            "가까운역거리":"NA",
            "역세권여부":"NA",
            "30분이내주요거점역":"NA",
            "30분거점역이름":"NA",
            "1시간이내주요거점역":"NA",
            "1시간거점역이름":"NA",
            "3km이내백화점수":0,
            "5km이내아울렛몰수":1,
            "1km이내대형먀트수":1,
            "500m이내은행수":2,
            "500m이내병원수":19,
            "5km이내대형병원수":2,
            "500m이내공원수":5,
            "3km이내혐오시설수":0,
            "초등학교학업성취도":90.0,
            "중학교학업성취도":80.2,
            "용적률":219,
            "건폐율":49,
            "Y":35.966338,
            "X":126.708195,
            "rank":7.0,
            "area_info":"33평(110.55), 33평(111.15), 33평(111.27), 33평(112.39)",
            "last_sales":"2022-01-05,29800.0,33평(110.55)",
            "rank_history":[
                [
                    "202202",
                    7
                ],
                [
                    "202201",
                    8
                ]
            ],
            "rank_gap":1
        },
        {
            "index":382,
            "아파트명":"한라비발디2단지",
            "투자타입":"일반",
            "전용면적(m2)":"113.34",
            "전용면적(평)":"34평",
            "법정동주소":"전라북도 군산시 수송동 885-3",
            "도로명주소":"전라북도 군산시 수송동로 20",
            "세대수":80,
            "입주년차":40,
            "용적률점수":"--",
            "건폐율점수":"--",
            "세대당주차수":30,
            "난방방식":30,
            "공급면적":"--",
            "전용률":"--",
            "욕실수":100,
            "현관타입":100,
            "주거총점":63.5,
            "지역구공급총점":0.0,
            "역세권":"NA",
            "30분내 이동가능 거점":"NA",
            "1시간내 이동가능 거점":"NA",
            "교통총점":"NA",
            "백화점":0,
            "아울렛몰":80,
            "대형마트":80,
            "은행":20,
            "병원":60,
            "종합병원":100,
            "공원":100,
            "혐오시설":0,
            "인프라총점":51.0,
            "초등학군":90.02,
            "중학군":49.0,
            "학군총점":57.204,
            "인구수":27.88,
            "인구증감":-2.14,
            "인구총점":18.874,
            "일자리":15.62,
            "소득수준":57.1,
            "일자리총점":28.064,
            "가치 총점":56.926,
            "매매실거래년":20220116.0,
            "매매실거래가":33000.0,
            "전세실거래년":20211125.0,
            "전세실거래가":21500.0,
            "전세가율":65.15,
            "장기전세가율평균":77.07,
            "전세가율거품지수":11.92,
            "검색코드":100426,
            "세대수":782.0,
            "준공년월":"2008-11-28",
            "준공년차":15.0,
            "가까운역이름":"NA",
            "가까운역거리":"NA",
            "역세권여부":"NA",
            "30분이내주요거점역":"NA",
            "30분거점역이름":"NA",
            "1시간이내주요거점역":"NA",
            "1시간거점역이름":"NA",
            "3km이내백화점수":0,
            "5km이내아울렛몰수":1,
            "1km이내대형먀트수":1,
            "500m이내은행수":2,
            "500m이내병원수":28,
            "5km이내대형병원수":2,
            "500m이내공원수":3,
            "3km이내혐오시설수":0,
            "초등학교학업성취도":90.02,
            "중학교학업성취도":79.8,
            "용적률":208,
            "건폐율":15,
            "Y":35.961621,
            "X":126.720444,
            "rank":8.0,
            "area_info":"34평(113.34), 34평(114.17), 34평(115.17)",
            "last_sales":"2022-01-16,33000.0,34평(113.34)",
            "rank_history":[
                [
                    "202202",
                    8
                ],
                [
                    "202201",
                    7
                ]
            ],
            "rank_gap":-1
        },
        {
            "index":422,
            "아파트명":"e편한세상군산디오션시티",
            "투자타입":"일반",
            "전용면적(m2)":"80.5",
            "전용면적(평)":"24평",
            "법정동주소":"전라북도 군산시 조촌동 3963",
            "도로명주소":"전라북도 군산시 궁포2로 25",
            "세대수":80,
            "입주년차":80,
            "용적률점수":"--",
            "건폐율점수":"--",
            "세대당주차수":30,
            "난방방식":30,
            "공급면적":"--",
            "전용률":"--",
            "욕실수":100,
            "현관타입":100,
            "주거총점":71.5,
            "지역구공급총점":0.0,
            "역세권":"NA",
            "30분내 이동가능 거점":"NA",
            "1시간내 이동가능 거점":"NA",
            "교통총점":"NA",
            "백화점":0,
            "아울렛몰":80,
            "대형마트":80,
            "은행":0,
            "병원":10,
            "종합병원":100,
            "공원":100,
            "혐오시설":0,
            "인프라총점":44.0,
            "초등학군":89.99,
            "중학군":43.46,
            "학군총점":52.766,
            "인구수":27.88,
            "인구증감":-2.14,
            "인구총점":18.874,
            "일자리":15.62,
            "소득수준":57.1,
            "일자리총점":28.064,
            "가치 총점":55.8165,
            "매매실거래년":20220107.0,
            "매매실거래가":48000.0,
            "전세실거래년":20220107.0,
            "전세실거래가":20000.0,
            "전세가율":63.49,
            "장기전세가율평균":77.07,
            "전세가율거품지수":13.58,
            "검색코드":112707,
            "세대수":854.0,
            "준공년월":"2018-11-01",
            "준공년차":5.0,
            "가까운역이름":"NA",
            "가까운역거리":"NA",
            "역세권여부":"NA",
            "30분이내주요거점역":"NA",
            "30분거점역이름":"NA",
            "1시간이내주요거점역":"NA",
            "1시간거점역이름":"NA",
            "3km이내백화점수":0,
            "5km이내아울렛몰수":1,
            "1km이내대형먀트수":1,
            "500m이내은행수":0,
            "500m이내병원수":2,
            "5km이내대형병원수":2,
            "500m이내공원수":3,
            "3km이내혐오시설수":0,
            "초등학교학업성취도":89.99,
            "중학교학업성취도":71.9,
            "용적률":0,
            "건폐율":0,
            "Y":35.981227,
            "X":126.740419,
            "rank":9.0,
            "area_info":"24평(80.5), 30평(100.43), 30평(100.08), 34평(113.18), 34평(113.93), 42평(140.25)",
            "last_sales":"2022-01-07,48000.0,34평(113.18)",
            "rank_history":[
                [
                    "202202",
                    9
                ],
                [
                    "202201",
                    9
                ]
            ],
            "rank_gap":0
        },
        {
            "index":211,
            "아파트명":"군산미장2차아이파크",
            "투자타입":"일반",
            "전용면적(m2)":"99.84",
            "전용면적(평)":"30평",
            "법정동주소":"전라북도 군산시 미장동 484",
            "도로명주소":"전라북도 군산시 미장안길 45",
            "세대수":50,
            "입주년차":80,
            "용적률점수":"--",
            "건폐율점수":"--",
            "세대당주차수":60,
            "난방방식":30,
            "공급면적":"--",
            "전용률":"--",
            "욕실수":100,
            "현관타입":100,
            "주거총점":65.5,
            "지역구공급총점":0.0,
            "역세권":"NA",
            "30분내 이동가능 거점":"NA",
            "1시간내 이동가능 거점":"NA",
            "교통총점":"NA",
            "백화점":0,
            "아울렛몰":80,
            "대형마트":80,
            "은행":0,
            "병원":30,
            "종합병원":100,
            "공원":100,
            "혐오시설":0,
            "인프라총점":46.0,
            "초등학군":90.0,
            "중학군":49.0,
            "학군총점":57.2,
            "인구수":27.88,
            "인구증감":-2.14,
            "인구총점":18.874,
            "일자리":15.62,
            "소득수준":57.1,
            "일자리총점":28.064,
            "가치 총점":55.625,
            "매매실거래년":20211110.0,
            "매매실거래가":54000.0,
            "전세실거래년":20211113.0,
            "전세실거래가":29000.0,
            "전세가율":75.32,
            "장기전세가율평균":77.07,
            "전세가율거품지수":1.75,
            "검색코드":110132,
            "세대수":540.0,
            "준공년월":"2017-06-01",
            "준공년차":6.0,
            "가까운역이름":"NA",
            "가까운역거리":"NA",
            "역세권여부":"NA",
            "30분이내주요거점역":"NA",
            "30분거점역이름":"NA",
            "1시간이내주요거점역":"NA",
            "1시간거점역이름":"NA",
            "3km이내백화점수":0,
            "5km이내아울렛몰수":1,
            "1km이내대형먀트수":1,
            "500m이내은행수":0,
            "500m이내병원수":7,
            "5km이내대형병원수":2,
            "500m이내공원수":6,
            "3km이내혐오시설수":0,
            "초등학교학업성취도":90.0,
            "중학교학업성취도":79.8,
            "용적률":0,
            "건폐율":0,
            "Y":35.967891,
            "X":126.725343,
            "rank":10.0,
            "area_info":"30평(99.84), 30평(99.99), 30평(100.52), 30평(100.01), 30평(100.77), 39평(130.44)",
            "last_sales":"2021-11-10,54000.0,39평(130.44)",
            "rank_history":[
                [
                    "202202",
                    10
                ],
                [
                    "202201",
                    12
                ]
            ],
            "rank_gap":2
        },
        {
            "index":352,
            "아파트명":"수송아이파크(201-2BL)",
            "투자타입":"일반",
            "전용면적(m2)":"130.67",
            "전용면적(평)":"39평",
            "법정동주소":"전라북도 군산시 수송동 829-2",
            "도로명주소":"전라북도 군산시 수송동로 91",
            "세대수":50,
            "입주년차":40,
            "용적률점수":"--",
            "건폐율점수":"--",
            "세대당주차수":60,
            "난방방식":30,
            "공급면적":"--",
            "전용률":"--",
            "욕실수":100,
            "현관타입":100,
            "주거총점":57.5,
            "지역구공급총점":0.0,
            "역세권":"NA",
            "30분내 이동가능 거점":"NA",
            "1시간내 이동가능 거점":"NA",
            "교통총점":"NA",
            "백화점":0,
            "아울렛몰":80,
            "대형마트":80,
            "은행":20,
            "병원":80,
            "종합병원":100,
            "공원":80,
            "혐오시설":0,
            "인프라총점":52.4,
            "초등학군":90.0,
            "중학군":49.0,
            "학군총점":57.2,
            "인구수":27.88,
            "인구증감":-2.14,
            "인구총점":18.874,
            "일자리":15.62,
            "소득수준":57.1,
            "일자리총점":28.064,
            "가치 총점":55.385,
            "매매실거래년":20220115.0,
            "매매실거래가":34000.0,
            "전세실거래년":20220124.0,
            "전세실거래가":27300.0,
            "전세가율":80.29,
            "장기전세가율평균":77.07,
            "전세가율거품지수":-3.22,
            "검색코드":26634,
            "세대수":566.0,
            "준공년월":"2008-09-19",
            "준공년차":15.0,
            "가까운역이름":"NA",
            "가까운역거리":"NA",
            "역세권여부":"NA",
            "30분이내주요거점역":"NA",
            "30분거점역이름":"NA",
            "1시간이내주요거점역":"NA",
            "1시간거점역이름":"NA",
            "3km이내백화점수":0,
            "5km이내아울렛몰수":1,
            "1km이내대형먀트수":1,
            "500m이내은행수":2,
            "500m이내병원수":54,
            "5km이내대형병원수":2,
            "500m이내공원수":1,
            "3km이내혐오시설수":0,
            "초등학교학업성취도":90.0,
            "중학교학업성취도":79.8,
            "용적률":218,
            "건폐율":18,
            "Y":35.968276,
            "X":126.718263,
            "rank":11.0,
            "area_info":"39평(130.67), 40평(134.33), 46평(153.86), 54평(178.66), 86평(286.96)",
            "last_sales":"2022-01-15,34000.0,39평(130.67)",
            "rank_history":[
                [
                    "202202",
                    11
                ],
                [
                    "202201",
                    10
                ]
            ],
            "rank_gap":-1
        },
        {
            "index":442,
            "아파트명":"더샵디오션시티",
            "투자타입":"일반",
            "전용면적(m2)":"79.51",
            "전용면적(평)":"24평",
            "법정동주소":"전라북도 군산시 조촌동 3976",
            "도로명주소":"전라북도 군산시 궁포1로 79",
            "세대수":90,
            "입주년차":100,
            "용적률점수":"--",
            "건폐율점수":"--",
            "세대당주차수":60,
            "난방방식":30,
            "공급면적":"--",
            "전용률":"--",
            "욕실수":100,
            "현관타입":100,
            "주거총점":83.5,
            "지역구공급총점":0.0,
            "역세권":"NA",
            "30분내 이동가능 거점":"NA",
            "1시간내 이동가능 거점":"NA",
            "교통총점":"NA",
            "백화점":0,
            "아울렛몰":80,
            "대형마트":0,
            "은행":0,
            "병원":0,
            "종합병원":100,
            "공원":100,
            "혐오시설":0,
            "인프라총점":31.0,
            "초등학군":89.99,
            "중학군":43.46,
            "학군총점":52.766,
            "인구수":27.88,
            "인구증감":-2.14,
            "인구총점":18.874,
            "일자리":15.62,
            "소득수준":57.1,
            "일자리총점":28.064,
            "가치 총점":54.8165,
            "매매실거래년":20211008.0,
            "매매실거래가":59680.0,
            "전세실거래년":20220122.0,
            "전세실거래가":25000.0,
            "전세가율":78.69,
            "장기전세가율평균":77.07,
            "전세가율거품지수":-1.62,
            "검색코드":125752,
            "세대수":973.0,
            "준공년월":"2021-10-28",
            "준공년차":2.0,
            "가까운역이름":"NA",
            "가까운역거리":"NA",
            "역세권여부":"NA",
            "30분이내주요거점역":"NA",
            "30분거점역이름":"NA",
            "1시간이내주요거점역":"NA",
            "1시간거점역이름":"NA",
            "3km이내백화점수":0,
            "5km이내아울렛몰수":1,
            "1km이내대형먀트수":0,
            "500m이내은행수":1,
            "500m이내병원수":1,
            "5km이내대형병원수":2,
            "500m이내공원수":3,
            "3km이내혐오시설수":0,
            "초등학교학업성취도":89.99,
            "중학교학업성취도":71.9,
            "용적률":249,
            "건폐율":17,
            "Y":35.979458,
            "X":126.746031,
            "rank":12.0,
            "area_info":"24평(79.51), 24평(79.46), 33평(110.68), 33평(110.99), 40평(134.22), 46평(153.15), 58평(192.23)",
            "last_sales":"2021-10-08,59680.0,40평(134.22)",
            "rank_history":[
                [
                    "202202",
                    12
                ],
                [
                    "202201",
                    11
                ]
            ],
            "rank_gap":-1
        },
        {
            "index":125,
            "아파트명":"현대2차",
            "투자타입":"재건축",
            "전용면적(m2)":"69.77",
            "전용면적(평)":"21평",
            "법정동주소":"전라북도 군산시 나운동 792-1",
            "도로명주소":"전라북도 군산시 신설4길 14",
            "세대수":0,
            "입주년차":"--",
            "용적률점수":100,
            "건폐율점수":100,
            "세대당주차수":"--",
            "난방방식":"--",
            "공급면적":50,
            "전용률":80,
            "욕실수":"--",
            "현관타입":"--",
            "주거총점":66.5,
            "지역구공급총점":0.0,
            "역세권":"NA",
            "30분내 이동가능 거점":"NA",
            "1시간내 이동가능 거점":"NA",
            "교통총점":"NA",
            "백화점":0,
            "아울렛몰":80,
            "대형마트":0,
            "은행":70,
            "병원":60,
            "종합병원":100,
            "공원":100,
            "혐오시설":0,
            "인프라총점":44.0,
            "초등학군":90.04,
            "중학군":45.12,
            "학군총점":54.104,
            "인구수":27.88,
            "인구증감":-2.14,
            "인구총점":18.874,
            "일자리":15.62,
            "소득수준":57.1,
            "일자리총점":28.064,
            "가치 총점":54.401,
            "매매실거래년":20220103.0,
            "매매실거래가":5300.0,
            "전세실거래년":null,
            "전세실거래가":null,
            "전세가율":null,
            "장기전세가율평균":77.07,
            "전세가율거품지수":null,
            "검색코드":5016,
            "세대수":100.0,
            "준공년월":"1987-09-30",
            "준공년차":36.0,
            "가까운역이름":"NA",
            "가까운역거리":"NA",
            "역세권여부":"NA",
            "30분이내주요거점역":"NA",
            "30분거점역이름":"NA",
            "1시간이내주요거점역":"NA",
            "1시간거점역이름":"NA",
            "3km이내백화점수":0,
            "5km이내아울렛몰수":1,
            "1km이내대형먀트수":0,
            "500m이내은행수":3,
            "500m이내병원수":17,
            "5km이내대형병원수":2,
            "500m이내공원수":8,
            "3km이내혐오시설수":0,
            "초등학교학업성취도":90.04,
            "중학교학업성취도":74.0,
            "용적률":78,
            "건폐율":15,
            "Y":35.966694,
            "X":126.693622,
            "rank":13.0,
            "area_info":"21평(69.77), 21평(71.0)",
            "last_sales":"2022-01-03,5300.0,21평(69.77)",
            "rank_history":[
                [
                    "202202",
                    13
                ],
                [
                    "202201",
                    13
                ]
            ],
            "rank_gap":0
        },
        {
            "index":237,
            "아파트명":"수송공원삼성쉐르빌",
            "투자타입":"일반",
            "전용면적(m2)":"113.03",
            "전용면적(평)":"34평",
            "법정동주소":"전라북도 군산시 미장동 473",
            "도로명주소":"전라북도 군산시 경포천로 66",
            "세대수":50,
            "입주년차":60,
            "용적률점수":"--",
            "건폐율점수":"--",
            "세대당주차수":60,
            "난방방식":30,
            "공급면적":"--",
            "전용률":"--",
            "욕실수":100,
            "현관타입":100,
            "주거총점":61.5,
            "지역구공급총점":0.0,
            "역세권":"NA",
            "30분내 이동가능 거점":"NA",
            "1시간내 이동가능 거점":"NA",
            "교통총점":"NA",
            "백화점":0,
            "아울렛몰":80,
            "대형마트":80,
            "은행":0,
            "병원":30,
            "종합병원":100,
            "공원":100,
            "혐오시설":0,
            "인프라총점":46.0,
            "초등학군":90.0,
            "중학군":49.0,
            "학군총점":57.2,
            "인구수":27.88,
            "인구증감":-2.14,
            "인구총점":18.874,
            "일자리":15.62,
            "소득수준":57.1,
            "일자리총점":28.064,
            "가치 총점":54.225,
            "매매실거래년":20211224.0,
            "매매실거래가":49200.0,
            "전세실거래년":20210326.0,
            "전세실거래가":20500.0,
            "전세가율":72.95,
            "장기전세가율평균":77.07,
            "전세가율거품지수":4.12,
            "검색코드":27010,
            "세대수":654.0,
            "준공년월":"2009-12-01",
            "준공년차":14.0,
            "가까운역이름":"NA",
            "가까운역거리":"NA",
            "역세권여부":"NA",
            "30분이내주요거점역":"NA",
            "30분거점역이름":"NA",
            "1시간이내주요거점역":"NA",
            "1시간거점역이름":"NA",
            "3km이내백화점수":0,
            "5km이내아울렛몰수":1,
            "1km이내대형먀트수":1,
            "500m이내은행수":0,
            "500m이내병원수":9,
            "5km이내대형병원수":2,
            "500m이내공원수":6,
            "3km이내혐오시설수":0,
            "초등학교학업성취도":90.0,
            "중학교학업성취도":79.8,
            "용적률":238,
            "건폐율":24,
            "Y":35.965384,
            "X":126.724341,
            "rank":14.0,
            "area_info":"34평(113.03), 34평(115.31), 40평(135.3), 40평(135.18), 45평(151.97), 54평(181.77), 63평(209.16)",
            "last_sales":"2021-12-24,49200.0,54평(181.77)",
            "rank_history":[
                [
                    "202202",
                    14
                ],
                [
                    "202201",
                    14
                ]
            ],
            "rank_gap":0
        },
        {
            "index":161,
            "아파트명":"현대메트로타워2차",
            "투자타입":"일반",
            "전용면적(m2)":"115.34",
            "전용면적(평)":"34평",
            "법정동주소":"전라북도 군산시 대명동 403",
            "도로명주소":"전라북도 군산시 구암3.1로 30",
            "세대수":90,
            "입주년차":80,
            "용적률점수":"--",
            "건폐율점수":"--",
            "세대당주차수":30,
            "난방방식":30,
            "공급면적":"--",
            "전용률":"--",
            "욕실수":100,
            "현관타입":100,
            "주거총점":75.0,
            "지역구공급총점":0.0,
            "역세권":"NA",
            "30분내 이동가능 거점":"NA",
            "1시간내 이동가능 거점":"NA",
            "교통총점":"NA",
            "백화점":0,
            "아울렛몰":80,
            "대형마트":0,
            "은행":20,
            "병원":60,
            "종합병원":100,
            "공원":100,
            "혐오시설":0,
            "인프라총점":39.0,
            "초등학군":89.99,
            "중학군":39.26,
            "학군총점":49.406,
            "인구수":27.88,
            "인구증감":-2.14,
            "인구총점":18.874,
            "일자리":15.62,
            "소득수준":57.1,
            "일자리총점":28.064,
            "가치 총점":54.2015,
            "매매실거래년":20220120.0,
            "매매실거래가":23560.0,
            "전세실거래년":20220114.0,
            "전세실거래가":13500.0,
            "전세가율":55.97,
            "장기전세가율평균":77.07,
            "전세가율거품지수":21.1,
            "검색코드":115362,
            "세대수":942.0,
            "준공년월":"2016-04-08",
            "준공년차":7.0,
            "가까운역이름":"NA",
            "가까운역거리":"NA",
            "역세권여부":"NA",
            "30분이내주요거점역":"NA",
            "30분거점역이름":"NA",
            "1시간이내주요거점역":"NA",
            "1시간거점역이름":"NA",
            "3km이내백화점수":0,
            "5km이내아울렛몰수":1,
            "1km이내대형먀트수":0,
            "500m이내은행수":2,
            "500m이내병원수":11,
            "5km이내대형병원수":2,
            "500m이내공원수":2,
            "3km이내혐오시설수":0,
            "초등학교학업성취도":89.99,
            "중학교학업성취도":64.5,
            "용적률":422,
            "건폐율":71,
            "Y":35.980168,
            "X":126.722919,
            "rank":15.0,
            "area_info":"34평(115.34), 34평(115.52), 34평(115.3)",
            "last_sales":"2022-01-20,23560.0,34평(115.3)",
            "rank_history":[
                [
                    "202202",
                    15
                ],
                [
                    "202201",
                    16
                ]
            ],
            "rank_gap":1
        },
        {
            "index":357,
            "아파트명":"수송오투그란데2차",
            "투자타입":"일반",
            "전용면적(m2)":"71.75",
            "전용면적(평)":"21평",
            "법정동주소":"전라북도 군산시 수송동 829-1",
            "도로명주소":"전라북도 군산시 수송동로 105",
            "세대수":50,
            "입주년차":60,
            "용적률점수":"--",
            "건폐율점수":"--",
            "세대당주차수":30,
            "난방방식":30,
            "공급면적":"--",
            "전용률":"--",
            "욕실수":50,
            "현관타입":100,
            "주거총점":52.0,
            "지역구공급총점":0.0,
            "역세권":"NA",
            "30분내 이동가능 거점":"NA",
            "1시간내 이동가능 거점":"NA",
            "교통총점":"NA",
            "백화점":0,
            "아울렛몰":80,
            "대형마트":80,
            "은행":20,
            "병원":80,
            "종합병원":100,
            "공원":80,
            "혐오시설":0,
            "인프라총점":52.4,
            "초등학군":90.0,
            "중학군":49.0,
            "학군총점":57.2,
            "인구수":27.88,
            "인구증감":-2.14,
            "인구총점":18.874,
            "일자리":15.62,
            "소득수준":57.1,
            "일자리총점":28.064,
            "가치 총점":53.46,
            "매매실거래년":20220106.0,
            "매매실거래가":21000.0,
            "전세실거래년":20220112.0,
            "전세실거래가":12500.0,
            "전세가율":73.53,
            "장기전세가율평균":77.07,
            "전세가율거품지수":3.54,
            "검색코드":103002,
            "세대수":570.0,
            "준공년월":"2011-03-31",
            "준공년차":12.0,
            "가까운역이름":"NA",
            "가까운역거리":"NA",
            "역세권여부":"NA",
            "30분이내주요거점역":"NA",
            "30분거점역이름":"NA",
            "1시간이내주요거점역":"NA",
            "1시간거점역이름":"NA",
            "3km이내백화점수":0,
            "5km이내아울렛몰수":1,
            "1km이내대형먀트수":1,
            "500m이내은행수":2,
            "500m이내병원수":44,
            "5km이내대형병원수":2,
            "500m이내공원수":1,
            "3km이내혐오시설수":0,
            "초등학교학업성취도":90.0,
            "중학교학업성취도":79.8,
            "용적률":219,
            "건폐율":24,
            "Y":35.969227,
            "X":126.718312,
            "rank":16.0,
            "area_info":"21평(71.75), 25평(82.97), 24평(82.55)",
            "last_sales":"2022-01-06,21000.0,24평(82.55)",
            "rank_history":[
                [
                    "202202",
                    16
                ],
                [
                    "202201",
                    15
                ]
            ],
            "rank_gap":-1
        },
        {
            "index":376,
            "아파트명":"한라비발디1단지",
            "투자타입":"일반",
            "전용면적(m2)":"132.95",
            "전용면적(평)":"40평",
            "법정동주소":"전라북도 군산시 수송동 885-1",
            "도로명주소":"전라북도 군산시 수송동로 36",
            "세대수":30,
            "입주년차":40,
            "용적률점수":"--",
            "건폐율점수":"--",
            "세대당주차수":60,
            "난방방식":30,
            "공급면적":"--",
            "전용률":"--",
            "욕실수":100,
            "현관타입":100,
            "주거총점":50.5,
            "지역구공급총점":0.0,
            "역세권":"NA",
            "30분내 이동가능 거점":"NA",
            "1시간내 이동가능 거점":"NA",
            "교통총점":"NA",
            "백화점":0,
            "아울렛몰":80,
            "대형마트":80,
            "은행":20,
            "병원":80,
            "종합병원":100,
            "공원":100,
            "혐오시설":0,
            "인프라총점":53.0,
            "초등학군":90.02,
            "중학군":49.0,
            "학군총점":57.204,
            "인구수":27.88,
            "인구증감":-2.14,
            "인구총점":18.874,
            "일자리":15.62,
            "소득수준":57.1,
            "일자리총점":28.064,
            "가치 총점":53.176,
            "매매실거래년":20211127.0,
            "매매실거래가":40500.0,
            "전세실거래년":20211029.0,
            "전세실거래가":28350.0,
            "전세가율":70.0,
            "장기전세가율평균":77.07,
            "전세가율거품지수":7.07,
            "검색코드":26635,
            "세대수":332.0,
            "준공년월":"2008-11-28",
            "준공년차":15.0,
            "가까운역이름":"NA",
            "가까운역거리":"NA",
            "역세권여부":"NA",
            "30분이내주요거점역":"NA",
            "30분거점역이름":"NA",
            "1시간이내주요거점역":"NA",
            "1시간거점역이름":"NA",
            "3km이내백화점수":0,
            "5km이내아울렛몰수":1,
            "1km이내대형먀트수":1,
            "500m이내은행수":2,
            "500m이내병원수":33,
            "5km이내대형병원수":2,
            "500m이내공원수":3,
            "3km이내혐오시설수":0,
            "초등학교학업성취도":90.02,
            "중학교학업성취도":79.8,
            "용적률":217,
            "건폐율":15,
            "Y":35.963342,
            "X":126.720472,
            "rank":17.0,
            "area_info":"40평(132.95), 40평(135.34), 48평(159.21), 48평(161.45), 57평(189.51), 97평(320.9)",
            "last_sales":"2021-11-27,40500.0,40평(132.95)",
            "rank_history":[
                [
                    "202202",
                    17
                ],
                [
                    "202201",
                    18
                ]
            ],
            "rank_gap":1
        },
        {
            "index":482,
            "아파트명":"지곡쌍용예가",
            "투자타입":"일반",
            "전용면적(m2)":"84.3",
            "전용면적(평)":"25평",
            "법정동주소":"전라북도 군산시 지곡동 607",
            "도로명주소":"전라북도 군산시 계산로 71",
            "세대수":90,
            "입주년차":80,
            "용적률점수":"--",
            "건폐율점수":"--",
            "세대당주차수":30,
            "난방방식":30,
            "공급면적":"--",
            "전용률":"--",
            "욕실수":100,
            "현관타입":100,
            "주거총점":75.0,
            "지역구공급총점":0.0,
            "역세권":"NA",
            "30분내 이동가능 거점":"NA",
            "1시간내 이동가능 거점":"NA",
            "교통총점":"NA",
            "백화점":0,
            "아울렛몰":80,
            "대형마트":0,
            "은행":0,
            "병원":0,
            "종합병원":100,
            "공원":100,
            "혐오시설":0,
            "인프라총점":31.0,
            "초등학군":90.0,
            "중학군":48.14,
            "학군총점":56.512,
            "인구수":27.88,
            "인구증감":-2.14,
            "인구총점":18.874,
            "일자리":15.62,
            "소득수준":57.1,
            "일자리총점":28.064,
            "가치 총점":52.778,
            "매매실거래년":20220118.0,
            "매매실거래가":30800.0,
            "전세실거래년":20210728.0,
            "전세실거래가":19000.0,
            "전세가율":77.24,
            "장기전세가율평균":77.07,
            "전세가율거품지수":-0.17,
            "검색코드":104620,
            "세대수":935.0,
            "준공년월":"2014-08-01",
            "준공년차":9.0,
            "가까운역이름":"NA",
            "가까운역거리":"NA",
            "역세권여부":"NA",
            "30분이내주요거점역":"NA",
            "30분거점역이름":"NA",
            "1시간이내주요거점역":"NA",
            "1시간거점역이름":"NA",
            "3km이내백화점수":0,
            "5km이내아울렛몰수":1,
            "1km이내대형먀트수":0,
            "500m이내은행수":0,
            "500m이내병원수":0,
            "5km이내대형병원수":2,
            "500m이내공원수":2,
            "3km이내혐오시설수":0,
            "초등학교학업성취도":90.0,
            "중학교학업성취도":79.3,
            "용적률":245,
            "건폐율":18,
            "Y":35.952557,
            "X":126.712248,
            "rank":18.0,
            "area_info":"25평(84.3), 25평(84.63), 31평(103.5), 31평(103.87), 34평(114.66), 34평(114.01)",
            "last_sales":"2022-01-18,30800.0,31평(103.87)",
            "rank_history":[
                [
                    "202202",
                    18
                ],
                [
                    "202201",
                    17
                ]
            ],
            "rank_gap":-1
        },
        {
            "index":97,
            "아파트명":"수송코아루",
            "투자타입":"일반",
            "전용면적(m2)":"87.13",
            "전용면적(평)":"26평",
            "법정동주소":"전라북도 군산시 나운동 1526",
            "도로명주소":"전라북도 군산시 축동로 83",
            "세대수":30,
            "입주년차":60,
            "용적률점수":"--",
            "건폐율점수":"--",
            "세대당주차수":30,
            "난방방식":30,
            "공급면적":"--",
            "전용률":"--",
            "욕실수":100,
            "현관타입":100,
            "주거총점":50.0,
            "지역구공급총점":0.0,
            "역세권":"NA",
            "30분내 이동가능 거점":"NA",
            "1시간내 이동가능 거점":"NA",
            "교통총점":"NA",
            "백화점":0,
            "아울렛몰":80,
            "대형마트":80,
            "은행":20,
            "병원":60,
            "종합병원":100,
            "공원":100,
            "혐오시설":0,
            "인프라총점":51.0,
            "초등학군":90.0,
            "중학군":49.08,
            "학군총점":57.264,
            "인구수":27.88,
            "인구증감":-2.14,
            "인구총점":18.874,
            "일자리":15.62,
            "소득수준":57.1,
            "일자리총점":28.064,
            "가치 총점":52.216,
            "매매실거래년":20220121.0,
            "매매실거래가":17500.0,
            "전세실거래년":20220114.0,
            "전세실거래가":20000.0,
            "전세가율":114.29,
            "장기전세가율평균":77.07,
            "전세가율거품지수":-37.22,
            "검색코드":27028,
            "세대수":392.0,
            "준공년월":"2009-03-06",
            "준공년차":14.0,
            "가까운역이름":"NA",
            "가까운역거리":"NA",
            "역세권여부":"NA",
            "30분이내주요거점역":"NA",
            "30분거점역이름":"NA",
            "1시간이내주요거점역":"NA",
            "1시간거점역이름":"NA",
            "3km이내백화점수":0,
            "5km이내아울렛몰수":1,
            "1km이내대형먀트수":1,
            "500m이내은행수":2,
            "500m이내병원수":27,
            "5km이내대형병원수":2,
            "500m이내공원수":6,
            "3km이내혐오시설수":0,
            "초등학교학업성취도":90.0,
            "중학교학업성취도":80.2,
            "용적률":219,
            "건폐율":18,
            "Y":35.966504,
            "X":126.710221,
            "rank":19.0,
            "area_info":"26평(87.13)",
            "last_sales":"2022-01-21,17500.0,26평(87.13)",
            "rank_history":[
                [
                    "202202",
                    19
                ],
                [
                    "202201",
                    19
                ]
            ],
            "rank_gap":0
        },
        {
            "index":55,
            "아파트명":"동산은파",
            "투자타입":"재건축",
            "전용면적(m2)":"64.89",
            "전용면적(평)":"19평",
            "법정동주소":"전라북도 군산시 나운동 1188-5",
            "도로명주소":"전라북도 군산시 한밭1길 32",
            "세대수":0,
            "입주년차":"--",
            "용적률점수":100,
            "건폐율점수":80,
            "세대당주차수":"--",
            "난방방식":"--",
            "공급면적":50,
            "전용률":100,
            "욕실수":"--",
            "현관타입":"--",
            "주거총점":63.5,
            "지역구공급총점":0.0,
            "역세권":"NA",
            "30분내 이동가능 거점":"NA",
            "1시간내 이동가능 거점":"NA",
            "교통총점":"NA",
            "백화점":0,
            "아울렛몰":80,
            "대형마트":0,
            "은행":20,
            "병원":60,
            "종합병원":100,
            "공원":100,
            "혐오시설":0,
            "인프라총점":39.0,
            "초등학군":90.04,
            "중학군":48.14,
            "학군총점":56.52,
            "인구수":27.88,
            "인구증감":-2.14,
            "인구총점":18.874,
            "일자리":15.62,
            "소득수준":57.1,
            "일자리총점":28.064,
            "가치 총점":51.955,
            "매매실거래년":20220122.0,
            "매매실거래가":5300.0,
            "전세실거래년":20180927.0,
            "전세실거래가":3500.0,
            "전세가율":72.92,
            "장기전세가율평균":77.07,
            "전세가율거품지수":4.15,
            "검색코드":140966,
            "세대수":100.0,
            "준공년월":"1985-04-20",
            "준공년차":38.0,
            "가까운역이름":"NA",
            "가까운역거리":"NA",
            "역세권여부":"NA",
            "30분이내주요거점역":"NA",
            "30분거점역이름":"NA",
            "1시간이내주요거점역":"NA",
            "1시간거점역이름":"NA",
            "3km이내백화점수":0,
            "5km이내아울렛몰수":1,
            "1km이내대형먀트수":0,
            "500m이내은행수":2,
            "500m이내병원수":10,
            "5km이내대형병원수":2,
            "500m이내공원수":9,
            "3km이내혐오시설수":0,
            "초등학교학업성취도":90.04,
            "중학교학업성취도":79.3,
            "용적률":121,
            "건폐율":26,
            "Y":35.961705,
            "X":126.693473,
            "rank":20.0,
            "area_info":"19평(64.89), 19평(65.22), 20평(67.86)",
            "last_sales":"2022-01-22,5300.0,20평(67.86)",
            "rank_history":[
                [
                    "202202",
                    20
                ],
                [
                    "202201",
                    23
                ]
            ],
            "rank_gap":3
        },
        {
            "index":117,
            "아파트명":"주공5단지",
            "투자타입":"일반",
            "전용면적(m2)":"54.81",
            "전용면적(평)":"16평",
            "법정동주소":"전라북도 군산시 나운동 45-7",
            "도로명주소":"전라북도 군산시 백토로 117",
            "세대수":100,
            "입주년차":0,
            "용적률점수":"--",
            "건폐율점수":"--",
            "세대당주차수":0,
            "난방방식":80,
            "공급면적":"--",
            "전용률":"--",
            "욕실수":50,
            "현관타입":10,
            "주거총점":49.0,
            "지역구공급총점":0.0,
            "역세권":"NA",
            "30분내 이동가능 거점":"NA",
            "1시간내 이동가능 거점":"NA",
            "교통총점":"NA",
            "백화점":0,
            "아울렛몰":80,
            "대형마트":80,
            "은행":20,
            "병원":60,
            "종합병원":100,
            "공원":100,
            "혐오시설":0,
            "인프라총점":51.0,
            "초등학군":90.0,
            "중학군":49.08,
            "학군총점":57.264,
            "인구수":27.88,
            "인구증감":-2.14,
            "인구총점":18.874,
            "일자리":15.62,
            "소득수준":57.1,
            "일자리총점":28.064,
            "가치 총점":51.866,
            "매매실거래년":20220120.0,
            "매매실거래가":5230.0,
            "전세실거래년":20211118.0,
            "전세실거래가":6000.0,
            "전세가율":114.72,
            "장기전세가율평균":77.07,
            "전세가율거품지수":-37.65,
            "검색코드":5012,
            "세대수":1541.0,
            "준공년월":"1995-07-22",
            "준공년차":28.0,
            "가까운역이름":"NA",
            "가까운역거리":"NA",
            "역세권여부":"NA",
            "30분이내주요거점역":"NA",
            "30분거점역이름":"NA",
            "1시간이내주요거점역":"NA",
            "1시간거점역이름":"NA",
            "3km이내백화점수":0,
            "5km이내아울렛몰수":1,
            "1km이내대형먀트수":1,
            "500m이내은행수":2,
            "500m이내병원수":21,
            "5km이내대형병원수":2,
            "500m이내공원수":4,
            "3km이내혐오시설수":0,
            "초등학교학업성취도":90.0,
            "중학교학업성취도":80.2,
            "용적률":0,
            "건폐율":0,
            "Y":35.96867,
            "X":126.7077,
            "rank":21.0,
            "area_info":"16평(54.81), 21평(69.8), 23평(79.19)",
            "last_sales":"2022-01-20,5230.0,16평(54.81)",
            "rank_history":[
                [
                    "202202",
                    21
                ],
                [
                    "202201",
                    20
                ]
            ],
            "rank_gap":-1
        },
        {
            "index":158,
            "아파트명":"현대메트로타워",
            "투자타입":"일반",
            "전용면적(m2)":"108.74",
            "전용면적(평)":"32평",
            "법정동주소":"전라북도 군산시 대명동 385-60",
            "도로명주소":"전라북도 군산시 대명길 3",
            "세대수":50,
            "입주년차":60,
            "용적률점수":"--",
            "건폐율점수":"--",
            "세대당주차수":30,
            "난방방식":30,
            "공급면적":"--",
            "전용률":"--",
            "욕실수":100,
            "현관타입":100,
            "주거총점":57.0,
            "지역구공급총점":0.0,
            "역세권":"NA",
            "30분내 이동가능 거점":"NA",
            "1시간내 이동가능 거점":"NA",
            "교통총점":"NA",
            "백화점":0,
            "아울렛몰":80,
            "대형마트":0,
            "은행":70,
            "병원":60,
            "종합병원":100,
            "공원":80,
            "혐오시설":0,
            "인프라총점":43.4,
            "초등학군":89.99,
            "중학군":49.0,
            "학군총점":57.198,
            "인구수":27.88,
            "인구증감":-2.14,
            "인구총점":18.874,
            "일자리":15.62,
            "소득수준":57.1,
            "일자리총점":28.064,
            "가치 총점":51.6095,
            "매매실거래년":20220106.0,
            "매매실거래가":19700.0,
            "전세실거래년":20220106.0,
            "전세실거래가":18000.0,
            "전세가율":91.37,
            "장기전세가율평균":77.07,
            "전세가율거품지수":-14.3,
            "검색코드":103553,
            "세대수":614.0,
            "준공년월":"2011-10-15",
            "준공년차":12.0,
            "가까운역이름":"NA",
            "가까운역거리":"NA",
            "역세권여부":"NA",
            "30분이내주요거점역":"NA",
            "30분거점역이름":"NA",
            "1시간이내주요거점역":"NA",
            "1시간거점역이름":"NA",
            "3km이내백화점수":0,
            "5km이내아울렛몰수":1,
            "1km이내대형먀트수":0,
            "500m이내은행수":3,
            "500m이내병원수":11,
            "5km이내대형병원수":2,
            "500m이내공원수":1,
            "3km이내혐오시설수":0,
            "초등학교학업성취도":89.99,
            "중학교학업성취도":79.8,
            "용적률":419,
            "건폐율":70,
            "Y":35.978882,
            "X":126.722372,
            "rank":22.0,
            "area_info":"32평(108.74), 36평(120.47), 36평(120.7)",
            "last_sales":"2022-01-06,19700.0,32평(108.74)",
            "rank_history":[
                [
                    "202202",
                    22
                ],
                [
                    "202201",
                    22
                ]
            ],
            "rank_gap":0
        },
        {
            "index":428,
            "아파트명":"e편한세상디오션시티2차",
            "투자타입":"일반",
            "전용면적(m2)":"109.51",
            "전용면적(평)":"33평",
            "법정동주소":"전라북도 군산시 조촌동 3967",
            "도로명주소":"전라북도 군산시 궁포1로 82",
            "세대수":50,
            "입주년차":100,
            "용적률점수":"--",
            "건폐율점수":"--",
            "세대당주차수":60,
            "난방방식":30,
            "공급면적":"--",
            "전용률":"--",
            "욕실수":100,
            "현관타입":100,
            "주거총점":69.5,
            "지역구공급총점":0.0,
            "역세권":"NA",
            "30분내 이동가능 거점":"NA",
            "1시간내 이동가능 거점":"NA",
            "교통총점":"NA",
            "백화점":0,
            "아울렛몰":80,
            "대형마트":0,
            "은행":0,
            "병원":30,
            "종합병원":100,
            "공원":100,
            "혐오시설":0,
            "인프라총점":34.0,
            "초등학군":89.99,
            "중학군":43.46,
            "학군총점":52.766,
            "인구수":27.88,
            "인구증감":-2.14,
            "인구총점":18.874,
            "일자리":15.62,
            "소득수준":57.1,
            "일자리총점":28.064,
            "가치 총점":51.1165,
            "매매실거래년":20200606.0,
            "매매실거래가":42200.0,
            "전세실거래년":null,
            "전세실거래가":null,
            "전세가율":null,
            "장기전세가율평균":77.07,
            "전세가율거품지수":null,
            "검색코드":120089,
            "세대수":423.0,
            "준공년월":"2020-05-01",
            "준공년차":3.0,
            "가까운역이름":"NA",
            "가까운역거리":"NA",
            "역세권여부":"NA",
            "30분이내주요거점역":"NA",
            "30분거점역이름":"NA",
            "1시간이내주요거점역":"NA",
            "1시간거점역이름":"NA",
            "3km이내백화점수":0,
            "5km이내아울렛몰수":1,
            "1km이내대형먀트수":0,
            "500m이내은행수":1,
            "500m이내병원수":7,
            "5km이내대형병원수":2,
            "500m이내공원수":4,
            "3km이내혐오시설수":0,
            "초등학교학업성취도":89.99,
            "중학교학업성취도":71.9,
            "용적률":0,
            "건폐율":0,
            "Y":35.976535,
            "X":126.746086,
            "rank":23.0,
            "area_info":"33평(109.51), 33평(111.1), 44평(146.21), 56평(188.05)",
            "last_sales":"2020-06-06,42200.0,44평(146.21)",
            "rank_history":[
                [
                    "202202",
                    23
                ],
                [
                    "202201",
                    21
                ]
            ],
            "rank_gap":-2
        },
        {
            "index":224,
            "아파트명":"미장대원칸타빌",
            "투자타입":"일반",
            "전용면적(m2)":"80.33",
            "전용면적(평)":"24평",
            "법정동주소":"전라북도 군산시 미장동 558",
            "도로명주소":"전라북도 군산시 미장남로 100",
            "세대수":80,
            "입주년차":80,
            "용적률점수":"--",
            "건폐율점수":"--",
            "세대당주차수":30,
            "난방방식":30,
            "공급면적":"--",
            "전용률":"--",
            "욕실수":50,
            "현관타입":100,
            "주거총점":66.5,
            "지역구공급총점":0.0,
            "역세권":"NA",
            "30분내 이동가능 거점":"NA",
            "1시간내 이동가능 거점":"NA",
            "교통총점":"NA",
            "백화점":0,
            "아울렛몰":80,
            "대형마트":0,
            "은행":0,
            "병원":0,
            "종합병원":100,
            "공원":100,
            "혐오시설":0,
            "인프라총점":31.0,
            "초등학군":90.0,
            "중학군":49.0,
            "학군총점":57.2,
            "인구수":27.88,
            "인구증감":-2.14,
            "인구총점":18.874,
            "일자리":15.62,
            "소득수준":57.1,
            "일자리총점":28.064,
            "가치 총점":49.975,
            "매매실거래년":20210714.0,
            "매매실거래가":45900.0,
            "전세실거래년":20220117.0,
            "전세실거래가":19000.0,
            "전세가율":92.68,
            "장기전세가율평균":77.07,
            "전세가율거품지수":-15.61,
            "검색코드":112656,
            "세대수":805.0,
            "준공년월":"2018-06-01",
            "준공년차":5.0,
            "가까운역이름":"NA",
            "가까운역거리":"NA",
            "역세권여부":"NA",
            "30분이내주요거점역":"NA",
            "30분거점역이름":"NA",
            "1시간이내주요거점역":"NA",
            "1시간거점역이름":"NA",
            "3km이내백화점수":0,
            "5km이내아울렛몰수":1,
            "1km이내대형먀트수":0,
            "500m이내은행수":0,
            "500m이내병원수":1,
            "5km이내대형병원수":2,
            "500m이내공원수":6,
            "3km이내혐오시설수":0,
            "초등학교학업성취도":90.0,
            "중학교학업성취도":79.8,
            "용적률":248,
            "건폐율":23,
            "Y":35.961017,
            "X":126.734022,
            "rank":24.0,
            "area_info":"24평(80.33), 26평(87.91), 26평(88.66), 30평(99.96), 30평(99.67), 30평(100.4), 30평(100.14), 33평(112.36), 40평(134.7), 52평(174.24)",
            "last_sales":"2021-07-14,45900.0,40평(134.7)",
            "rank_history":[
                [
                    "202202",
                    24
                ],
                [
                    "202201",
                    24
                ]
            ],
            "rank_gap":0
        },
        {
            "index":172,
            "아파트명":"문화",
            "투자타입":"재건축",
            "전용면적(m2)":"79.34",
            "전용면적(평)":"24평",
            "법정동주소":"전라북도 군산시 문화동 769-2",
            "도로명주소":"전라북도 군산시 석치안길 7",
            "세대수":0,
            "입주년차":"--",
            "용적률점수":100,
            "건폐율점수":80,
            "세대당주차수":"--",
            "난방방식":"--",
            "공급면적":50,
            "전용률":100,
            "욕실수":"--",
            "현관타입":"--",
            "주거총점":63.5,
            "지역구공급총점":0.0,
            "역세권":"NA",
            "30분내 이동가능 거점":"NA",
            "1시간내 이동가능 거점":"NA",
            "교통총점":"NA",
            "백화점":0,
            "아울렛몰":80,
            "대형마트":0,
            "은행":0,
            "병원":30,
            "종합병원":100,
            "공원":100,
            "혐오시설":0,
            "인프라총점":34.0,
            "초등학군":90.01,
            "중학군":41.62,
            "학군총점":51.298,
            "인구수":27.88,
            "인구증감":-2.14,
            "인구총점":18.874,
            "일자리":15.62,
            "소득수준":57.1,
            "일자리총점":28.064,
            "가치 총점":48.6495,
            "매매실거래년":20210708.0,
            "매매실거래가":3650.0,
            "전세실거래년":20190114.0,
            "전세실거래가":2000.0,
            "전세가율":54.79,
            "장기전세가율평균":77.07,
            "전세가율거품지수":22.28,
            "검색코드":14970,
            "세대수":100.0,
            "준공년월":"1981-02-02",
            "준공년차":42.0,
            "가까운역이름":"NA",
            "가까운역거리":"NA",
            "역세권여부":"NA",
            "30분이내주요거점역":"NA",
            "30분거점역이름":"NA",
            "1시간이내주요거점역":"NA",
            "1시간거점역이름":"NA",
            "3km이내백화점수":0,
            "5km이내아울렛몰수":1,
            "1km이내대형먀트수":0,
            "500m이내은행수":0,
            "500m이내병원수":5,
            "5km이내대형병원수":2,
            "500m이내공원수":2,
            "3km이내혐오시설수":0,
            "초등학교학업성취도":90.01,
            "중학교학업성취도":67.7,
            "용적률":131,
            "건폐율":26,
            "Y":35.97498,
            "X":126.70115,
            "rank":25.0,
            "area_info":"24평(79.34)",
            "last_sales":"2021-07-08,3650.0,24평(79.34)",
            "rank_history":[
                [
                    "202202",
                    25
                ],
                [
                    "202201",
                    29
                ]
            ],
            "rank_gap":4
        },
        {
            "index":457,
            "아파트명":"센트럴파크",
            "투자타입":"일반",
            "전용면적(m2)":"110.66",
            "전용면적(평)":"33평",
            "법정동주소":"전라북도 군산시 조촌동 769-4",
            "도로명주소":"전라북도 군산시 번영로 190",
            "세대수":50,
            "입주년차":80,
            "용적률점수":"--",
            "건폐율점수":"--",
            "세대당주차수":60,
            "난방방식":30,
            "공급면적":"--",
            "전용률":"--",
            "욕실수":100,
            "현관타입":100,
            "주거총점":65.5,
            "지역구공급총점":0.0,
            "역세권":"NA",
            "30분내 이동가능 거점":"NA",
            "1시간내 이동가능 거점":"NA",
            "교통총점":"NA",
            "백화점":0,
            "아울렛몰":80,
            "대형마트":0,
            "은행":0,
            "병원":0,
            "종합병원":100,
            "공원":100,
            "혐오시설":0,
            "인프라총점":31.0,
            "초등학군":90.0,
            "중학군":43.46,
            "학군총점":52.768,
            "인구수":27.88,
            "인구증감":-2.14,
            "인구총점":18.874,
            "일자리":15.62,
            "소득수준":57.1,
            "일자리총점":28.064,
            "가치 총점":48.517,
            "매매실거래년":20220112.0,
            "매매실거래가":27500.0,
            "전세실거래년":20220104.0,
            "전세실거래가":22000.0,
            "전세가율":80.0,
            "장기전세가율평균":77.07,
            "전세가율거품지수":-2.93,
            "검색코드":111158,
            "세대수":480.0,
            "준공년월":"2017-10-01",
            "준공년차":6.0,
            "가까운역이름":"NA",
            "가까운역거리":"NA",
            "역세권여부":"NA",
            "30분이내주요거점역":"NA",
            "30분거점역이름":"NA",
            "1시간이내주요거점역":"NA",
            "1시간거점역이름":"NA",
            "3km이내백화점수":0,
            "5km이내아울렛몰수":1,
            "1km이내대형먀트수":0,
            "500m이내은행수":0,
            "500m이내병원수":0,
            "5km이내대형병원수":2,
            "500m이내공원수":6,
            "3km이내혐오시설수":0,
            "초등학교학업성취도":90.0,
            "중학교학업성취도":71.9,
            "용적률":598,
            "건폐율":69,
            "Y":35.962929,
            "X":126.738437,
            "rank":26.0,
            "area_info":"33평(110.66), 33평(110.21)",
            "last_sales":"2022-01-12,27500.0,33평(110.66)",
            "rank_history":[
                [
                    "202202",
                    26
                ],
                [
                    "202201",
                    26
                ]
            ],
            "rank_gap":0
        },
        {
            "index":1,
            "아파트명":"경암제일오투그란데",
            "투자타입":"일반",
            "전용면적(m2)":"108.97",
            "전용면적(평)":"32평",
            "법정동주소":"전라북도 군산시 경암동 709",
            "도로명주소":"전라북도 군산시 조촌로 214",
            "세대수":30,
            "입주년차":80,
            "용적률점수":"--",
            "건폐율점수":"--",
            "세대당주차수":30,
            "난방방식":30,
            "공급면적":"--",
            "전용률":"--",
            "욕실수":100,
            "현관타입":100,
            "주거총점":54.0,
            "지역구공급총점":0.0,
            "역세권":"NA",
            "30분내 이동가능 거점":"NA",
            "1시간내 이동가능 거점":"NA",
            "교통총점":"NA",
            "백화점":0,
            "아울렛몰":80,
            "대형마트":80,
            "은행":0,
            "병원":10,
            "종합병원":100,
            "공원":0,
            "혐오시설":0,
            "인프라총점":41.0,
            "초등학군":90.05,
            "중학군":43.46,
            "학군총점":52.778,
            "인구수":27.88,
            "인구증감":-2.14,
            "인구총점":18.874,
            "일자리":15.62,
            "소득수준":57.1,
            "일자리총점":28.064,
            "가치 총점":48.4945,
            "매매실거래년":20211206.0,
            "매매실거래가":26200.0,
            "전세실거래년":20211108.0,
            "전세실거래가":17500.0,
            "전세가율":70.0,
            "장기전세가율평균":77.07,
            "전세가율거품지수":7.07,
            "검색코드":107110,
            "세대수":352.0,
            "준공년월":"2015-11-03",
            "준공년차":8.0,
            "가까운역이름":"NA",
            "가까운역거리":"NA",
            "역세권여부":"NA",
            "30분이내주요거점역":"NA",
            "30분거점역이름":"NA",
            "1시간이내주요거점역":"NA",
            "1시간거점역이름":"NA",
            "3km이내백화점수":0,
            "5km이내아울렛몰수":1,
            "1km이내대형먀트수":1,
            "500m이내은행수":0,
            "500m이내병원수":2,
            "5km이내대형병원수":2,
            "500m이내공원수":0,
            "3km이내혐오시설수":0,
            "초등학교학업성취도":90.05,
            "중학교학업성취도":71.9,
            "용적률":219,
            "건폐율":58,
            "Y":35.983737,
            "X":126.738339,
            "rank":27.0,
            "area_info":"32평(108.97), 33평(109.49), 33평(110.64), 33평(110.14)",
            "last_sales":"2021-12-06,26200.0,33평(110.64)",
            "rank_history":[
                [
                    "202202",
                    27
                ],
                [
                    "202201",
                    25
                ]
            ],
            "rank_gap":-2
        },
        {
            "index":90,
            "아파트명":"세경",
            "투자타입":"일반",
            "전용면적(m2)":"51.68",
            "전용면적(평)":"15평",
            "법정동주소":"전라북도 군산시 나운동 155",
            "도로명주소":"전라북도 군산시 하나운로 28",
            "세대수":90,
            "입주년차":20,
            "용적률점수":"--",
            "건폐율점수":"--",
            "세대당주차수":0,
            "난방방식":30,
            "공급면적":"--",
            "전용률":"--",
            "욕실수":50,
            "현관타입":10,
            "주거총점":44.5,
            "지역구공급총점":0.0,
            "역세권":"NA",
            "30분내 이동가능 거점":"NA",
            "1시간내 이동가능 거점":"NA",
            "교통총점":"NA",
            "백화점":0,
            "아울렛몰":80,
            "대형마트":0,
            "은행":70,
            "병원":80,
            "종합병원":100,
            "공원":100,
            "혐오시설":0,
            "인프라총점":46.0,
            "초등학군":89.99,
            "중학군":48.14,
            "학군총점":56.51,
            "인구수":27.88,
            "인구증감":-2.14,
            "인구총점":18.874,
            "일자리":15.62,
            "소득수준":57.1,
            "일자리총점":28.064,
            "가치 총점":48.1025,
            "매매실거래년":20220114.0,
            "매매실거래가":4500.0,
            "전세실거래년":20211215.0,
            "전세실거래가":4500.0,
            "전세가율":112.5,
            "장기전세가율평균":77.07,
            "전세가율거품지수":-35.43,
            "검색코드":110310,
            "세대수":1186.0,
            "준공년월":"2002-12-03",
            "준공년차":21.0,
            "가까운역이름":"NA",
            "가까운역거리":"NA",
            "역세권여부":"NA",
            "30분이내주요거점역":"NA",
            "30분거점역이름":"NA",
            "1시간이내주요거점역":"NA",
            "1시간거점역이름":"NA",
            "3km이내백화점수":0,
            "5km이내아울렛몰수":1,
            "1km이내대형먀트수":0,
            "500m이내은행수":3,
            "500m이내병원수":37,
            "5km이내대형병원수":2,
            "500m이내공원수":3,
            "3km이내혐오시설수":0,
            "초등학교학업성취도":89.99,
            "중학교학업성취도":79.3,
            "용적률":208,
            "건폐율":24,
            "Y":35.960856,
            "X":126.702132,
            "rank":28.0,
            "area_info":"15평(51.68), 20평(68.98)",
            "last_sales":"2022-01-14,4500.0,20평(68.98)",
            "rank_history":[
                [
                    "202202",
                    28
                ],
                [
                    "202201",
                    27
                ]
            ],
            "rank_gap":-1
        },
        {
            "index":46,
            "아파트명":"나운청솔",
            "투자타입":"일반",
            "전용면적(m2)":"63.69",
            "전용면적(평)":"19평",
            "법정동주소":"전라북도 군산시 나운동 161",
            "도로명주소":"전라북도 군산시 나운로 133",
            "세대수":50,
            "입주년차":20,
            "용적률점수":"--",
            "건폐율점수":"--",
            "세대당주차수":30,
            "난방방식":30,
            "공급면적":"--",
            "전용률":"--",
            "욕실수":50,
            "현관타입":100,
            "주거총점":44.0,
            "지역구공급총점":0.0,
            "역세권":"NA",
            "30분내 이동가능 거점":"NA",
            "1시간내 이동가능 거점":"NA",
            "교통총점":"NA",
            "백화점":0,
            "아울렛몰":80,
            "대형마트":0,
            "은행":70,
            "병원":80,
            "종합병원":100,
            "공원":100,
            "혐오시설":0,
            "인프라총점":46.0,
            "초등학군":89.99,
            "중학군":48.14,
            "학군총점":56.51,
            "인구수":27.88,
            "인구증감":-2.14,
            "인구총점":18.874,
            "일자리":15.62,
            "소득수준":57.1,
            "일자리총점":28.064,
            "가치 총점":47.9275,
            "매매실거래년":20220120.0,
            "매매실거래가":6000.0,
            "전세실거래년":20220119.0,
            "전세실거래가":6800.0,
            "전세가율":113.33,
            "장기전세가율평균":77.07,
            "전세가율거품지수":-36.26,
            "검색코드":16984,
            "세대수":495.0,
            "준공년월":"2002-12-06",
            "준공년차":21.0,
            "가까운역이름":"NA",
            "가까운역거리":"NA",
            "역세권여부":"NA",
            "30분이내주요거점역":"NA",
            "30분거점역이름":"NA",
            "1시간이내주요거점역":"NA",
            "1시간거점역이름":"NA",
            "3km이내백화점수":0,
            "5km이내아울렛몰수":1,
            "1km이내대형먀트수":0,
            "500m이내은행수":4,
            "500m이내병원수":30,
            "5km이내대형병원수":2,
            "500m이내공원수":6,
            "3km이내혐오시설수":0,
            "초등학교학업성취도":89.99,
            "중학교학업성취도":79.3,
            "용적률":200,
            "건폐율":21,
            "Y":35.96157,
            "X":126.69634,
            "rank":29.0,
            "area_info":"19평(63.69)",
            "last_sales":"2022-01-20,6000.0,19평(63.69)",
            "rank_history":[
                [
                    "202202",
                    29
                ],
                [
                    "202201",
                    34
                ]
            ],
            "rank_gap":5
        },
        {
            "index":401,
            "아파트명":"힐스테이트은파",
            "투자타입":"일반",
            "전용면적(m2)":"110.89",
            "전용면적(평)":"33평",
            "법정동주소":"전라북도 군산시 옥산면 당북리 1046",
            "도로명주소":"전라북도 군산시 월명로 45",
            "세대수":50,
            "입주년차":80,
            "용적률점수":"--",
            "건폐율점수":"--",
            "세대당주차수":30,
            "난방방식":30,
            "공급면적":"--",
            "전용률":"--",
            "욕실수":100,
            "현관타입":100,
            "주거총점":61.0,
            "지역구공급총점":0.0,
            "역세권":"NA",
            "30분내 이동가능 거점":"NA",
            "1시간내 이동가능 거점":"NA",
            "교통총점":"NA",
            "백화점":0,
            "아울렛몰":80,
            "대형마트":0,
            "은행":0,
            "병원":0,
            "종합병원":100,
            "공원":80,
            "혐오시설":0,
            "인프라총점":30.4,
            "초등학군":90.04,
            "중학군":48.14,
            "학군총점":56.52,
            "인구수":27.88,
            "인구증감":-2.14,
            "인구총점":18.874,
            "일자리":15.62,
            "소득수준":57.1,
            "일자리총점":28.064,
            "가치 총점":47.64,
            "매매실거래년":20211221.0,
            "매매실거래가":31000.0,
            "전세실거래년":20220126.0,
            "전세실거래가":19000.0,
            "전세가율":61.29,
            "장기전세가율평균":77.07,
            "전세가율거품지수":15.78,
            "검색코드":111365,
            "세대수":449.0,
            "준공년월":"2015-09-01",
            "준공년차":8.0,
            "가까운역이름":"NA",
            "가까운역거리":"NA",
            "역세권여부":"NA",
            "30분이내주요거점역":"NA",
            "30분거점역이름":"NA",
            "1시간이내주요거점역":"NA",
            "1시간거점역이름":"NA",
            "3km이내백화점수":0,
            "5km이내아울렛몰수":1,
            "1km이내대형먀트수":0,
            "500m이내은행수":0,
            "500m이내병원수":0,
            "5km이내대형병원수":2,
            "500m이내공원수":1,
            "3km이내혐오시설수":0,
            "초등학교학업성취도":90.04,
            "중학교학업성취도":79.3,
            "용적률":242,
            "건폐율":16,
            "Y":35.947289,
            "X":126.714437,
            "rank":30.0,
            "area_info":"33평(110.89)",
            "last_sales":"2021-12-21,31000.0,33평(110.89)",
            "rank_history":[
                [
                    "202202",
                    30
                ],
                [
                    "202201",
                    32
                ]
            ],
            "rank_gap":2
        },
        {
            "index":398,
            "아파트명":"군산대광로제비앙",
            "투자타입":"일반",
            "전용면적(m2)":"109.77",
            "전용면적(평)":"33평",
            "법정동주소":"전라북도 군산시 옥산면 당북리 1048",
            "도로명주소":"전라북도 군산시 월명로 55",
            "세대수":50,
            "입주년차":80,
            "용적률점수":"--",
            "건폐율점수":"--",
            "세대당주차수":30,
            "난방방식":30,
            "공급면적":"--",
            "전용률":"--",
            "욕실수":100,
            "현관타입":100,
            "주거총점":61.0,
            "지역구공급총점":0.0,
            "역세권":"NA",
            "30분내 이동가능 거점":"NA",
            "1시간내 이동가능 거점":"NA",
            "교통총점":"NA",
            "백화점":0,
            "아울렛몰":80,
            "대형마트":0,
            "은행":0,
            "병원":0,
            "종합병원":100,
            "공원":80,
            "혐오시설":0,
            "인프라총점":30.4,
            "초등학군":90.04,
            "중학군":48.14,
            "학군총점":56.52,
            "인구수":27.88,
            "인구증감":-2.14,
            "인구총점":18.874,
            "일자리":15.62,
            "소득수준":57.1,
            "일자리총점":28.064,
            "가치 총점":47.64,
            "매매실거래년":20210901.0,
            "매매실거래가":30000.0,
            "전세실거래년":20220124.0,
            "전세실거래가":21000.0,
            "전세가율":70.0,
            "장기전세가율평균":77.07,
            "전세가율거품지수":7.07,
            "검색코드":110515,
            "세대수":469.0,
            "준공년월":"2017-12-01",
            "준공년차":6.0,
            "가까운역이름":"NA",
            "가까운역거리":"NA",
            "역세권여부":"NA",
            "30분이내주요거점역":"NA",
            "30분거점역이름":"NA",
            "1시간이내주요거점역":"NA",
            "1시간거점역이름":"NA",
            "3km이내백화점수":0,
            "5km이내아울렛몰수":1,
            "1km이내대형먀트수":0,
            "500m이내은행수":0,
            "500m이내병원수":0,
            "5km이내대형병원수":2,
            "500m이내공원수":1,
            "3km이내혐오시설수":0,
            "초등학교학업성취도":90.04,
            "중학교학업성취도":79.3,
            "용적률":249,
            "건폐율":19,
            "Y":35.947698,
            "X":126.714739,
            "rank":30.0,
            "area_info":"33평(109.77), 33평(111.36), 33평(111.55)",
            "last_sales":"2021-09-01,30000.0,33평(109.77)",
            "rank_history":[
                [
                    "202202",
                    30
                ],
                [
                    "202201",
                    32
                ]
            ],
            "rank_gap":2
        },
        {
            "index":488,
            "아파트명":"지곡엠코타운",
            "투자타입":"일반",
            "전용면적(m2)":"82.63",
            "전용면적(평)":"24평",
            "법정동주소":"전라북도 군산시 지곡동 609",
            "도로명주소":"전라북도 군산시 계산로 90",
            "세대수":50,
            "입주년차":80,
            "용적률점수":"--",
            "건폐율점수":"--",
            "세대당주차수":30,
            "난방방식":30,
            "공급면적":"--",
            "전용률":"--",
            "욕실수":100,
            "현관타입":100,
            "주거총점":61.0,
            "지역구공급총점":0.0,
            "역세권":"NA",
            "30분내 이동가능 거점":"NA",
            "1시간내 이동가능 거점":"NA",
            "교통총점":"NA",
            "백화점":0,
            "아울렛몰":80,
            "대형마트":0,
            "은행":0,
            "병원":0,
            "종합병원":100,
            "공원":80,
            "혐오시설":0,
            "인프라총점":30.4,
            "초등학군":90.0,
            "중학군":48.14,
            "학군총점":56.512,
            "인구수":27.88,
            "인구증감":-2.14,
            "인구총점":18.874,
            "일자리":15.62,
            "소득수준":57.1,
            "일자리총점":28.064,
            "가치 총점":47.638,
            "매매실거래년":20211119.0,
            "매매실거래가":23300.0,
            "전세실거래년":20220113.0,
            "전세실거래가":19500.0,
            "전세가율":83.69,
            "장기전세가율평균":77.07,
            "전세가율거품지수":-6.62,
            "검색코드":109796,
            "세대수":502.0,
            "준공년월":"2015-02-17",
            "준공년차":8.0,
            "가까운역이름":"NA",
            "가까운역거리":"NA",
            "역세권여부":"NA",
            "30분이내주요거점역":"NA",
            "30분거점역이름":"NA",
            "1시간이내주요거점역":"NA",
            "1시간거점역이름":"NA",
            "3km이내백화점수":0,
            "5km이내아울렛몰수":1,
            "1km이내대형먀트수":0,
            "500m이내은행수":0,
            "500m이내병원수":0,
            "5km이내대형병원수":2,
            "500m이내공원수":1,
            "3km이내혐오시설수":0,
            "초등학교학업성취도":90.0,
            "중학교학업성취도":79.3,
            "용적률":249,
            "건폐율":21,
            "Y":35.951074,
            "X":126.71434,
            "rank":31.0,
            "area_info":"24평(82.63), 32평(108.45), 32평(108.41), 32평(108.75)",
            "last_sales":"2021-11-19,23300.0,24평(82.63)",
            "rank_history":[
                [
                    "202202",
                    31
                ],
                [
                    "202201",
                    31
                ]
            ],
            "rank_gap":0
        },
        {
            "index":0,
            "아파트명":"경암부향하나로",
            "투자타입":"일반",
            "전용면적(m2)":"54.95",
            "전용면적(평)":"16평",
            "법정동주소":"전라북도 군산시 경암동 540-8",
            "도로명주소":"전라북도 군산시 경촌1길 56",
            "세대수":80,
            "입주년차":0,
            "용적률점수":"--",
            "건폐율점수":"--",
            "세대당주차수":0,
            "난방방식":30,
            "공급면적":"--",
            "전용률":"--",
            "욕실수":50,
            "현관타입":100,
            "주거총점":46.0,
            "지역구공급총점":0.0,
            "역세권":"NA",
            "30분내 이동가능 거점":"NA",
            "1시간내 이동가능 거점":"NA",
            "교통총점":"NA",
            "백화점":0,
            "아울렛몰":80,
            "대형마트":80,
            "은행":0,
            "병원":30,
            "종합병원":100,
            "공원":0,
            "혐오시설":0,
            "인프라총점":43.0,
            "초등학군":90.05,
            "중학군":49.0,
            "학군총점":57.21,
            "인구수":27.88,
            "인구증감":-2.14,
            "인구총점":18.874,
            "일자리":15.62,
            "소득수준":57.1,
            "일자리총점":28.064,
            "가치 총점":47.6025,
            "매매실거래년":20211215.0,
            "매매실거래가":4000.0,
            "전세실거래년":20211124.0,
            "전세실거래가":2000.0,
            "전세가율":50.0,
            "장기전세가율평균":77.07,
            "전세가율거품지수":27.07,
            "검색코드":117452,
            "세대수":880.0,
            "준공년월":"1998-09-04",
            "준공년차":25.0,
            "가까운역이름":"NA",
            "가까운역거리":"NA",
            "역세권여부":"NA",
            "30분이내주요거점역":"NA",
            "30분거점역이름":"NA",
            "1시간이내주요거점역":"NA",
            "1시간거점역이름":"NA",
            "3km이내백화점수":0,
            "5km이내아울렛몰수":1,
            "1km이내대형먀트수":1,
            "500m이내은행수":0,
            "500m이내병원수":8,
            "5km이내대형병원수":2,
            "500m이내공원수":0,
            "3km이내혐오시설수":0,
            "초등학교학업성취도":90.05,
            "중학교학업성취도":79.8,
            "용적률":317,
            "건폐율":29,
            "Y":35.980892,
            "X":126.734326,
            "rank":32.0,
            "area_info":"16평(54.95)",
            "last_sales":"2021-12-15,4000.0,16평(54.95)",
            "rank_history":[
                [
                    "202202",
                    32
                ],
                [
                    "202201",
                    28
                ]
            ],
            "rank_gap":-4
        },
        {
            "index":275,
            "아파트명":"하나리움시티",
            "투자타입":"일반",
            "전용면적(m2)":"86.94",
            "전용면적(평)":"26평",
            "법정동주소":"전라북도 군산시 산북동 3644",
            "도로명주소":"전라북도 군산시 칠성7길 56",
            "세대수":90,
            "입주년차":80,
            "용적률점수":"--",
            "건폐율점수":"--",
            "세대당주차수":30,
            "난방방식":30,
            "공급면적":"--",
            "전용률":"--",
            "욕실수":100,
            "현관타입":100,
            "주거총점":75.0,
            "지역구공급총점":0.0,
            "역세권":"NA",
            "30분내 이동가능 거점":"NA",
            "1시간내 이동가능 거점":"NA",
            "교통총점":"NA",
            "백화점":0,
            "아울렛몰":0,
            "대형마트":0,
            "은행":0,
            "병원":30,
            "종합병원":80,
            "공원":100,
            "혐오시설":0,
            "인프라총점":22.0,
            "초등학군":89.99,
            "중학군":39.96,
            "학군총점":49.966,
            "인구수":27.88,
            "인구증감":-2.14,
            "인구총점":18.874,
            "일자리":15.62,
            "소득수준":57.1,
            "일자리총점":28.064,
            "가치 총점":47.5415,
            "매매실거래년":20180601.0,
            "매매실거래가":14741.0,
            "전세실거래년":20220126.0,
            "전세실거래가":9500.0,
            "전세가율":64.45,
            "장기전세가율평균":77.07,
            "전세가율거품지수":12.62,
            "검색코드":146017,
            "세대수":952.0,
            "준공년월":"2014-02-26",
            "준공년차":9.0,
            "가까운역이름":"NA",
            "가까운역거리":"NA",
            "역세권여부":"NA",
            "30분이내주요거점역":"NA",
            "30분거점역이름":"NA",
            "1시간이내주요거점역":"NA",
            "1시간거점역이름":"NA",
            "3km이내백화점수":0,
            "5km이내아울렛몰수":0,
            "1km이내대형먀트수":0,
            "500m이내은행수":0,
            "500m이내병원수":6,
            "5km이내대형병원수":1,
            "500m이내공원수":4,
            "3km이내혐오시설수":0,
            "초등학교학업성취도":89.99,
            "중학교학업성취도":64.8,
            "용적률":173,
            "건폐율":18,
            "Y":35.965789,
            "X":126.680497,
            "rank":33.0,
            "area_info":"26평(86.94), 26평(88.71)",
            "last_sales":"2018-06-01,14741.0,26평(86.94)",
            "rank_history":[
                [
                    "202202",
                    0
                ],
                [
                    "202201",
                    9999
                ]
            ],
            "rank_gap":9999
        },
        {
            "index":461,
            "아파트명":"타워써미트",
            "투자타입":"일반",
            "전용면적(m2)":"79.08",
            "전용면적(평)":"23평",
            "법정동주소":"전라북도 군산시 조촌동 3931",
            "도로명주소":"전라북도 군산시 공단대로 54",
            "세대수":80,
            "입주년차":60,
            "용적률점수":"--",
            "건폐율점수":"--",
            "세대당주차수":30,
            "난방방식":30,
            "공급면적":"--",
            "전용률":"--",
            "욕실수":50,
            "현관타입":100,
            "주거총점":62.5,
            "지역구공급총점":0.0,
            "역세권":"NA",
            "30분내 이동가능 거점":"NA",
            "1시간내 이동가능 거점":"NA",
            "교통총점":"NA",
            "백화점":0,
            "아울렛몰":80,
            "대형마트":0,
            "은행":0,
            "병원":0,
            "종합병원":100,
            "공원":100,
            "혐오시설":0,
            "인프라총점":31.0,
            "초등학군":90.0,
            "중학군":43.46,
            "학군총점":52.768,
            "인구수":27.88,
            "인구증감":-2.14,
            "인구총점":18.874,
            "일자리":15.62,
            "소득수준":57.1,
            "일자리총점":28.064,
            "가치 총점":47.467,
            "매매실거래년":20220103.0,
            "매매실거래가":22000.0,
            "전세실거래년":20211206.0,
            "전세실거래가":14000.0,
            "전세가율":70.0,
            "장기전세가율평균":77.07,
            "전세가율거품지수":7.07,
            "검색코드":126738,
            "세대수":770.0,
            "준공년월":"2012-06-29",
            "준공년차":11.0,
            "가까운역이름":"NA",
            "가까운역거리":"NA",
            "역세권여부":"NA",
            "30분이내주요거점역":"NA",
            "30분거점역이름":"NA",
            "1시간이내주요거점역":"NA",
            "1시간거점역이름":"NA",
            "3km이내백화점수":0,
            "5km이내아울렛몰수":1,
            "1km이내대형먀트수":0,
            "500m이내은행수":0,
            "500m이내병원수":0,
            "5km이내대형병원수":2,
            "500m이내공원수":7,
            "3km이내혐오시설수":0,
            "초등학교학업성취도":90.0,
            "중학교학업성취도":71.9,
            "용적률":244,
            "건폐율":15,
            "Y":35.961128,
            "X":126.736832,
            "rank":34.0,
            "area_info":"23평(79.08), 33평(112.09), 33평(112.02), 33평(112.13)",
            "last_sales":"2022-01-03,22000.0,33평(112.02)",
            "rank_history":[
                [
                    "202202",
                    34
                ],
                [
                    "202201",
                    33
                ]
            ],
            "rank_gap":-1
        },
        {
            "index":385,
            "아파트명":"현대",
            "투자타입":"일반",
            "전용면적(m2)":"78.25",
            "전용면적(평)":"23평",
            "법정동주소":"전라북도 군산시 수송동 69-2",
            "도로명주소":"전라북도 군산시 진포1길 10",
            "세대수":50,
            "입주년차":0,
            "용적률점수":"--",
            "건폐율점수":"--",
            "세대당주차수":0,
            "난방방식":30,
            "공급면적":"--",
            "전용률":"--",
            "욕실수":50,
            "현관타입":100,
            "주거총점":35.5,
            "지역구공급총점":0.0,
            "역세권":"NA",
            "30분내 이동가능 거점":"NA",
            "1시간내 이동가능 거점":"NA",
            "교통총점":"NA",
            "백화점":0,
            "아울렛몰":80,
            "대형마트":80,
            "은행":20,
            "병원":80,
            "종합병원":100,
            "공원":0,
            "혐오시설":0,
            "인프라총점":50.0,
            "초등학군":90.0,
            "중학군":49.0,
            "학군총점":57.2,
            "인구수":27.88,
            "인구증감":-2.14,
            "인구총점":18.874,
            "일자리":15.62,
            "소득수준":57.1,
            "일자리총점":28.064,
            "가치 총점":46.725,
            "매매실거래년":20220122.0,
            "매매실거래가":14350.0,
            "전세실거래년":20220124.0,
            "전세실거래가":13000.0,
            "전세가율":90.59,
            "장기전세가율평균":77.07,
            "전세가율거품지수":-13.52,
            "검색코드":5059,
            "세대수":657.0,
            "준공년월":"1997-06-24",
            "준공년차":26.0,
            "가까운역이름":"NA",
            "가까운역거리":"NA",
            "역세권여부":"NA",
            "30분이내주요거점역":"NA",
            "30분거점역이름":"NA",
            "1시간이내주요거점역":"NA",
            "1시간거점역이름":"NA",
            "3km이내백화점수":0,
            "5km이내아울렛몰수":1,
            "1km이내대형먀트수":1,
            "500m이내은행수":2,
            "500m이내병원수":34,
            "5km이내대형병원수":2,
            "500m이내공원수":0,
            "3km이내혐오시설수":0,
            "초등학교학업성취도":90.0,
            "중학교학업성취도":79.8,
            "용적률":230,
            "건폐율":19,
            "Y":35.970673,
            "X":126.717482,
            "rank":35.0,
            "area_info":"23평(78.25), 29평(96.41), 31평(105.16)",
            "last_sales":"2022-01-22,14350.0,23평(78.25)",
            "rank_history":[
                [
                    "202202",
                    35
                ],
                [
                    "202201",
                    42
                ]
            ],
            "rank_gap":7
        },
        {
            "index":131,
            "아파트명":"현대4차",
            "투자타입":"일반",
            "전용면적(m2)":"74.77",
            "전용면적(평)":"22평",
            "법정동주소":"전라북도 군산시 나운동 109-6",
            "도로명주소":"전라북도 군산시 나운안1길 24",
            "세대수":50,
            "입주년차":0,
            "용적률점수":"--",
            "건폐율점수":"--",
            "세대당주차수":0,
            "난방방식":80,
            "공급면적":"--",
            "전용률":"--",
            "욕실수":50,
            "현관타입":100,
            "주거총점":40.5,
            "지역구공급총점":0.0,
            "역세권":"NA",
            "30분내 이동가능 거점":"NA",
            "1시간내 이동가능 거점":"NA",
            "교통총점":"NA",
            "백화점":0,
            "아울렛몰":80,
            "대형마트":0,
            "은행":70,
            "병원":80,
            "종합병원":100,
            "공원":100,
            "혐오시설":0,
            "인프라총점":46.0,
            "초등학군":90.0,
            "중학군":48.14,
            "학군총점":56.512,
            "인구수":27.88,
            "인구증감":-2.14,
            "인구총점":18.874,
            "일자리":15.62,
            "소득수준":57.1,
            "일자리총점":28.064,
            "가치 총점":46.703,
            "매매실거래년":20211201.0,
            "매매실거래가":19250.0,
            "전세실거래년":20220110.0,
            "전세실거래가":12000.0,
            "전세가율":90.23,
            "장기전세가율평균":77.07,
            "전세가율거품지수":-13.16,
            "검색코드":14966,
            "세대수":636.0,
            "준공년월":"1998-09-01",
            "준공년차":25.0,
            "가까운역이름":"NA",
            "가까운역거리":"NA",
            "역세권여부":"NA",
            "30분이내주요거점역":"NA",
            "30분거점역이름":"NA",
            "1시간이내주요거점역":"NA",
            "1시간거점역이름":"NA",
            "3km이내백화점수":0,
            "5km이내아울렛몰수":1,
            "1km이내대형먀트수":0,
            "500m이내은행수":3,
            "500m이내병원수":35,
            "5km이내대형병원수":2,
            "500m이내공원수":2,
            "3km이내혐오시설수":0,
            "초등학교학업성취도":90.0,
            "중학교학업성취도":79.3,
            "용적률":217,
            "건폐율":17,
            "Y":35.96285,
            "X":126.70343,
            "rank":36.0,
            "area_info":"22평(74.77), 28평(93.71), 32평(105.9), 37평(124.56), 44평(147.34)",
            "last_sales":"2021-12-01,19250.0,32평(105.9)",
            "rank_history":[
                [
                    "202202",
                    36
                ],
                [
                    "202201",
                    39
                ]
            ],
            "rank_gap":3
        },
        {
            "index":74,
            "아파트명":"롯데3차",
            "투자타입":"일반",
            "전용면적(m2)":"90.55",
            "전용면적(평)":"27평",
            "법정동주소":"전라북도 군산시 나운동 100-11",
            "도로명주소":"전라북도 군산시 하나운로 48",
            "세대수":50,
            "입주년차":0,
            "용적률점수":"--",
            "건폐율점수":"--",
            "세대당주차수":0,
            "난방방식":80,
            "공급면적":"--",
            "전용률":"--",
            "욕실수":50,
            "현관타입":100,
            "주거총점":40.5,
            "지역구공급총점":0.0,
            "역세권":"NA",
            "30분내 이동가능 거점":"NA",
            "1시간내 이동가능 거점":"NA",
            "교통총점":"NA",
            "백화점":0,
            "아울렛몰":80,
            "대형마트":0,
            "은행":70,
            "병원":80,
            "종합병원":100,
            "공원":100,
            "혐오시설":0,
            "인프라총점":46.0,
            "초등학군":89.99,
            "중학군":48.14,
            "학군총점":56.51,
            "인구수":27.88,
            "인구증감":-2.14,
            "인구총점":18.874,
            "일자리":15.62,
            "소득수준":57.1,
            "일자리총점":28.064,
            "가치 총점":46.7025,
            "매매실거래년":20211218.0,
            "매매실거래가":13000.0,
            "전세실거래년":20220107.0,
            "전세실거래가":11000.0,
            "전세가율":84.62,
            "장기전세가율평균":77.07,
            "전세가율거품지수":-7.55,
            "검색코드":4984,
            "세대수":572.0,
            "준공년월":"1994-06-09",
            "준공년차":29.0,
            "가까운역이름":"NA",
            "가까운역거리":"NA",
            "역세권여부":"NA",
            "30분이내주요거점역":"NA",
            "30분거점역이름":"NA",
            "1시간이내주요거점역":"NA",
            "1시간거점역이름":"NA",
            "3km이내백화점수":0,
            "5km이내아울렛몰수":1,
            "1km이내대형먀트수":0,
            "500m이내은행수":3,
            "500m이내병원수":38,
            "5km이내대형병원수":2,
            "500m이내공원수":4,
            "3km이내혐오시설수":0,
            "초등학교학업성취도":89.99,
            "중학교학업성취도":79.3,
            "용적률":200,
            "건폐율":17,
            "Y":35.96304,
            "X":126.701553,
            "rank":37.0,
            "area_info":"27평(90.55), 31평(104.46), 46평(153.42)",
            "last_sales":"2021-12-18,13000.0,27평(90.55)",
            "rank_history":[
                [
                    "202202",
                    37
                ],
                [
                    "202201",
                    37
                ]
            ],
            "rank_gap":0
        },
        {
            "index":38,
            "아파트명":"나운보람더하임",
            "투자타입":"일반",
            "전용면적(m2)":"77.97",
            "전용면적(평)":"23평",
            "법정동주소":"전라북도 군산시 나운동 1556",
            "도로명주소":"전라북도 군산시 하신3길 7",
            "세대수":50,
            "입주년차":60,
            "용적률점수":"--",
            "건폐율점수":"--",
            "세대당주차수":0,
            "난방방식":30,
            "공급면적":"--",
            "전용률":"--",
            "욕실수":100,
            "현관타입":100,
            "주거총점":52.5,
            "지역구공급총점":0.0,
            "역세권":"NA",
            "30분내 이동가능 거점":"NA",
            "1시간내 이동가능 거점":"NA",
            "교통총점":"NA",
            "백화점":0,
            "아울렛몰":80,
            "대형마트":0,
            "은행":0,
            "병원":60,
            "종합병원":100,
            "공원":100,
            "혐오시설":0,
            "인프라총점":37.0,
            "초등학군":90.01,
            "중학군":45.12,
            "학군총점":54.098,
            "인구수":27.88,
            "인구증감":-2.14,
            "인구총점":18.874,
            "일자리":15.62,
            "소득수준":57.1,
            "일자리총점":28.064,
            "가치 총점":46.6995,
            "매매실거래년":20220124.0,
            "매매실거래가":13200.0,
            "전세실거래년":20211120.0,
            "전세실거래가":11000.0,
            "전세가율":83.33,
            "장기전세가율평균":77.07,
            "전세가율거품지수":-6.26,
            "검색코드":101461,
            "세대수":437.0,
            "준공년월":"2010-03-17",
            "준공년차":13.0,
            "가까운역이름":"NA",
            "가까운역거리":"NA",
            "역세권여부":"NA",
            "30분이내주요거점역":"NA",
            "30분거점역이름":"NA",
            "1시간이내주요거점역":"NA",
            "1시간거점역이름":"NA",
            "3km이내백화점수":0,
            "5km이내아울렛몰수":1,
            "1km이내대형먀트수":0,
            "500m이내은행수":1,
            "500m이내병원수":23,
            "5km이내대형병원수":2,
            "500m이내공원수":5,
            "3km이내혐오시설수":0,
            "초등학교학업성취도":90.01,
            "중학교학업성취도":74.0,
            "용적률":236,
            "건폐율":23,
            "Y":35.971226,
            "X":126.700122,
            "rank":38.0,
            "area_info":"23평(77.97), 33평(110.64), 33평(110.65), 33평(110.49), 46평(152.68)",
            "last_sales":"2022-01-24,13200.0,23평(77.97)",
            "rank_history":[
                [
                    "202202",
                    38
                ],
                [
                    "202201",
                    35
                ]
            ],
            "rank_gap":-3
        },
        {
            "index":478,
            "아파트명":"은파코아루",
            "투자타입":"일반",
            "전용면적(m2)":"119.73",
            "전용면적(평)":"36평",
            "법정동주소":"전라북도 군산시 지곡동 158-1",
            "도로명주소":"전라북도 군산시 동지곡길 53",
            "세대수":50,
            "입주년차":40,
            "용적률점수":"--",
            "건폐율점수":"--",
            "세대당주차수":60,
            "난방방식":30,
            "공급면적":"--",
            "전용률":"--",
            "욕실수":100,
            "현관타입":100,
            "주거총점":57.5,
            "지역구공급총점":0.0,
            "역세권":"NA",
            "30분내 이동가능 거점":"NA",
            "1시간내 이동가능 거점":"NA",
            "교통총점":"NA",
            "백화점":0,
            "아울렛몰":80,
            "대형마트":0,
            "은행":0,
            "병원":0,
            "종합병원":100,
            "공원":100,
            "혐오시설":0,
            "인프라총점":31.0,
            "초등학군":90.0,
            "중학군":48.14,
            "학군총점":56.512,
            "인구수":27.88,
            "인구증감":-2.14,
            "인구총점":18.874,
            "일자리":15.62,
            "소득수준":57.1,
            "일자리총점":28.064,
            "가치 총점":46.653,
            "매매실거래년":20211209.0,
            "매매실거래가":48000.0,
            "전세실거래년":20210619.0,
            "전세실거래가":22500.0,
            "전세가율":77.32,
            "장기전세가율평균":77.07,
            "전세가율거품지수":-0.25,
            "검색코드":26913,
            "세대수":532.0,
            "준공년월":"2006-12-13",
            "준공년차":17.0,
            "가까운역이름":"NA",
            "가까운역거리":"NA",
            "역세권여부":"NA",
            "30분이내주요거점역":"NA",
            "30분거점역이름":"NA",
            "1시간이내주요거점역":"NA",
            "1시간거점역이름":"NA",
            "3km이내백화점수":0,
            "5km이내아울렛몰수":1,
            "1km이내대형먀트수":0,
            "500m이내은행수":0,
            "500m이내병원수":1,
            "5km이내대형병원수":2,
            "500m이내공원수":3,
            "3km이내혐오시설수":0,
            "초등학교학업성취도":90.0,
            "중학교학업성취도":79.3,
            "용적률":233,
            "건폐율":20,
            "Y":35.954971,
            "X":126.70797,
            "rank":39.0,
            "area_info":"36평(119.73), 47평(155.55), 55평(183.23), 64평(214.04)",
            "last_sales":"2021-12-09,48000.0,55평(183.23)",
            "rank_history":[
                [
                    "202202",
                    39
                ],
                [
                    "202201",
                    36
                ]
            ],
            "rank_gap":-3
        },
        {
            "index":234,
            "아파트명":"미장코아루",
            "투자타입":"일반",
            "전용면적(m2)":"160.84",
            "전용면적(평)":"48평",
            "법정동주소":"전라북도 군산시 미장동 55-5",
            "도로명주소":"전라북도 군산시 미장안길 42",
            "세대수":30,
            "입주년차":40,
            "용적률점수":"--",
            "건폐율점수":"--",
            "세대당주차수":80,
            "난방방식":30,
            "공급면적":"--",
            "전용률":"--",
            "욕실수":100,
            "현관타입":100,
            "주거총점":53.5,
            "지역구공급총점":0.0,
            "역세권":"NA",
            "30분내 이동가능 거점":"NA",
            "1시간내 이동가능 거점":"NA",
            "교통총점":"NA",
            "백화점":0,
            "아울렛몰":80,
            "대형마트":0,
            "은행":0,
            "병원":30,
            "종합병원":100,
            "공원":100,
            "혐오시설":0,
            "인프라총점":34.0,
            "초등학군":90.0,
            "중학군":49.0,
            "학군총점":57.2,
            "인구수":27.88,
            "인구증감":-2.14,
            "인구총점":18.874,
            "일자리":15.62,
            "소득수준":57.1,
            "일자리총점":28.064,
            "가치 총점":46.625,
            "매매실거래년":20211130.0,
            "매매실거래가":40000.0,
            "전세실거래년":20210511.0,
            "전세실거래가":20000.0,
            "전세가율":56.34,
            "장기전세가율평균":77.07,
            "전세가율거품지수":20.73,
            "검색코드":27793,
            "세대수":354.0,
            "준공년월":"2007-06-29",
            "준공년차":16.0,
            "가까운역이름":"NA",
            "가까운역거리":"NA",
            "역세권여부":"NA",
            "30분이내주요거점역":"NA",
            "30분거점역이름":"NA",
            "1시간이내주요거점역":"NA",
            "1시간거점역이름":"NA",
            "3km이내백화점수":0,
            "5km이내아울렛몰수":1,
            "1km이내대형먀트수":0,
            "500m이내은행수":0,
            "500m이내병원수":7,
            "5km이내대형병원수":2,
            "500m이내공원수":10,
            "3km이내혐오시설수":0,
            "초등학교학업성취도":90.0,
            "중학교학업성취도":79.8,
            "용적률":214,
            "건폐율":18,
            "Y":35.967966,
            "X":126.728158,
            "rank":40.0,
            "area_info":"48평(160.84), 56평(185.67), 65평(215.75)",
            "last_sales":"2021-11-30,40000.0,56평(185.67)",
            "rank_history":[
                [
                    "202202",
                    40
                ],
                [
                    "202201",
                    41
                ]
            ],
            "rank_gap":1
        },
        {
            "index":47,
            "아파트명":"나운현대2차",
            "투자타입":"일반",
            "전용면적(m2)":"74.21",
            "전용면적(평)":"22평",
            "법정동주소":"전라북도 군산시 나운동 527",
            "도로명주소":"전라북도 군산시 나운로 39",
            "세대수":80,
            "입주년차":0,
            "용적률점수":"--",
            "건폐율점수":"--",
            "세대당주차수":0,
            "난방방식":30,
            "공급면적":"--",
            "전용률":"--",
            "욕실수":50,
            "현관타입":100,
            "주거총점":46.0,
            "지역구공급총점":0.0,
            "역세권":"NA",
            "30분내 이동가능 거점":"NA",
            "1시간내 이동가능 거점":"NA",
            "교통총점":"NA",
            "백화점":0,
            "아울렛몰":80,
            "대형마트":0,
            "은행":20,
            "병원":80,
            "종합병원":100,
            "공원":100,
            "혐오시설":0,
            "인프라총점":41.0,
            "초등학군":90.0,
            "중학군":45.12,
            "학군총점":54.096,
            "인구수":27.88,
            "인구증감":-2.14,
            "인구총점":18.874,
            "일자리":15.62,
            "소득수준":57.1,
            "일자리총점":28.064,
            "가치 총점":46.024,
            "매매실거래년":20220105.0,
            "매매실거래가":13800.0,
            "전세실거래년":20211126.0,
            "전세실거래가":9000.0,
            "전세가율":103.45,
            "장기전세가율평균":77.07,
            "전세가율거품지수":-26.38,
            "검색코드":102461,
            "세대수":899.0,
            "준공년월":"1993-10-27",
            "준공년차":30.0,
            "가까운역이름":"NA",
            "가까운역거리":"NA",
            "역세권여부":"NA",
            "30분이내주요거점역":"NA",
            "30분거점역이름":"NA",
            "1시간이내주요거점역":"NA",
            "1시간거점역이름":"NA",
            "3km이내백화점수":0,
            "5km이내아울렛몰수":1,
            "1km이내대형먀트수":0,
            "500m이내은행수":2,
            "500m이내병원수":41,
            "5km이내대형병원수":2,
            "500m이내공원수":3,
            "3km이내혐오시설수":0,
            "초등학교학업성취도":90.0,
            "중학교학업성취도":74.0,
            "용적률":222,
            "건폐율":19,
            "Y":35.968916,
            "X":126.703242,
            "rank":41.0,
            "area_info":"22평(74.21), 28평(94.05), 32평(105.87), 50평(168.14)",
            "last_sales":"2022-01-05,13800.0,32평(105.87)",
            "rank_history":[
                [
                    "202202",
                    41
                ],
                [
                    "202201",
                    38
                ]
            ],
            "rank_gap":-3
        },
        {
            "index":120,
            "아파트명":"한울",
            "투자타입":"일반",
            "전용면적(m2)":"76.11",
            "전용면적(평)":"23평",
            "법정동주소":"전라북도 군산시 나운동 155-1",
            "도로명주소":"전라북도 군산시 하나운로 20",
            "세대수":80,
            "입주년차":0,
            "용적률점수":"--",
            "건폐율점수":"--",
            "세대당주차수":0,
            "난방방식":30,
            "공급면적":"--",
            "전용률":"--",
            "욕실수":50,
            "현관타입":100,
            "주거총점":46.0,
            "지역구공급총점":0.0,
            "역세권":"NA",
            "30분내 이동가능 거점":"NA",
            "1시간내 이동가능 거점":"NA",
            "교통총점":"NA",
            "백화점":0,
            "아울렛몰":80,
            "대형마트":0,
            "은행":20,
            "병원":60,
            "종합병원":100,
            "공원":100,
            "혐오시설":0,
            "인프라총점":39.0,
            "초등학군":89.99,
            "중학군":48.14,
            "학군총점":56.51,
            "인구수":27.88,
            "인구증감":-2.14,
            "인구총점":18.874,
            "일자리":15.62,
            "소득수준":57.1,
            "일자리총점":28.064,
            "가치 총점":45.8275,
            "매매실거래년":20220111.0,
            "매매실거래가":8000.0,
            "전세실거래년":20220119.0,
            "전세실거래가":9000.0,
            "전세가율":86.54,
            "장기전세가율평균":77.07,
            "전세가율거품지수":-9.47,
            "검색코드":14963,
            "세대수":840.0,
            "준공년월":"1996-07-25",
            "준공년차":27.0,
            "가까운역이름":"NA",
            "가까운역거리":"NA",
            "역세권여부":"NA",
            "30분이내주요거점역":"NA",
            "30분거점역이름":"NA",
            "1시간이내주요거점역":"NA",
            "1시간거점역이름":"NA",
            "3km이내백화점수":0,
            "5km이내아울렛몰수":1,
            "1km이내대형먀트수":0,
            "500m이내은행수":2,
            "500m이내병원수":27,
            "5km이내대형병원수":2,
            "500m이내공원수":3,
            "3km이내혐오시설수":0,
            "초등학교학업성취도":89.99,
            "중학교학업성취도":79.3,
            "용적률":0,
            "건폐율":0,
            "Y":35.960127,
            "X":126.700559,
            "rank":42.0,
            "area_info":"23평(76.11), 23평(76.85)",
            "last_sales":"2022-01-11,8000.0,23평(76.85)",
            "rank_history":[
                [
                    "202202",
                    42
                ],
                [
                    "202201",
                    40
                ]
            ],
            "rank_gap":-2
        },
        {
            "index":472,
            "아파트명":"서희스타힐스",
            "투자타입":"일반",
            "전용면적(m2)":"76.98",
            "전용면적(평)":"23평",
            "법정동주소":"전라북도 군산시 지곡동 612",
            "도로명주소":"전라북도 군산시 지곡로 52",
            "세대수":30,
            "입주년차":80,
            "용적률점수":"--",
            "건폐율점수":"--",
            "세대당주차수":30,
            "난방방식":30,
            "공급면적":"--",
            "전용률":"--",
            "욕실수":100,
            "현관타입":100,
            "주거총점":54.0,
            "지역구공급총점":0.0,
            "역세권":"NA",
            "30분내 이동가능 거점":"NA",
            "1시간내 이동가능 거점":"NA",
            "교통총점":"NA",
            "백화점":0,
            "아울렛몰":80,
            "대형마트":0,
            "은행":0,
            "병원":0,
            "종합병원":100,
            "공원":100,
            "혐오시설":0,
            "인프라총점":31.0,
            "초등학군":90.0,
            "중학군":48.14,
            "학군총점":56.512,
            "인구수":27.88,
            "인구증감":-2.14,
            "인구총점":18.874,
            "일자리":15.62,
            "소득수준":57.1,
            "일자리총점":28.064,
            "가치 총점":45.428,
            "매매실거래년":20211126.0,
            "매매실거래가":30000.0,
            "전세실거래년":20210727.0,
            "전세실거래가":19000.0,
            "전세가율":87.96,
            "장기전세가율평균":77.07,
            "전세가율거품지수":-10.89,
            "검색코드":112195,
            "세대수":382.0,
            "준공년월":"2015-12-28",
            "준공년차":8.0,
            "가까운역이름":"NA",
            "가까운역거리":"NA",
            "역세권여부":"NA",
            "30분이내주요거점역":"NA",
            "30분거점역이름":"NA",
            "1시간이내주요거점역":"NA",
            "1시간거점역이름":"NA",
            "3km이내백화점수":0,
            "5km이내아울렛몰수":1,
            "1km이내대형먀트수":0,
            "500m이내은행수":0,
            "500m이내병원수":0,
            "5km이내대형병원수":2,
            "500m이내공원수":3,
            "3km이내혐오시설수":0,
            "초등학교학업성취도":90.0,
            "중학교학업성취도":79.3,
            "용적률":246,
            "건폐율":24,
            "Y":35.955111,
            "X":126.710096,
            "rank":43.0,
            "area_info":"23평(76.98), 23평(77.26), 28평(93.8), 32평(107.89), 32평(108.56), 32평(108.15)",
            "last_sales":"2021-11-26,30000.0,32평(107.89)",
            "rank_history":[
                [
                    "202202",
                    43
                ],
                [
                    "202201",
                    43
                ]
            ],
            "rank_gap":0
        },
        {
            "index":471,
            "아파트명":"도현해나지오",
            "투자타입":"일반",
            "전용면적(m2)":"113.61",
            "전용면적(평)":"34평",
            "법정동주소":"전라북도 군산시 지곡동 42-5",
            "도로명주소":"전라북도 군산시 계산로 78",
            "세대수":50,
            "입주년차":40,
            "용적률점수":"--",
            "건폐율점수":"--",
            "세대당주차수":30,
            "난방방식":30,
            "공급면적":"--",
            "전용률":"--",
            "욕실수":100,
            "현관타입":100,
            "주거총점":53.0,
            "지역구공급총점":0.0,
            "역세권":"NA",
            "30분내 이동가능 거점":"NA",
            "1시간내 이동가능 거점":"NA",
            "교통총점":"NA",
            "백화점":0,
            "아울렛몰":80,
            "대형마트":0,
            "은행":0,
            "병원":0,
            "종합병원":100,
            "공원":80,
            "혐오시설":0,
            "인프라총점":30.4,
            "초등학군":90.0,
            "중학군":48.14,
            "학군총점":56.512,
            "인구수":27.88,
            "인구증감":-2.14,
            "인구총점":18.874,
            "일자리":15.62,
            "소득수준":57.1,
            "일자리총점":28.064,
            "가치 총점":44.838,
            "매매실거래년":20220115.0,
            "매매실거래가":19000.0,
            "전세실거래년":20220128.0,
            "전세실거래가":17000.0,
            "전세가율":89.47,
            "장기전세가율평균":77.07,
            "전세가율거품지수":-12.4,
            "검색코드":26767,
            "세대수":472.0,
            "준공년월":"2004-03-09",
            "준공년차":19.0,
            "가까운역이름":"NA",
            "가까운역거리":"NA",
            "역세권여부":"NA",
            "30분이내주요거점역":"NA",
            "30분거점역이름":"NA",
            "1시간이내주요거점역":"NA",
            "1시간거점역이름":"NA",
            "3km이내백화점수":0,
            "5km이내아울렛몰수":1,
            "1km이내대형먀트수":0,
            "500m이내은행수":0,
            "500m이내병원수":0,
            "5km이내대형병원수":2,
            "500m이내공원수":1,
            "3km이내혐오시설수":0,
            "초등학교학업성취도":90.0,
            "중학교학업성취도":79.3,
            "용적률":229,
            "건폐율":21,
            "Y":35.950833,
            "X":126.712937,
            "rank":44.0,
            "area_info":"34평(113.61)",
            "last_sales":"2022-01-15,19000.0,34평(113.61)",
            "rank_history":[
                [
                    "202202",
                    44
                ],
                [
                    "202201",
                    44
                ]
            ],
            "rank_gap":0
        },
        {
            "index":107,
            "아파트명":"주공3단지",
            "투자타입":"재건축",
            "전용면적(m2)":"47.57",
            "전용면적(평)":"14평",
            "법정동주소":"전라북도 군산시 나운동 835",
            "도로명주소":"전라북도 군산시 하나운안1길 40",
            "세대수":80,
            "입주년차":"--",
            "용적률점수":0,
            "건폐율점수":0,
            "세대당주차수":"--",
            "난방방식":"--",
            "공급면적":50,
            "전용률":100,
            "욕실수":"--",
            "현관타입":"--",
            "주거총점":31.5,
            "지역구공급총점":0.0,
            "역세권":"NA",
            "30분내 이동가능 거점":"NA",
            "1시간내 이동가능 거점":"NA",
            "교통총점":"NA",
            "백화점":0,
            "아울렛몰":80,
            "대형마트":0,
            "은행":100,
            "병원":80,
            "종합병원":100,
            "공원":100,
            "혐오시설":0,
            "인프라총점":49.0,
            "초등학군":90.04,
            "중학군":48.14,
            "학군총점":56.52,
            "인구수":27.88,
            "인구증감":-2.14,
            "인구총점":18.874,
            "일자리":15.62,
            "소득수준":57.1,
            "일자리총점":28.064,
            "가치 총점":44.755,
            "매매실거래년":20220108.0,
            "매매실거래가":19500.0,
            "전세실거래년":20180529.0,
            "전세실거래가":1500.0,
            "전세가율":8.93,
            "장기전세가율평균":77.07,
            "전세가율거품지수":68.14,
            "검색코드":5008,
            "세대수":800.0,
            "준공년월":"1983-12-20",
            "준공년차":40.0,
            "가까운역이름":"NA",
            "가까운역거리":"NA",
            "역세권여부":"NA",
            "30분이내주요거점역":"NA",
            "30분거점역이름":"NA",
            "1시간이내주요거점역":"NA",
            "1시간거점역이름":"NA",
            "3km이내백화점수":0,
            "5km이내아울렛몰수":1,
            "1km이내대형먀트수":0,
            "500m이내은행수":5,
            "500m이내병원수":56,
            "5km이내대형병원수":2,
            "500m이내공원수":7,
            "3km이내혐오시설수":0,
            "초등학교학업성취도":90.04,
            "중학교학업성취도":79.3,
            "용적률":0,
            "건폐율":0,
            "Y":35.965386,
            "X":126.69771,
            "rank":45.0,
            "area_info":"14평(47.57), 16평(53.63), 16평(54.12), 16평(54.77), 16평(54.38), 18평(61.57), 18평(61.57), 18평(62.43), 19평(65.99), 19평(65.2)",
            "last_sales":"2022-01-08,19500.0,19평(65.2)",
            "rank_history":[
                [
                    "202202",
                    45
                ],
                [
                    "202201",
                    47
                ]
            ],
            "rank_gap":2
        },
        {
            "index":176,
            "아파트명":"금광베네스타",
            "투자타입":"일반",
            "전용면적(m2)":"110.25",
            "전용면적(평)":"33평",
            "법정동주소":"전라북도 군산시 미룡동 71",
            "도로명주소":"전라북도 군산시 용둔길 12",
            "세대수":90,
            "입주년차":40,
            "용적률점수":"--",
            "건폐율점수":"--",
            "세대당주차수":60,
            "난방방식":30,
            "공급면적":"--",
            "전용률":"--",
            "욕실수":100,
            "현관타입":50,
            "주거총점":66.5,
            "지역구공급총점":0.0,
            "역세권":"NA",
            "30분내 이동가능 거점":"NA",
            "1시간내 이동가능 거점":"NA",
            "교통총점":"NA",
            "백화점":0,
            "아울렛몰":0,
            "대형마트":0,
            "은행":0,
            "병원":10,
            "종합병원":80,
            "공원":100,
            "혐오시설":0,
            "인프라총점":20.0,
            "초등학군":90.0,
            "중학군":44.16,
            "학군총점":53.328,
            "인구수":27.88,
            "인구증감":-2.14,
            "인구총점":18.874,
            "일자리":15.62,
            "소득수준":57.1,
            "일자리총점":28.064,
            "가치 총점":44.607,
            "매매실거래년":20220126.0,
            "매매실거래가":26100.0,
            "전세실거래년":20210820.0,
            "전세실거래가":15000.0,
            "전세가율":57.47,
            "장기전세가율평균":77.07,
            "전세가율거품지수":19.6,
            "검색코드":27505,
            "세대수":950.0,
            "준공년월":"2008-12-30",
            "준공년차":15.0,
            "가까운역이름":"NA",
            "가까운역거리":"NA",
            "역세권여부":"NA",
            "30분이내주요거점역":"NA",
            "30분거점역이름":"NA",
            "1시간이내주요거점역":"NA",
            "1시간거점역이름":"NA",
            "3km이내백화점수":0,
            "5km이내아울렛몰수":0,
            "1km이내대형먀트수":0,
            "500m이내은행수":0,
            "500m이내병원수":2,
            "5km이내대형병원수":1,
            "500m이내공원수":5,
            "3km이내혐오시설수":0,
            "초등학교학업성취도":90.0,
            "중학교학업성취도":71.4,
            "용적률":249,
            "건폐율":15,
            "Y":35.941502,
            "X":126.692596,
            "rank":46.0,
            "area_info":"33평(110.25), 33평(110.45), 33평(111.67), 44평(146.48), 48평(160.02), 48평(160.02), 53평(176.63), 61평(203.19), 61평(204.86)",
            "last_sales":"2022-01-26,26100.0,33평(110.25)",
            "rank_history":[
                [
                    "202202",
                    46
                ],
                [
                    "202201",
                    45
                ]
            ],
            "rank_gap":-1
        },
        {
            "index":84,
            "아파트명":"삼성(401)",
            "투자타입":"일반",
            "전용면적(m2)":"95.46",
            "전용면적(평)":"28평",
            "법정동주소":"전라북도 군산시 나운동 401",
            "도로명주소":"전라북도 군산시 나운3길 9",
            "세대수":50,
            "입주년차":0,
            "용적률점수":"--",
            "건폐율점수":"--",
            "세대당주차수":30,
            "난방방식":30,
            "공급면적":"--",
            "전용률":"--",
            "욕실수":50,
            "현관타입":100,
            "주거총점":40.0,
            "지역구공급총점":0.0,
            "역세권":"NA",
            "30분내 이동가능 거점":"NA",
            "1시간내 이동가능 거점":"NA",
            "교통총점":"NA",
            "백화점":0,
            "아울렛몰":80,
            "대형마트":0,
            "은행":20,
            "병원":80,
            "종합병원":100,
            "공원":100,
            "혐오시설":0,
            "인프라총점":41.0,
            "초등학군":90.0,
            "중학군":48.14,
            "학군총점":56.512,
            "인구수":27.88,
            "인구증감":-2.14,
            "인구총점":18.874,
            "일자리":15.62,
            "소득수준":57.1,
            "일자리총점":28.064,
            "가치 총점":44.528,
            "매매실거래년":20220114.0,
            "매매실거래가":17500.0,
            "전세실거래년":20210925.0,
            "전세실거래가":12500.0,
            "전세가율":99.21,
            "장기전세가율평균":77.07,
            "전세가율거품지수":-22.14,
            "검색코드":4990,
            "세대수":670.0,
            "준공년월":"1998-05-02",
            "준공년차":25.0,
            "가까운역이름":"NA",
            "가까운역거리":"NA",
            "역세권여부":"NA",
            "30분이내주요거점역":"NA",
            "30분거점역이름":"NA",
            "1시간이내주요거점역":"NA",
            "1시간거점역이름":"NA",
            "3km이내백화점수":0,
            "5km이내아울렛몰수":1,
            "1km이내대형먀트수":0,
            "500m이내은행수":2,
            "500m이내병원수":45,
            "5km이내대형병원수":2,
            "500m이내공원수":4,
            "3km이내혐오시설수":0,
            "초등학교학업성취도":90.0,
            "중학교학업성취도":79.3,
            "용적률":234,
            "건폐율":19,
            "Y":35.965351,
            "X":126.701116,
            "rank":47.0,
            "area_info":"28평(95.46), 32평(107.36), 42평(139.65), 48평(161.19)",
            "last_sales":"2022-01-14,17500.0,32평(107.36)",
            "rank_history":[
                [
                    "202202",
                    47
                ],
                [
                    "202201",
                    46
                ]
            ],
            "rank_gap":-1
        },
        {
            "index":88,
            "아파트명":"서호",
            "투자타입":"일반",
            "전용면적(m2)":"83.76",
            "전용면적(평)":"25평",
            "법정동주소":"전라북도 군산시 나운동 153-12",
            "도로명주소":"전라북도 군산시 의료원로 188",
            "세대수":50,
            "입주년차":0,
            "용적률점수":"--",
            "건폐율점수":"--",
            "세대당주차수":0,
            "난방방식":30,
            "공급면적":"--",
            "전용률":"--",
            "욕실수":50,
            "현관타입":100,
            "주거총점":35.5,
            "지역구공급총점":0.0,
            "역세권":"NA",
            "30분내 이동가능 거점":"NA",
            "1시간내 이동가능 거점":"NA",
            "교통총점":"NA",
            "백화점":0,
            "아울렛몰":80,
            "대형마트":0,
            "은행":70,
            "병원":60,
            "종합병원":100,
            "공원":100,
            "혐오시설":0,
            "인프라총점":44.0,
            "초등학군":89.99,
            "중학군":48.14,
            "학군총점":56.51,
            "인구수":27.88,
            "인구증감":-2.14,
            "인구총점":18.874,
            "일자리":15.62,
            "소득수준":57.1,
            "일자리총점":28.064,
            "가치 총점":44.1525,
            "매매실거래년":20211231.0,
            "매매실거래가":12300.0,
            "전세실거래년":20211204.0,
            "전세실거래가":10000.0,
            "전세가율":81.3,
            "장기전세가율평균":77.07,
            "전세가율거품지수":-4.23,
            "검색코드":4994,
            "세대수":490.0,
            "준공년월":"1995-06-01",
            "준공년차":28.0,
            "가까운역이름":"NA",
            "가까운역거리":"NA",
            "역세권여부":"NA",
            "30분이내주요거점역":"NA",
            "30분거점역이름":"NA",
            "1시간이내주요거점역":"NA",
            "1시간거점역이름":"NA",
            "3km이내백화점수":0,
            "5km이내아울렛몰수":1,
            "1km이내대형먀트수":0,
            "500m이내은행수":4,
            "500m이내병원수":26,
            "5km이내대형병원수":2,
            "500m이내공원수":6,
            "3km이내혐오시설수":0,
            "초등학교학업성취도":89.99,
            "중학교학업성취도":79.3,
            "용적률":0,
            "건폐율":0,
            "Y":35.961037,
            "X":126.697207,
            "rank":48.0,
            "area_info":"25평(83.76), 31평(103.83)",
            "last_sales":"2021-12-31,12300.0,25평(83.76)",
            "rank_history":[
                [
                    "202202",
                    48
                ],
                [
                    "202201",
                    48
                ]
            ],
            "rank_gap":0
        },
        {
            "index":363,
            "아파트명":"스타팰리스(도시형)",
            "투자타입":"일반",
            "전용면적(m2)":"37.18",
            "전용면적(평)":"11평",
            "법정동주소":"전라북도 군산시 수송동 416-6",
            "도로명주소":"전라북도 군산시 진포2길 8",
            "세대수":0,
            "입주년차":80,
            "용적률점수":"--",
            "건폐율점수":"--",
            "세대당주차수":0,
            "난방방식":30,
            "공급면적":"--",
            "전용률":"--",
            "욕실수":50,
            "현관타입":10,
            "주거총점":25.0,
            "지역구공급총점":0.0,
            "역세권":"NA",
            "30분내 이동가능 거점":"NA",
            "1시간내 이동가능 거점":"NA",
            "교통총점":"NA",
            "백화점":0,
            "아울렛몰":80,
            "대형마트":80,
            "은행":20,
            "병원":80,
            "종합병원":100,
            "공원":80,
            "혐오시설":0,
            "인프라총점":52.4,
            "초등학군":90.0,
            "중학군":49.0,
            "학군총점":57.2,
            "인구수":27.88,
            "인구증감":-2.14,
            "인구총점":18.874,
            "일자리":15.62,
            "소득수준":57.1,
            "일자리총점":28.064,
            "가치 총점":44.01,
            "매매실거래년":20220111.0,
            "매매실거래가":13800.0,
            "전세실거래년":null,
            "전세실거래가":null,
            "전세가율":null,
            "장기전세가율평균":77.07,
            "전세가율거품지수":null,
            "검색코드":109957,
            "세대수":283.0,
            "준공년월":"2015-01-30",
            "준공년차":8.0,
            "가까운역이름":"NA",
            "가까운역거리":"NA",
            "역세권여부":"NA",
            "30분이내주요거점역":"NA",
            "30분거점역이름":"NA",
            "1시간이내주요거점역":"NA",
            "1시간거점역이름":"NA",
            "3km이내백화점수":0,
            "5km이내아울렛몰수":1,
            "1km이내대형먀트수":1,
            "500m이내은행수":2,
            "500m이내병원수":31,
            "5km이내대형병원수":2,
            "500m이내공원수":1,
            "3km이내혐오시설수":0,
            "초등학교학업성취도":90.0,
            "중학교학업성취도":79.8,
            "용적률":533,
            "건폐율":75,
            "Y":35.971461,
            "X":126.716139,
            "rank":49.0,
            "area_info":"11평(37.18), 12평(41.84), 14평(48.95), 15평(50.61), 16평(53.06), 16평(54.18), 18평(59.59), 20평(67.05), 20평(69.3), 21평(70.81), 21평(70.18), 21평(70.16), 21평(70.69)",
            "last_sales":"2022-01-11,13800.0,21평(70.16)",
            "rank_history":[
                [
                    "202202",
                    49
                ],
                [
                    "202201",
                    53
                ]
            ],
            "rank_gap":4
        },
        {
            "index":58,
            "아파트명":"동신",
            "투자타입":"일반",
            "전용면적(m2)":"112.4",
            "전용면적(평)":"34평",
            "법정동주소":"전라북도 군산시 나운동 155-10",
            "도로명주소":"전라북도 군산시 백토로 216",
            "세대수":50,
            "입주년차":0,
            "용적률점수":"--",
            "건폐율점수":"--",
            "세대당주차수":0,
            "난방방식":30,
            "공급면적":"--",
            "전용률":"--",
            "욕실수":100,
            "현관타입":100,
            "주거총점":40.5,
            "지역구공급총점":0.0,
            "역세권":"NA",
            "30분내 이동가능 거점":"NA",
            "1시간내 이동가능 거점":"NA",
            "교통총점":"NA",
            "백화점":0,
            "아울렛몰":80,
            "대형마트":0,
            "은행":20,
            "병원":60,
            "종합병원":100,
            "공원":100,
            "혐오시설":0,
            "인프라총점":39.0,
            "초등학군":90.01,
            "중학군":48.14,
            "학군총점":56.514,
            "인구수":27.88,
            "인구증감":-2.14,
            "인구총점":18.874,
            "일자리":15.62,
            "소득수준":57.1,
            "일자리총점":28.064,
            "가치 총점":43.9035,
            "매매실거래년":20211213.0,
            "매매실거래가":16900.0,
            "전세실거래년":20210927.0,
            "전세실거래가":12600.0,
            "전세가율":74.56,
            "장기전세가율평균":77.07,
            "전세가율거품지수":2.51,
            "검색코드":4974,
            "세대수":420.0,
            "준공년월":"1997-12-24",
            "준공년차":26.0,
            "가까운역이름":"NA",
            "가까운역거리":"NA",
            "역세권여부":"NA",
            "30분이내주요거점역":"NA",
            "30분거점역이름":"NA",
            "1시간이내주요거점역":"NA",
            "1시간거점역이름":"NA",
            "3km이내백화점수":0,
            "5km이내아울렛몰수":1,
            "1km이내대형먀트수":0,
            "500m이내은행수":2,
            "500m이내병원수":24,
            "5km이내대형병원수":2,
            "500m이내공원수":3,
            "3km이내혐오시설수":0,
            "초등학교학업성취도":90.01,
            "중학교학업성취도":79.3,
            "용적률":208,
            "건폐율":19,
            "Y":35.960036,
            "X":126.703764,
            "rank":50.0,
            "area_info":"34평(112.4), 41평(136.52)",
            "last_sales":"2021-12-13,16900.0,34평(112.4)",
            "rank_history":[
                [
                    "202202",
                    50
                ],
                [
                    "202201",
                    49
                ]
            ],
            "rank_gap":-1
        },
        {
            "index":246,
            "아파트명":"파인빌1차",
            "투자타입":"일반",
            "전용면적(m2)":"80.09",
            "전용면적(평)":"24평",
            "법정동주소":"전라북도 군산시 미장동 53-1",
            "도로명주소":"전라북도 군산시 문화로 208-8",
            "세대수":50,
            "입주년차":40,
            "용적률점수":"--",
            "건폐율점수":"--",
            "세대당주차수":30,
            "난방방식":30,
            "공급면적":"--",
            "전용률":"--",
            "욕실수":50,
            "현관타입":100,
            "주거총점":48.0,
            "지역구공급총점":0.0,
            "역세권":"NA",
            "30분내 이동가능 거점":"NA",
            "1시간내 이동가능 거점":"NA",
            "교통총점":"NA",
            "백화점":0,
            "아울렛몰":80,
            "대형마트":0,
            "은행":0,
            "병원":10,
            "종합병원":100,
            "공원":100,
            "혐오시설":0,
            "인프라총점":32.0,
            "초등학군":90.0,
            "중학군":49.0,
            "학군총점":57.2,
            "인구수":27.88,
            "인구증감":-2.14,
            "인구총점":18.874,
            "일자리":15.62,
            "소득수준":57.1,
            "일자리총점":28.064,
            "가치 총점":43.9,
            "매매실거래년":20220110.0,
            "매매실거래가":19000.0,
            "전세실거래년":20211204.0,
            "전세실거래가":13500.0,
            "전세가율":95.07,
            "장기전세가율평균":77.07,
            "전세가율거품지수":-18.0,
            "검색코드":27526,
            "세대수":499.0,
            "준공년월":"2004-11-06",
            "준공년차":19.0,
            "가까운역이름":"NA",
            "가까운역거리":"NA",
            "역세권여부":"NA",
            "30분이내주요거점역":"NA",
            "30분거점역이름":"NA",
            "1시간이내주요거점역":"NA",
            "1시간거점역이름":"NA",
            "3km이내백화점수":0,
            "5km이내아울렛몰수":1,
            "1km이내대형먀트수":0,
            "500m이내은행수":0,
            "500m이내병원수":2,
            "5km이내대형병원수":2,
            "500m이내공원수":11,
            "3km이내혐오시설수":0,
            "초등학교학업성취도":90.0,
            "중학교학업성취도":79.8,
            "용적률":229,
            "건폐율":20,
            "Y":35.969059,
            "X":126.728417,
            "rank":51.0,
            "area_info":"24평(80.09), 33평(110.85)",
            "last_sales":"2022-01-10,19000.0,33평(110.85)",
            "rank_history":[
                [
                    "202202",
                    51
                ],
                [
                    "202201",
                    50
                ]
            ],
            "rank_gap":-1
        },
        {
            "index":248,
            "아파트명":"파인빌2차",
            "투자타입":"일반",
            "전용면적(m2)":"80.55",
            "전용면적(평)":"24평",
            "법정동주소":"전라북도 군산시 미장동 51-1",
            "도로명주소":"전라북도 군산시 미장안길 55",
            "세대수":30,
            "입주년차":40,
            "용적률점수":"--",
            "건폐율점수":"--",
            "세대당주차수":30,
            "난방방식":30,
            "공급면적":"--",
            "전용률":"--",
            "욕실수":100,
            "현관타입":100,
            "주거총점":46.0,
            "지역구공급총점":0.0,
            "역세권":"NA",
            "30분내 이동가능 거점":"NA",
            "1시간내 이동가능 거점":"NA",
            "교통총점":"NA",
            "백화점":0,
            "아울렛몰":80,
            "대형마트":0,
            "은행":0,
            "병원":10,
            "종합병원":100,
            "공원":100,
            "혐오시설":0,
            "인프라총점":32.0,
            "초등학군":90.0,
            "중학군":49.0,
            "학군총점":57.2,
            "인구수":27.88,
            "인구증감":-2.14,
            "인구총점":18.874,
            "일자리":15.62,
            "소득수준":57.1,
            "일자리총점":28.064,
            "가치 총점":43.2,
            "매매실거래년":20210917.0,
            "매매실거래가":15250.0,
            "전세실거래년":20211209.0,
            "전세실거래가":16000.0,
            "전세가율":104.92,
            "장기전세가율평균":77.07,
            "전세가율거품지수":-27.85,
            "검색코드":27527,
            "세대수":351.0,
            "준공년월":"2006-06-21",
            "준공년차":17.0,
            "가까운역이름":"NA",
            "가까운역거리":"NA",
            "역세권여부":"NA",
            "30분이내주요거점역":"NA",
            "30분거점역이름":"NA",
            "1시간이내주요거점역":"NA",
            "1시간거점역이름":"NA",
            "3km이내백화점수":0,
            "5km이내아울렛몰수":1,
            "1km이내대형먀트수":0,
            "500m이내은행수":0,
            "500m이내병원수":3,
            "5km이내대형병원수":2,
            "500m이내공원수":3,
            "3km이내혐오시설수":0,
            "초등학교학업성취도":90.0,
            "중학교학업성취도":79.8,
            "용적률":226,
            "건폐율":20,
            "Y":35.969413,
            "X":126.726094,
            "rank":52.0,
            "area_info":"24평(80.55), 36평(119.87)",
            "last_sales":"2021-09-17,15250.0,24평(80.55)",
            "rank_history":[
                [
                    "202202",
                    52
                ],
                [
                    "202201",
                    30
                ]
            ],
            "rank_gap":-22
        },
        {
            "index":169,
            "아파트명":"군산동흥남주공",
            "투자타입":"일반",
            "전용면적(m2)":"94.91",
            "전용면적(평)":"28평",
            "법정동주소":"전라북도 군산시 동흥남동 100",
            "도로명주소":"전라북도 군산시 동흥남길 9",
            "세대수":30,
            "입주년차":40,
            "용적률점수":"--",
            "건폐율점수":"--",
            "세대당주차수":30,
            "난방방식":30,
            "공급면적":"--",
            "전용률":"--",
            "욕실수":100,
            "현관타입":100,
            "주거총점":46.0,
            "지역구공급총점":0.0,
            "역세권":"NA",
            "30분내 이동가능 거점":"NA",
            "1시간내 이동가능 거점":"NA",
            "교통총점":"NA",
            "백화점":0,
            "아울렛몰":80,
            "대형마트":0,
            "은행":0,
            "병원":10,
            "종합병원":100,
            "공원":100,
            "혐오시설":0,
            "인프라총점":32.0,
            "초등학군":89.99,
            "중학군":49.0,
            "학군총점":57.198,
            "인구수":27.88,
            "인구증감":-2.14,
            "인구총점":18.874,
            "일자리":15.62,
            "소득수준":57.1,
            "일자리총점":28.064,
            "가치 총점":43.1995,
            "매매실거래년":20220118.0,
            "매매실거래가":18000.0,
            "전세실거래년":20200919.0,
            "전세실거래가":10000.0,
            "전세가율":66.67,
            "장기전세가율평균":77.07,
            "전세가율거품지수":10.4,
            "검색코드":105137,
            "세대수":318.0,
            "준공년월":"2006-02-24",
            "준공년차":17.0,
            "가까운역이름":"NA",
            "가까운역거리":"NA",
            "역세권여부":"NA",
            "30분이내주요거점역":"NA",
            "30분거점역이름":"NA",
            "1시간이내주요거점역":"NA",
            "1시간거점역이름":"NA",
            "3km이내백화점수":0,
            "5km이내아울렛몰수":1,
            "1km이내대형먀트수":0,
            "500m이내은행수":1,
            "500m이내병원수":3,
            "5km이내대형병원수":2,
            "500m이내공원수":2,
            "3km이내혐오시설수":0,
            "초등학교학업성취도":89.99,
            "중학교학업성취도":79.8,
            "용적률":141,
            "건폐율":13,
            "Y":35.975527,
            "X":126.717935,
            "rank":53.0,
            "area_info":"28평(94.91), 32평(106.95), 32평(107.07)",
            "last_sales":"2022-01-18,18000.0,32평(106.95)",
            "rank_history":[
                [
                    "202202",
                    53
                ],
                [
                    "202201",
                    52
                ]
            ],
            "rank_gap":-1
        },
        {
            "index":10,
            "아파트명":"세풍",
            "투자타입":"일반",
            "전용면적(m2)":"74.72",
            "전용면적(평)":"22평",
            "법정동주소":"전라북도 군산시 구암동 333-1",
            "도로명주소":"전라북도 군산시 영명길 6",
            "세대수":50,
            "입주년차":0,
            "용적률점수":"--",
            "건폐율점수":"--",
            "세대당주차수":0,
            "난방방식":30,
            "공급면적":"--",
            "전용률":"--",
            "욕실수":50,
            "현관타입":100,
            "주거총점":35.5,
            "지역구공급총점":0.0,
            "역세권":"NA",
            "30분내 이동가능 거점":"NA",
            "1시간내 이동가능 거점":"NA",
            "교통총점":"NA",
            "백화점":0,
            "아울렛몰":80,
            "대형마트":80,
            "은행":0,
            "병원":0,
            "종합병원":100,
            "공원":100,
            "혐오시설":0,
            "인프라총점":43.0,
            "초등학군":90.05,
            "중학군":43.46,
            "학군총점":52.778,
            "인구수":27.88,
            "인구증감":-2.14,
            "인구총점":18.874,
            "일자리":15.62,
            "소득수준":57.1,
            "일자리총점":28.064,
            "가치 총점":42.8195,
            "매매실거래년":20220111.0,
            "매매실거래가":9000.0,
            "전세실거래년":20201113.0,
            "전세실거래가":4500.0,
            "전세가율":50.0,
            "장기전세가율평균":77.07,
            "전세가율거품지수":27.07,
            "검색코드":14954,
            "세대수":437.0,
            "준공년월":"1997-01-08",
            "준공년차":26.0,
            "가까운역이름":"NA",
            "가까운역거리":"NA",
            "역세권여부":"NA",
            "30분이내주요거점역":"NA",
            "30분거점역이름":"NA",
            "1시간이내주요거점역":"NA",
            "1시간거점역이름":"NA",
            "3km이내백화점수":0,
            "5km이내아울렛몰수":1,
            "1km이내대형먀트수":1,
            "500m이내은행수":0,
            "500m이내병원수":0,
            "5km이내대형병원수":2,
            "500m이내공원수":2,
            "3km이내혐오시설수":0,
            "초등학교학업성취도":90.05,
            "중학교학업성취도":71.9,
            "용적률":0,
            "건폐율":0,
            "Y":35.98495,
            "X":126.74311,
            "rank":54.0,
            "area_info":"22평(74.72), 22평(74.22), 32평(106.03), 32평(106.02), 37평(124.84)",
            "last_sales":"2022-01-11,9000.0,22평(74.72)",
            "rank_history":[
                [
                    "202202",
                    54
                ],
                [
                    "202201",
                    51
                ]
            ],
            "rank_gap":-3
        },
        {
            "index":35,
            "아파트명":"금호타운2차",
            "투자타입":"일반",
            "전용면적(m2)":"83.79",
            "전용면적(평)":"25평",
            "법정동주소":"전라북도 군산시 나운동 92",
            "도로명주소":"전라북도 군산시 수송로 71",
            "세대수":30,
            "입주년차":0,
            "용적률점수":"--",
            "건폐율점수":"--",
            "세대당주차수":0,
            "난방방식":30,
            "공급면적":"--",
            "전용률":"--",
            "욕실수":50,
            "현관타입":100,
            "주거총점":28.5,
            "지역구공급총점":0.0,
            "역세권":"NA",
            "30분내 이동가능 거점":"NA",
            "1시간내 이동가능 거점":"NA",
            "교통총점":"NA",
            "백화점":0,
            "아울렛몰":80,
            "대형마트":0,
            "은행":70,
            "병원":80,
            "종합병원":100,
            "공원":100,
            "혐오시설":0,
            "인프라총점":46.0,
            "초등학군":90.0,
            "중학군":49.08,
            "학군총점":57.264,
            "인구수":27.88,
            "인구증감":-2.14,
            "인구총점":18.874,
            "일자리":15.62,
            "소득수준":57.1,
            "일자리총점":28.064,
            "가치 총점":42.691,
            "매매실거래년":20220116.0,
            "매매실거래가":22500.0,
            "전세실거래년":20210712.0,
            "전세실거래가":10700.0,
            "전세가율":144.59,
            "장기전세가율평균":77.07,
            "전세가율거품지수":-67.52,
            "검색코드":4969,
            "세대수":336.0,
            "준공년월":"1994-09-07",
            "준공년차":29.0,
            "가까운역이름":"NA",
            "가까운역거리":"NA",
            "역세권여부":"NA",
            "30분이내주요거점역":"NA",
            "30분거점역이름":"NA",
            "1시간이내주요거점역":"NA",
            "1시간거점역이름":"NA",
            "3km이내백화점수":0,
            "5km이내아울렛몰수":1,
            "1km이내대형먀트수":0,
            "500m이내은행수":3,
            "500m이내병원수":32,
            "5km이내대형병원수":2,
            "500m이내공원수":4,
            "3km이내혐오시설수":0,
            "초등학교학업성취도":90.0,
            "중학교학업성취도":80.2,
            "용적률":212,
            "건폐율":21,
            "Y":35.966052,
            "X":126.704264,
            "rank":55.0,
            "area_info":"25평(83.79), 31평(103.01), 45평(148.81)",
            "last_sales":"2022-01-16,22500.0,45평(148.81)",
            "rank_history":[
                [
                    "202202",
                    55
                ],
                [
                    "202201",
                    57
                ]
            ],
            "rank_gap":2
        },
        {
            "index":101,
            "아파트명":"영창",
            "투자타입":"일반",
            "전용면적(m2)":"56.54",
            "전용면적(평)":"17평",
            "법정동주소":"전라북도 군산시 나운동 156-6",
            "도로명주소":"전라북도 군산시 의료원로 137",
            "세대수":80,
            "입주년차":0,
            "용적률점수":"--",
            "건폐율점수":"--",
            "세대당주차수":0,
            "난방방식":30,
            "공급면적":"--",
            "전용률":"--",
            "욕실수":50,
            "현관타입":10,
            "주거총점":37.0,
            "지역구공급총점":0.0,
            "역세권":"NA",
            "30분내 이동가능 거점":"NA",
            "1시간내 이동가능 거점":"NA",
            "교통총점":"NA",
            "백화점":0,
            "아울렛몰":80,
            "대형마트":0,
            "은행":20,
            "병원":60,
            "종합병원":100,
            "공원":100,
            "혐오시설":0,
            "인프라총점":39.0,
            "초등학군":89.99,
            "중학군":48.14,
            "학군총점":56.51,
            "인구수":27.88,
            "인구증감":-2.14,
            "인구총점":18.874,
            "일자리":15.62,
            "소득수준":57.1,
            "일자리총점":28.064,
            "가치 총점":42.6775,
            "매매실거래년":20220121.0,
            "매매실거래가":9100.0,
            "전세실거래년":20210723.0,
            "전세실거래가":5500.0,
            "전세가율":105.77,
            "장기전세가율평균":77.07,
            "전세가율거품지수":-28.7,
            "검색코드":4998,
            "세대수":765.0,
            "준공년월":"1995-06-15",
            "준공년차":28.0,
            "가까운역이름":"NA",
            "가까운역거리":"NA",
            "역세권여부":"NA",
            "30분이내주요거점역":"NA",
            "30분거점역이름":"NA",
            "1시간이내주요거점역":"NA",
            "1시간거점역이름":"NA",
            "3km이내백화점수":0,
            "5km이내아울렛몰수":1,
            "1km이내대형먀트수":0,
            "500m이내은행수":2,
            "500m이내병원수":15,
            "5km이내대형병원수":2,
            "500m이내공원수":3,
            "3km이내혐오시설수":0,
            "초등학교학업성취도":89.99,
            "중학교학업성취도":79.3,
            "용적률":0,
            "건폐율":0,
            "Y":35.957775,
            "X":126.700597,
            "rank":56.0,
            "area_info":"17평(56.54), 21평(71.51), 22평(74.71), 24평(82.16)",
            "last_sales":"2022-01-21,9100.0,24평(82.16)",
            "rank_history":[
                [
                    "202202",
                    56
                ],
                [
                    "202201",
                    54
                ]
            ],
            "rank_gap":-2
        },
        {
            "index":139,
            "아파트명":"아이플러스시티(도시형)",
            "투자타입":"일반",
            "전용면적(m2)":"32.82",
            "전용면적(평)":"9평",
            "법정동주소":"전라북도 군산시 대명동 384-87",
            "도로명주소":"전라북도 군산시 동팔마길 32",
            "세대수":0,
            "입주년차":60,
            "용적률점수":"--",
            "건폐율점수":"--",
            "세대당주차수":0,
            "난방방식":30,
            "공급면적":"--",
            "전용률":"--",
            "욕실수":50,
            "현관타입":100,
            "주거총점":30.0,
            "지역구공급총점":0.0,
            "역세권":"NA",
            "30분내 이동가능 거점":"NA",
            "1시간내 이동가능 거점":"NA",
            "교통총점":"NA",
            "백화점":0,
            "아울렛몰":80,
            "대형마트":0,
            "은행":70,
            "병원":60,
            "종합병원":100,
            "공원":100,
            "혐오시설":0,
            "인프라총점":44.0,
            "초등학군":89.99,
            "중학군":49.0,
            "학군총점":57.198,
            "인구수":27.88,
            "인구증감":-2.14,
            "인구총점":18.874,
            "일자리":15.62,
            "소득수준":57.1,
            "일자리총점":28.064,
            "가치 총점":42.3995,
            "매매실거래년":20210823.0,
            "매매실거래가":7800.0,
            "전세실거래년":null,
            "전세실거래가":null,
            "전세가율":null,
            "장기전세가율평균":77.07,
            "전세가율거품지수":null,
            "검색코드":119697,
            "세대수":101.0,
            "준공년월":"2012-09-12",
            "준공년차":11.0,
            "가까운역이름":"NA",
            "가까운역거리":"NA",
            "역세권여부":"NA",
            "30분이내주요거점역":"NA",
            "30분거점역이름":"NA",
            "1시간이내주요거점역":"NA",
            "1시간거점역이름":"NA",
            "3km이내백화점수":0,
            "5km이내아울렛몰수":1,
            "1km이내대형먀트수":0,
            "500m이내은행수":3,
            "500m이내병원수":10,
            "5km이내대형병원수":2,
            "500m이내공원수":2,
            "3km이내혐오시설수":0,
            "초등학교학업성취도":89.99,
            "중학교학업성취도":79.8,
            "용적률":0,
            "건폐율":0,
            "Y":35.977438,
            "X":126.721386,
            "rank":57.0,
            "area_info":"9평(32.82), 18평(60.58), 18평(61.97), 18평(61.39), 18평(61.33), 18평(61.48), 18평(61.42), 18평(61.43), 18평(62.08), 18평(62.16), 18평(62.75), 19평(63.64), 19평(63.78), 19평(63.82), 19평(63.03), 19평(64.98), 20평(67.24), 20평(67.15), 20평(67.28)",
            "last_sales":"2021-08-23,7800.0,20평(67.24)",
            "rank_history":[
                [
                    "202202",
                    57
                ],
                [
                    "202201",
                    61
                ]
            ],
            "rank_gap":4
        },
        {
            "index":98,
            "아파트명":"신일",
            "투자타입":"일반",
            "전용면적(m2)":"75.06",
            "전용면적(평)":"22평",
            "법정동주소":"전라북도 군산시 나운동 156-2",
            "도로명주소":"전라북도 군산시 의료원로 163",
            "세대수":50,
            "입주년차":0,
            "용적률점수":"--",
            "건폐율점수":"--",
            "세대당주차수":0,
            "난방방식":30,
            "공급면적":"--",
            "전용률":"--",
            "욕실수":50,
            "현관타입":100,
            "주거총점":35.5,
            "지역구공급총점":0.0,
            "역세권":"NA",
            "30분내 이동가능 거점":"NA",
            "1시간내 이동가능 거점":"NA",
            "교통총점":"NA",
            "백화점":0,
            "아울렛몰":80,
            "대형마트":0,
            "은행":20,
            "병원":60,
            "종합병원":100,
            "공원":100,
            "혐오시설":0,
            "인프라총점":39.0,
            "초등학군":89.99,
            "중학군":48.14,
            "학군총점":56.51,
            "인구수":27.88,
            "인구증감":-2.14,
            "인구총점":18.874,
            "일자리":15.62,
            "소득수준":57.1,
            "일자리총점":28.064,
            "가치 총점":42.1525,
            "매매실거래년":20220117.0,
            "매매실거래가":12200.0,
            "전세실거래년":20220121.0,
            "전세실거래가":10500.0,
            "전세가율":86.07,
            "장기전세가율평균":77.07,
            "전세가율거품지수":-9.0,
            "검색코드":4995,
            "세대수":600.0,
            "준공년월":"1995-12-16",
            "준공년차":28.0,
            "가까운역이름":"NA",
            "가까운역거리":"NA",
            "역세권여부":"NA",
            "30분이내주요거점역":"NA",
            "30분거점역이름":"NA",
            "1시간이내주요거점역":"NA",
            "1시간거점역이름":"NA",
            "3km이내백화점수":0,
            "5km이내아울렛몰수":1,
            "1km이내대형먀트수":0,
            "500m이내은행수":2,
            "500m이내병원수":23,
            "5km이내대형병원수":2,
            "500m이내공원수":3,
            "3km이내혐오시설수":0,
            "초등학교학업성취도":89.99,
            "중학교학업성취도":79.3,
            "용적률":84,
            "건폐율":23,
            "Y":35.958616,
            "X":126.698333,
            "rank":58.0,
            "area_info":"22평(75.06)",
            "last_sales":"2022-01-17,12200.0,22평(75.06)",
            "rank_history":[
                [
                    "202202",
                    58
                ],
                [
                    "202201",
                    55
                ]
            ],
            "rank_gap":-3
        },
        {
            "index":406,
            "아파트명":"클래시움",
            "투자타입":"일반",
            "전용면적(m2)":"126.77",
            "전용면적(평)":"38평",
            "법정동주소":"전라북도 군산시 월명동 23-1",
            "도로명주소":"전라북도 군산시 월명1길 3",
            "세대수":0,
            "입주년차":40,
            "용적률점수":"--",
            "건폐율점수":"--",
            "세대당주차수":60,
            "난방방식":30,
            "공급면적":"--",
            "전용률":"--",
            "욕실수":100,
            "현관타입":100,
            "주거총점":40.0,
            "지역구공급총점":0.0,
            "역세권":"NA",
            "30분내 이동가능 거점":"NA",
            "1시간내 이동가능 거점":"NA",
            "교통총점":"NA",
            "백화점":0,
            "아울렛몰":80,
            "대형마트":0,
            "은행":0,
            "병원":60,
            "종합병원":100,
            "공원":100,
            "혐오시설":0,
            "인프라총점":37.0,
            "초등학군":89.96,
            "중학군":44.22,
            "학군총점":53.368,
            "인구수":27.88,
            "인구증감":-2.14,
            "인구총점":18.874,
            "일자리":15.62,
            "소득수준":57.1,
            "일자리총점":28.064,
            "가치 총점":42.142,
            "매매실거래년":20220125.0,
            "매매실거래가":23500.0,
            "전세실거래년":20180709.0,
            "전세실거래가":12000.0,
            "전세가율":61.54,
            "장기전세가율평균":77.07,
            "전세가율거품지수":15.53,
            "검색코드":22980,
            "세대수":210.0,
            "준공년월":"2004-05-01",
            "준공년차":19.0,
            "가까운역이름":"NA",
            "가까운역거리":"NA",
            "역세권여부":"NA",
            "30분이내주요거점역":"NA",
            "30분거점역이름":"NA",
            "1시간이내주요거점역":"NA",
            "1시간거점역이름":"NA",
            "3km이내백화점수":0,
            "5km이내아울렛몰수":1,
            "1km이내대형먀트수":0,
            "500m이내은행수":0,
            "500m이내병원수":11,
            "5km이내대형병원수":2,
            "500m이내공원수":4,
            "3km이내혐오시설수":0,
            "초등학교학업성취도":89.96,
            "중학교학업성취도":72.7,
            "용적률":188,
            "건폐율":16,
            "Y":35.984285,
            "X":126.705995,
            "rank":59.0,
            "area_info":"38평(126.77), 49평(164.97), 57평(189.92), 58평(193.75)",
            "last_sales":"2022-01-25,23500.0,58평(193.75)",
            "rank_history":[
                [
                    "202202",
                    59
                ],
                [
                    "202201",
                    65
                ]
            ],
            "rank_gap":6
        },
        {
            "index":343,
            "아파트명":"동신",
            "투자타입":"재건축",
            "전용면적(m2)":"73.55",
            "전용면적(평)":"22평",
            "법정동주소":"전라북도 군산시 수송동 904",
            "도로명주소":"전라북도 군산시 축동로 10",
            "세대수":50,
            "입주년차":"--",
            "용적률점수":0,
            "건폐율점수":0,
            "세대당주차수":"--",
            "난방방식":"--",
            "공급면적":50,
            "전용률":80,
            "욕실수":"--",
            "현관타입":"--",
            "주거총점":21.5,
            "지역구공급총점":0.0,
            "역세권":"NA",
            "30분내 이동가능 거점":"NA",
            "1시간내 이동가능 거점":"NA",
            "교통총점":"NA",
            "백화점":0,
            "아울렛몰":80,
            "대형마트":80,
            "은행":20,
            "병원":60,
            "종합병원":100,
            "공원":100,
            "혐오시설":0,
            "인프라총점":51.0,
            "초등학군":90.01,
            "중학군":48.14,
            "학군총점":56.514,
            "인구수":27.88,
            "인구증감":-2.14,
            "인구총점":18.874,
            "일자리":15.62,
            "소득수준":57.1,
            "일자리총점":28.064,
            "가치 총점":42.0535,
            "매매실거래년":20211218.0,
            "매매실거래가":11400.0,
            "전세실거래년":20210915.0,
            "전세실거래가":5300.0,
            "전세가율":73.61,
            "장기전세가율평균":77.07,
            "전세가율거품지수":3.46,
            "검색코드":27518,
            "세대수":660.0,
            "준공년월":"1991-09-20",
            "준공년차":32.0,
            "가까운역이름":"NA",
            "가까운역거리":"NA",
            "역세권여부":"NA",
            "30분이내주요거점역":"NA",
            "30분거점역이름":"NA",
            "1시간이내주요거점역":"NA",
            "1시간거점역이름":"NA",
            "3km이내백화점수":0,
            "5km이내아울렛몰수":1,
            "1km이내대형먀트수":1,
            "500m이내은행수":2,
            "500m이내병원수":14,
            "5km이내대형병원수":2,
            "500m이내공원수":6,
            "3km이내혐오시설수":0,
            "초등학교학업성취도":90.01,
            "중학교학업성취도":79.3,
            "용적률":264,
            "건폐율":55,
            "Y":35.960103,
            "X":126.711711,
            "rank":60.0,
            "area_info":"22평(73.55), 25평(83.47), 28평(94.55), 29평(97.2), 31평(105.03)",
            "last_sales":"2021-12-18,11400.0,31평(105.03)",
            "rank_history":[
                [
                    "202202",
                    60
                ],
                [
                    "202201",
                    56
                ]
            ],
            "rank_gap":-4
        },
        {
            "index":33,
            "아파트명":"금호타운1차",
            "투자타입":"재건축",
            "전용면적(m2)":"89.06",
            "전용면적(평)":"26평",
            "법정동주소":"전라북도 군산시 나운동 489",
            "도로명주소":"전라북도 군산시 수송로 49",
            "세대수":90,
            "입주년차":"--",
            "용적률점수":0,
            "건폐율점수":0,
            "세대당주차수":"--",
            "난방방식":"--",
            "공급면적":70,
            "전용률":80,
            "욕실수":"--",
            "현관타입":"--",
            "주거총점":34.5,
            "지역구공급총점":0.0,
            "역세권":"NA",
            "30분내 이동가능 거점":"NA",
            "1시간내 이동가능 거점":"NA",
            "교통총점":"NA",
            "백화점":0,
            "아울렛몰":80,
            "대형마트":0,
            "은행":20,
            "병원":80,
            "종합병원":100,
            "공원":100,
            "혐오시설":0,
            "인프라총점":41.0,
            "초등학군":90.0,
            "중학군":45.12,
            "학군총점":54.096,
            "인구수":27.88,
            "인구증감":-2.14,
            "인구총점":18.874,
            "일자리":15.62,
            "소득수준":57.1,
            "일자리총점":28.064,
            "가치 총점":41.999,
            "매매실거래년":20220118.0,
            "매매실거래가":11500.0,
            "전세실거래년":20220107.0,
            "전세실거래가":11500.0,
            "전세가율":100.0,
            "장기전세가율평균":77.07,
            "전세가율거품지수":-22.93,
            "검색코드":4966,
            "세대수":930.0,
            "준공년월":"1991-09-11",
            "준공년차":32.0,
            "가까운역이름":"NA",
            "가까운역거리":"NA",
            "역세권여부":"NA",
            "30분이내주요거점역":"NA",
            "30분거점역이름":"NA",
            "1시간이내주요거점역":"NA",
            "1시간거점역이름":"NA",
            "3km이내백화점수":0,
            "5km이내아울렛몰수":1,
            "1km이내대형먀트수":0,
            "500m이내은행수":2,
            "500m이내병원수":37,
            "5km이내대형병원수":2,
            "500m이내공원수":3,
            "3km이내혐오시설수":0,
            "초등학교학업성취도":90.0,
            "중학교학업성취도":74.0,
            "용적률":0,
            "건폐율":0,
            "Y":35.967159,
            "X":126.702395,
            "rank":61.0,
            "area_info":"26평(89.06), 30평(101.69)",
            "last_sales":"2022-01-18,11500.0,26평(89.06)",
            "rank_history":[
                [
                    "202202",
                    61
                ],
                [
                    "202201",
                    63
                ]
            ],
            "rank_gap":2
        },
        {
            "index":127,
            "아파트명":"현대3차",
            "투자타입":"일반",
            "전용면적(m2)":"69.95",
            "전용면적(평)":"21평",
            "법정동주소":"전라북도 군산시 나운동 501",
            "도로명주소":"전라북도 군산시 나운안2길 8",
            "세대수":50,
            "입주년차":0,
            "용적률점수":"--",
            "건폐율점수":"--",
            "세대당주차수":0,
            "난방방식":30,
            "공급면적":"--",
            "전용률":"--",
            "욕실수":50,
            "현관타입":10,
            "주거총점":26.5,
            "지역구공급총점":0.0,
            "역세권":"NA",
            "30분내 이동가능 거점":"NA",
            "1시간내 이동가능 거점":"NA",
            "교통총점":"NA",
            "백화점":0,
            "아울렛몰":80,
            "대형마트":0,
            "은행":70,
            "병원":80,
            "종합병원":100,
            "공원":100,
            "혐오시설":0,
            "인프라총점":46.0,
            "초등학군":90.0,
            "중학군":49.08,
            "학군총점":57.264,
            "인구수":27.88,
            "인구증감":-2.14,
            "인구총점":18.874,
            "일자리":15.62,
            "소득수준":57.1,
            "일자리총점":28.064,
            "가치 총점":41.991,
            "매매실거래년":20211230.0,
            "매매실거래가":9000.0,
            "전세실거래년":20181106.0,
            "전세실거래가":6500.0,
            "전세가율":79.27,
            "장기전세가율평균":77.07,
            "전세가율거품지수":-2.2,
            "검색코드":5022,
            "세대수":479.0,
            "준공년월":"1995-06-10",
            "준공년차":28.0,
            "가까운역이름":"NA",
            "가까운역거리":"NA",
            "역세권여부":"NA",
            "30분이내주요거점역":"NA",
            "30분거점역이름":"NA",
            "1시간이내주요거점역":"NA",
            "1시간거점역이름":"NA",
            "3km이내백화점수":0,
            "5km이내아울렛몰수":1,
            "1km이내대형먀트수":0,
            "500m이내은행수":3,
            "500m이내병원수":37,
            "5km이내대형병원수":2,
            "500m이내공원수":5,
            "3km이내혐오시설수":0,
            "초등학교학업성취도":90.0,
            "중학교학업성취도":80.2,
            "용적률":300,
            "건폐율":21,
            "Y":35.967627,
            "X":126.704859,
            "rank":62.0,
            "area_info":"21평(69.95), 22평(74.33), 31평(105.33), 50평(167.12)",
            "last_sales":"2021-12-30,9000.0,31평(105.33)",
            "rank_history":[
                [
                    "202202",
                    62
                ],
                [
                    "202201",
                    60
                ]
            ],
            "rank_gap":-2
        },
        {
            "index":15,
            "아파트명":"현대",
            "투자타입":"일반",
            "전용면적(m2)":"80.07",
            "전용면적(평)":"24평",
            "법정동주소":"전라북도 군산시 구암동 65",
            "도로명주소":"전라북도 군산시 서당길 11",
            "세대수":90,
            "입주년차":0,
            "용적률점수":"--",
            "건폐율점수":"--",
            "세대당주차수":0,
            "난방방식":30,
            "공급면적":"--",
            "전용률":"--",
            "욕실수":50,
            "현관타입":100,
            "주거총점":49.5,
            "지역구공급총점":0.0,
            "역세권":"NA",
            "30분내 이동가능 거점":"NA",
            "1시간내 이동가능 거점":"NA",
            "교통총점":"NA",
            "백화점":0,
            "아울렛몰":80,
            "대형마트":0,
            "은행":0,
            "병원":0,
            "종합병원":100,
            "공원":0,
            "혐오시설":0,
            "인프라총점":28.0,
            "초등학군":89.99,
            "중학군":43.46,
            "학군총점":52.766,
            "인구수":27.88,
            "인구증감":-2.14,
            "인구총점":18.874,
            "일자리":15.62,
            "소득수준":57.1,
            "일자리총점":28.064,
            "가치 총점":41.7165,
            "매매실거래년":20220124.0,
            "매매실거래가":6800.0,
            "전세실거래년":20211204.0,
            "전세실거래가":6000.0,
            "전세가율":88.24,
            "장기전세가율평균":77.07,
            "전세가율거품지수":-11.17,
            "검색코드":4953,
            "세대수":1084.0,
            "준공년월":"1994-03-23",
            "준공년차":29.0,
            "가까운역이름":"NA",
            "가까운역거리":"NA",
            "역세권여부":"NA",
            "30분이내주요거점역":"NA",
            "30분거점역이름":"NA",
            "1시간이내주요거점역":"NA",
            "1시간거점역이름":"NA",
            "3km이내백화점수":0,
            "5km이내아울렛몰수":1,
            "1km이내대형먀트수":0,
            "500m이내은행수":1,
            "500m이내병원수":0,
            "5km이내대형병원수":2,
            "500m이내공원수":0,
            "3km이내혐오시설수":0,
            "초등학교학업성취도":89.99,
            "중학교학업성취도":71.9,
            "용적률":0,
            "건폐율":0,
            "Y":35.97969,
            "X":126.752086,
            "rank":63.0,
            "area_info":"24평(80.07), 31평(102.5), 44평(146.29)",
            "last_sales":"2022-01-24,6800.0,24평(80.07)",
            "rank_history":[
                [
                    "202202",
                    63
                ],
                [
                    "202201",
                    58
                ]
            ],
            "rank_gap":-5
        },
        {
            "index":71,
            "아파트명":"롯데2차",
            "투자타입":"재건축",
            "전용면적(m2)":"91.97",
            "전용면적(평)":"27평",
            "법정동주소":"전라북도 군산시 나운동 345",
            "도로명주소":"전라북도 군산시 하나운로 45",
            "세대수":50,
            "입주년차":"--",
            "용적률점수":0,
            "건폐율점수":0,
            "세대당주차수":"--",
            "난방방식":"--",
            "공급면적":70,
            "전용률":80,
            "욕실수":"--",
            "현관타입":"--",
            "주거총점":22.5,
            "지역구공급총점":0.0,
            "역세권":"NA",
            "30분내 이동가능 거점":"NA",
            "1시간내 이동가능 거점":"NA",
            "교통총점":"NA",
            "백화점":0,
            "아울렛몰":80,
            "대형마트":0,
            "은행":100,
            "병원":80,
            "종합병원":100,
            "공원":100,
            "혐오시설":0,
            "인프라총점":49.0,
            "초등학군":90.04,
            "중학군":48.14,
            "학군총점":56.52,
            "인구수":27.88,
            "인구증감":-2.14,
            "인구총점":18.874,
            "일자리":15.62,
            "소득수준":57.1,
            "일자리총점":28.064,
            "가치 총점":41.605,
            "매매실거래년":20211228.0,
            "매매실거래가":17300.0,
            "전세실거래년":20220103.0,
            "전세실거래가":10000.0,
            "전세가율":90.91,
            "장기전세가율평균":77.07,
            "전세가율거품지수":-13.84,
            "검색코드":4980,
            "세대수":460.0,
            "준공년월":"1992-08-26",
            "준공년차":31.0,
            "가까운역이름":"NA",
            "가까운역거리":"NA",
            "역세권여부":"NA",
            "30분이내주요거점역":"NA",
            "30분거점역이름":"NA",
            "1시간이내주요거점역":"NA",
            "1시간거점역이름":"NA",
            "3km이내백화점수":0,
            "5km이내아울렛몰수":1,
            "1km이내대형먀트수":0,
            "500m이내은행수":5,
            "500m이내병원수":46,
            "5km이내대형병원수":2,
            "500m이내공원수":5,
            "3km이내혐오시설수":0,
            "초등학교학업성취도":90.04,
            "중학교학업성취도":79.3,
            "용적률":0,
            "건폐율":0,
            "Y":35.963358,
            "X":126.69851,
            "rank":64.0,
            "area_info":"27평(91.97), 32평(105.99), 47평(155.59)",
            "last_sales":"2021-12-28,17300.0,47평(155.59)",
            "rank_history":[
                [
                    "202202",
                    64
                ],
                [
                    "202201",
                    62
                ]
            ],
            "rank_gap":-2
        },
        {
            "index":105,
            "아파트명":"우성",
            "투자타입":"일반",
            "전용면적(m2)":"115.69",
            "전용면적(평)":"34평",
            "법정동주소":"전라북도 군산시 나운동 155-7",
            "도로명주소":"전라북도 군산시 백토로 230",
            "세대수":30,
            "입주년차":0,
            "용적률점수":"--",
            "건폐율점수":"--",
            "세대당주차수":0,
            "난방방식":30,
            "공급면적":"--",
            "전용률":"--",
            "욕실수":100,
            "현관타입":100,
            "주거총점":33.5,
            "지역구공급총점":0.0,
            "역세권":"NA",
            "30분내 이동가능 거점":"NA",
            "1시간내 이동가능 거점":"NA",
            "교통총점":"NA",
            "백화점":0,
            "아울렛몰":80,
            "대형마트":0,
            "은행":20,
            "병원":60,
            "종합병원":100,
            "공원":100,
            "혐오시설":0,
            "인프라총점":39.0,
            "초등학군":90.01,
            "중학군":48.14,
            "학군총점":56.514,
            "인구수":27.88,
            "인구증감":-2.14,
            "인구총점":18.874,
            "일자리":15.62,
            "소득수준":57.1,
            "일자리총점":28.064,
            "가치 총점":41.4535,
            "매매실거래년":20220120.0,
            "매매실거래가":15000.0,
            "전세실거래년":20211203.0,
            "전세실거래가":13900.0,
            "전세가율":85.8,
            "장기전세가율평균":77.07,
            "전세가율거품지수":-8.73,
            "검색코드":4999,
            "세대수":345.0,
            "준공년월":"1995-06-30",
            "준공년차":28.0,
            "가까운역이름":"NA",
            "가까운역거리":"NA",
            "역세권여부":"NA",
            "30분이내주요거점역":"NA",
            "30분거점역이름":"NA",
            "1시간이내주요거점역":"NA",
            "1시간거점역이름":"NA",
            "3km이내백화점수":0,
            "5km이내아울렛몰수":1,
            "1km이내대형먀트수":0,
            "500m이내은행수":2,
            "500m이내병원수":20,
            "5km이내대형병원수":2,
            "500m이내공원수":3,
            "3km이내혐오시설수":0,
            "초등학교학업성취도":90.01,
            "중학교학업성취도":79.3,
            "용적률":0,
            "건폐율":0,
            "Y":35.958931,
            "X":126.703294,
            "rank":65.0,
            "area_info":"34평(115.69), 36평(120.16)",
            "last_sales":"2022-01-20,15000.0,36평(120.16)",
            "rank_history":[
                [
                    "202202",
                    65
                ],
                [
                    "202201",
                    59
                ]
            ],
            "rank_gap":-6
        },
        {
            "index":195,
            "아파트명":"미룡주공3단지",
            "투자타입":"일반",
            "전용면적(m2)":"64.26",
            "전용면적(평)":"19평",
            "법정동주소":"전라북도 군산시 미룡동 900-1",
            "도로명주소":"전라북도 군산시 미룡로 42",
            "세대수":90,
            "입주년차":20,
            "용적률점수":"--",
            "건폐율점수":"--",
            "세대당주차수":0,
            "난방방식":30,
            "공급면적":"--",
            "전용률":"--",
            "욕실수":50,
            "현관타입":100,
            "주거총점":53.5,
            "지역구공급총점":0.0,
            "역세권":"NA",
            "30분내 이동가능 거점":"NA",
            "1시간내 이동가능 거점":"NA",
            "교통총점":"NA",
            "백화점":0,
            "아울렛몰":0,
            "대형마트":0,
            "은행":0,
            "병원":30,
            "종합병원":80,
            "공원":100,
            "혐오시설":0,
            "인프라총점":22.0,
            "초등학군":90.0,
            "중학군":44.16,
            "학군총점":53.328,
            "인구수":27.88,
            "인구증감":-2.14,
            "인구총점":18.874,
            "일자리":15.62,
            "소득수준":57.1,
            "일자리총점":28.064,
            "가치 총점":40.857,
            "매매실거래년":20211203.0,
            "매매실거래가":9450.0,
            "전세실거래년":20211006.0,
            "전세실거래가":6500.0,
            "전세가율":102.36,
            "장기전세가율평균":77.07,
            "전세가율거품지수":-25.29,
            "검색코드":27131,
            "세대수":1460.0,
            "준공년월":"2001-06-13",
            "준공년차":22.0,
            "가까운역이름":"NA",
            "가까운역거리":"NA",
            "역세권여부":"NA",
            "30분이내주요거점역":"NA",
            "30분거점역이름":"NA",
            "1시간이내주요거점역":"NA",
            "1시간거점역이름":"NA",
            "3km이내백화점수":0,
            "5km이내아울렛몰수":0,
            "1km이내대형먀트수":0,
            "500m이내은행수":0,
            "500m이내병원수":8,
            "5km이내대형병원수":1,
            "500m이내공원수":7,
            "3km이내혐오시설수":0,
            "초등학교학업성취도":90.0,
            "중학교학업성취도":71.4,
            "용적률":201,
            "건폐율":15,
            "Y":35.941747,
            "X":126.690264,
            "rank":66.0,
            "area_info":"19평(64.26), 19평(65.37), 19평(65.01), 23평(77.91), 23평(77.63)",
            "last_sales":"2021-12-03,9450.0,23평(77.63)",
            "rank_history":[
                [
                    "202202",
                    66
                ],
                [
                    "202201",
                    64
                ]
            ],
            "rank_gap":-2
        },
        {
            "index":293,
            "아파트명":"군산성원",
            "투자타입":"일반",
            "전용면적(m2)":"75.01",
            "전용면적(평)":"22평",
            "법정동주소":"전라북도 군산시 소룡동 1010",
            "도로명주소":"전라북도 군산시 해망로 447",
            "세대수":50,
            "입주년차":40,
            "용적률점수":"--",
            "건폐율점수":"--",
            "세대당주차수":30,
            "난방방식":30,
            "공급면적":"--",
            "전용률":"--",
            "욕실수":50,
            "현관타입":100,
            "주거총점":48.0,
            "지역구공급총점":0.0,
            "역세권":"NA",
            "30분내 이동가능 거점":"NA",
            "1시간내 이동가능 거점":"NA",
            "교통총점":"NA",
            "백화점":0,
            "아울렛몰":80,
            "대형마트":0,
            "은행":0,
            "병원":0,
            "종합병원":100,
            "공원":0,
            "혐오시설":0,
            "인프라총점":28.0,
            "초등학군":89.96,
            "중학군":41.62,
            "학군총점":51.288,
            "인구수":27.88,
            "인구증감":-2.14,
            "인구총점":18.874,
            "일자리":15.62,
            "소득수준":57.1,
            "일자리총점":28.064,
            "가치 총점":40.822,
            "매매실거래년":20211223.0,
            "매매실거래가":10300.0,
            "전세실거래년":20210706.0,
            "전세실거래가":7000.0,
            "전세가율":89.74,
            "장기전세가율평균":77.07,
            "전세가율거품지수":-12.67,
            "검색코드":11526,
            "세대수":675.0,
            "준공년월":"2004-07-14",
            "준공년차":19.0,
            "가까운역이름":"NA",
            "가까운역거리":"NA",
            "역세권여부":"NA",
            "30분이내주요거점역":"NA",
            "30분거점역이름":"NA",
            "1시간이내주요거점역":"NA",
            "1시간거점역이름":"NA",
            "3km이내백화점수":0,
            "5km이내아울렛몰수":1,
            "1km이내대형먀트수":0,
            "500m이내은행수":0,
            "500m이내병원수":0,
            "5km이내대형병원수":2,
            "500m이내공원수":0,
            "3km이내혐오시설수":0,
            "초등학교학업성취도":89.96,
            "중학교학업성취도":67.7,
            "용적률":173,
            "건폐율":14,
            "Y":35.984867,
            "X":126.693156,
            "rank":67.0,
            "area_info":"22평(75.01), 32평(106.76)",
            "last_sales":"2021-12-23,10300.0,32평(106.76)",
            "rank_history":[
                [
                    "202202",
                    67
                ],
                [
                    "202201",
                    68
                ]
            ],
            "rank_gap":1
        },
        {
            "index":166,
            "아파트명":"한신타운",
            "투자타입":"재건축",
            "전용면적(m2)":"69.15",
            "전용면적(평)":"20평",
            "법정동주소":"전라북도 군산시 대야면 지경리 699-147",
            "도로명주소":"전라북도 군산시 대야관통로 26",
            "세대수":0,
            "입주년차":"--",
            "용적률점수":100,
            "건폐율점수":80,
            "세대당주차수":"--",
            "난방방식":"--",
            "공급면적":50,
            "전용률":80,
            "욕실수":"--",
            "현관타입":"--",
            "주거총점":62.5,
            "지역구공급총점":0.0,
            "역세권":"NA",
            "30분내 이동가능 거점":"NA",
            "1시간내 이동가능 거점":"NA",
            "교통총점":"NA",
            "백화점":0,
            "아울렛몰":0,
            "대형마트":100,
            "은행":0,
            "병원":30,
            "종합병원":0,
            "공원":0,
            "혐오시설":0,
            "인프라총점":18.0,
            "초등학군":90.01,
            "중학군":35.64,
            "학군총점":46.514,
            "인구수":27.88,
            "인구증감":-2.14,
            "인구총점":18.874,
            "일자리":15.62,
            "소득수준":57.1,
            "일자리총점":28.064,
            "가치 총점":40.7035,
            "매매실거래년":20211127.0,
            "매매실거래가":7000.0,
            "전세실거래년":20181001.0,
            "전세실거래가":3500.0,
            "전세가율":83.33,
            "장기전세가율평균":77.07,
            "전세가율거품지수":-6.26,
            "검색코드":128332,
            "세대수":126.0,
            "준공년월":"1992-12-31",
            "준공년차":31.0,
            "가까운역이름":"NA",
            "가까운역거리":"NA",
            "역세권여부":"NA",
            "30분이내주요거점역":"NA",
            "30분거점역이름":"NA",
            "1시간이내주요거점역":"NA",
            "1시간거점역이름":"NA",
            "3km이내백화점수":0,
            "5km이내아울렛몰수":0,
            "1km이내대형먀트수":2,
            "500m이내은행수":0,
            "500m이내병원수":6,
            "5km이내대형병원수":0,
            "500m이내공원수":0,
            "3km이내혐오시설수":0,
            "초등학교학업성취도":90.01,
            "중학교학업성취도":59.4,
            "용적률":26,
            "건폐율":23,
            "Y":35.943024,
            "X":126.808072,
            "rank":68.0,
            "area_info":"20평(69.15), 21평(71.3), 29평(96.5)",
            "last_sales":"2021-11-27,7000.0,29평(96.5)",
            "rank_history":[
                [
                    "202202",
                    68
                ],
                [
                    "202201",
                    67
                ]
            ],
            "rank_gap":-1
        },
        {
            "index":418,
            "아파트명":"현대세솔",
            "투자타입":"일반",
            "전용면적(m2)":"76.48",
            "전용면적(평)":"23평",
            "법정동주소":"전라북도 군산시 장재동 212",
            "도로명주소":"전라북도 군산시 풍문2길 35",
            "세대수":50,
            "입주년차":20,
            "용적률점수":"--",
            "건폐율점수":"--",
            "세대당주차수":0,
            "난방방식":30,
            "공급면적":"--",
            "전용률":"--",
            "욕실수":50,
            "현관타입":100,
            "주거총점":39.5,
            "지역구공급총점":0.0,
            "역세권":"NA",
            "30분내 이동가능 거점":"NA",
            "1시간내 이동가능 거점":"NA",
            "교통총점":"NA",
            "백화점":0,
            "아울렛몰":80,
            "대형마트":0,
            "은행":20,
            "병원":30,
            "종합병원":100,
            "공원":100,
            "혐오시설":0,
            "인프라총점":36.0,
            "초등학군":89.99,
            "중학군":39.26,
            "학군총점":49.406,
            "인구수":27.88,
            "인구증감":-2.14,
            "인구총점":18.874,
            "일자리":15.62,
            "소득수준":57.1,
            "일자리총점":28.064,
            "가치 총점":40.5765,
            "매매실거래년":20211208.0,
            "매매실거래가":13500.0,
            "전세실거래년":null,
            "전세실거래가":null,
            "전세가율":null,
            "장기전세가율평균":77.07,
            "전세가율거품지수":null,
            "검색코드":27292,
            "세대수":547.0,
            "준공년월":"2002-03-08",
            "준공년차":21.0,
            "가까운역이름":"NA",
            "가까운역거리":"NA",
            "역세권여부":"NA",
            "30분이내주요거점역":"NA",
            "30분거점역이름":"NA",
            "1시간이내주요거점역":"NA",
            "1시간거점역이름":"NA",
            "3km이내백화점수":0,
            "5km이내아울렛몰수":1,
            "1km이내대형먀트수":0,
            "500m이내은행수":2,
            "500m이내병원수":9,
            "5km이내대형병원수":2,
            "500m이내공원수":2,
            "3km이내혐오시설수":0,
            "초등학교학업성취도":89.99,
            "중학교학업성취도":64.5,
            "용적률":0,
            "건폐율":0,
            "Y":35.978894,
            "X":126.719245,
            "rank":69.0,
            "area_info":"23평(76.48), 24평(82.49), 31평(103.12), 31평(103.13)",
            "last_sales":"2021-12-08,13500.0,31평(103.13)",
            "rank_history":[
                [
                    "202202",
                    69
                ],
                [
                    "202201",
                    66
                ]
            ],
            "rank_gap":-3
        },
        {
            "index":67,
            "아파트명":"롯데1차",
            "투자타입":"재건축",
            "전용면적(m2)":"91.87",
            "전용면적(평)":"27평",
            "법정동주소":"전라북도 군산시 나운동 345",
            "도로명주소":"전라북도 군산시 하나운로 45",
            "세대수":50,
            "입주년차":"--",
            "용적률점수":0,
            "건폐율점수":0,
            "세대당주차수":"--",
            "난방방식":"--",
            "공급면적":70,
            "전용률":80,
            "욕실수":"--",
            "현관타입":"--",
            "주거총점":22.5,
            "지역구공급총점":0.0,
            "역세권":"NA",
            "30분내 이동가능 거점":"NA",
            "1시간내 이동가능 거점":"NA",
            "교통총점":"NA",
            "백화점":0,
            "아울렛몰":80,
            "대형마트":0,
            "은행":70,
            "병원":80,
            "종합병원":100,
            "공원":100,
            "혐오시설":0,
            "인프라총점":46.0,
            "초등학군":90.04,
            "중학군":48.14,
            "학군총점":56.52,
            "인구수":27.88,
            "인구증감":-2.14,
            "인구총점":18.874,
            "일자리":15.62,
            "소득수준":57.1,
            "일자리총점":28.064,
            "가치 총점":40.405,
            "매매실거래년":20211223.0,
            "매매실거래가":19800.0,
            "전세실거래년":20201125.0,
            "전세실거래가":9000.0,
            "전세가율":105.88,
            "장기전세가율평균":77.07,
            "전세가율거품지수":-28.81,
            "검색코드":4977,
            "세대수":420.0,
            "준공년월":"1991-03-30",
            "준공년차":32.0,
            "가까운역이름":"NA",
            "가까운역거리":"NA",
            "역세권여부":"NA",
            "30분이내주요거점역":"NA",
            "30분거점역이름":"NA",
            "1시간이내주요거점역":"NA",
            "1시간거점역이름":"NA",
            "3km이내백화점수":0,
            "5km이내아울렛몰수":1,
            "1km이내대형먀트수":0,
            "500m이내은행수":3,
            "500m이내병원수":42,
            "5km이내대형병원수":2,
            "500m이내공원수":4,
            "3km이내혐오시설수":0,
            "초등학교학업성취도":90.04,
            "중학교학업성취도":79.3,
            "용적률":0,
            "건폐율":0,
            "Y":35.963489,
            "X":126.699716,
            "rank":70.0,
            "area_info":"27평(91.87), 32평(105.86), 47평(155.42), 58평(191.81)",
            "last_sales":"2021-12-23,19800.0,58평(191.81)",
            "rank_history":[
                [
                    "202202",
                    70
                ],
                [
                    "202201",
                    71
                ]
            ],
            "rank_gap":1
        },
        {
            "index":410,
            "아파트명":"현대오솔",
            "투자타입":"일반",
            "전용면적(m2)":"82.46",
            "전용면적(평)":"24평",
            "법정동주소":"전라북도 군산시 월명동 15-1",
            "도로명주소":"전라북도 군산시 구영5길 21-3",
            "세대수":0,
            "입주년차":20,
            "용적률점수":"--",
            "건폐율점수":"--",
            "세대당주차수":0,
            "난방방식":30,
            "공급면적":"--",
            "전용률":"--",
            "욕실수":100,
            "현관타입":100,
            "주거총점":27.0,
            "지역구공급총점":0.0,
            "역세권":"NA",
            "30분내 이동가능 거점":"NA",
            "1시간내 이동가능 거점":"NA",
            "교통총점":"NA",
            "백화점":0,
            "아울렛몰":80,
            "대형마트":0,
            "은행":70,
            "병원":60,
            "종합병원":100,
            "공원":100,
            "혐오시설":0,
            "인프라총점":44.0,
            "초등학군":89.96,
            "중학군":44.22,
            "학군총점":53.368,
            "인구수":27.88,
            "인구증감":-2.14,
            "인구총점":18.874,
            "일자리":15.62,
            "소득수준":57.1,
            "일자리총점":28.064,
            "가치 총점":40.392,
            "매매실거래년":20220112.0,
            "매매실거래가":8100.0,
            "전세실거래년":20200818.0,
            "전세실거래가":7000.0,
            "전세가율":86.42,
            "장기전세가율평균":77.07,
            "전세가율거품지수":-9.35,
            "검색코드":104593,
            "세대수":198.0,
            "준공년월":"2003-09-03",
            "준공년차":20.0,
            "가까운역이름":"NA",
            "가까운역거리":"NA",
            "역세권여부":"NA",
            "30분이내주요거점역":"NA",
            "30분거점역이름":"NA",
            "1시간이내주요거점역":"NA",
            "1시간거점역이름":"NA",
            "3km이내백화점수":0,
            "5km이내아울렛몰수":1,
            "1km이내대형먀트수":0,
            "500m이내은행수":3,
            "500m이내병원수":15,
            "5km이내대형병원수":2,
            "500m이내공원수":4,
            "3km이내혐오시설수":0,
            "초등학교학업성취도":89.96,
            "중학교학업성취도":72.7,
            "용적률":336,
            "건폐율":31,
            "Y":35.98502,
            "X":126.707259,
            "rank":71.0,
            "area_info":"24평(82.46), 31평(102.94)",
            "last_sales":"2022-01-12,8100.0,24평(82.46)",
            "rank_history":[
                [
                    "202202",
                    71
                ],
                [
                    "202201",
                    69
                ]
            ],
            "rank_gap":-2
        },
        {
            "index":18,
            "아파트명":"삼성",
            "투자타입":"재건축",
            "전용면적(m2)":"106.7",
            "전용면적(평)":"32평",
            "법정동주소":"전라북도 군산시 금광동 172",
            "도로명주소":"전라북도 군산시 대학로 114-1",
            "세대수":50,
            "입주년차":"--",
            "용적률점수":0,
            "건폐율점수":80,
            "세대당주차수":"--",
            "난방방식":"--",
            "공급면적":90,
            "전용률":80,
            "욕실수":"--",
            "현관타입":"--",
            "주거총점":39.5,
            "지역구공급총점":0.0,
            "역세권":"NA",
            "30분내 이동가능 거점":"NA",
            "1시간내 이동가능 거점":"NA",
            "교통총점":"NA",
            "백화점":0,
            "아울렛몰":80,
            "대형마트":0,
            "은행":0,
            "병원":30,
            "종합병원":100,
            "공원":100,
            "혐오시설":0,
            "인프라총점":34.0,
            "초등학군":89.96,
            "중학군":41.62,
            "학군총점":51.288,
            "인구수":27.88,
            "인구증감":-2.14,
            "인구총점":18.874,
            "일자리":15.62,
            "소득수준":57.1,
            "일자리총점":28.064,
            "가치 총점":40.247,
            "매매실거래년":20211116.0,
            "매매실거래가":12500.0,
            "전세실거래년":20200422.0,
            "전세실거래가":1000.0,
            "전세가율":8.0,
            "장기전세가율평균":77.07,
            "전세가율거품지수":69.07,
            "검색코드":4960,
            "세대수":424.0,
            "준공년월":"1990-11-14",
            "준공년차":33.0,
            "가까운역이름":"NA",
            "가까운역거리":"NA",
            "역세권여부":"NA",
            "30분이내주요거점역":"NA",
            "30분거점역이름":"NA",
            "1시간이내주요거점역":"NA",
            "1시간거점역이름":"NA",
            "3km이내백화점수":0,
            "5km이내아울렛몰수":1,
            "1km이내대형먀트수":0,
            "500m이내은행수":1,
            "500m이내병원수":6,
            "5km이내대형병원수":2,
            "500m이내공원수":3,
            "3km이내혐오시설수":0,
            "초등학교학업성취도":89.96,
            "중학교학업성취도":67.7,
            "용적률":244,
            "건폐율":22,
            "Y":35.981235,
            "X":126.705668,
            "rank":72.0,
            "area_info":"32평(106.7), 32평(106.94), 46평(154.91), 46평(155.35)",
            "last_sales":"2021-11-16,12500.0,32평(106.7)",
            "rank_history":[
                [
                    "202202",
                    72
                ],
                [
                    "202201",
                    75
                ]
            ],
            "rank_gap":3
        },
        {
            "index":312,
            "아파트명":"소룡제이파크",
            "투자타입":"일반",
            "전용면적(m2)":"77.65",
            "전용면적(평)":"23평",
            "법정동주소":"전라북도 군산시 소룡동 663",
            "도로명주소":"전라북도 군산시 해망로 606",
            "세대수":90,
            "입주년차":40,
            "용적률점수":"--",
            "건폐율점수":"--",
            "세대당주차수":30,
            "난방방식":30,
            "공급면적":"--",
            "전용률":"--",
            "욕실수":50,
            "현관타입":100,
            "주거총점":62.0,
            "지역구공급총점":0.0,
            "역세권":"NA",
            "30분내 이동가능 거점":"NA",
            "1시간내 이동가능 거점":"NA",
            "교통총점":"NA",
            "백화점":0,
            "아울렛몰":0,
            "대형마트":0,
            "은행":0,
            "병원":0,
            "종합병원":80,
            "공원":0,
            "혐오시설":0,
            "인프라총점":16.0,
            "초등학군":89.99,
            "중학군":38.16,
            "학군총점":48.526,
            "인구수":27.88,
            "인구증감":-2.14,
            "인구총점":18.874,
            "일자리":15.62,
            "소득수준":57.1,
            "일자리총점":28.064,
            "가치 총점":40.2315,
            "매매실거래년":20220122.0,
            "매매실거래가":14000.0,
            "전세실거래년":20210710.0,
            "전세실거래가":8000.0,
            "전세가율":84.21,
            "장기전세가율평균":77.07,
            "전세가율거품지수":-7.14,
            "검색코드":105138,
            "세대수":972.0,
            "준공년월":"2006-06-28",
            "준공년차":17.0,
            "가까운역이름":"NA",
            "가까운역거리":"NA",
            "역세권여부":"NA",
            "30분이내주요거점역":"NA",
            "30분거점역이름":"NA",
            "1시간이내주요거점역":"NA",
            "1시간거점역이름":"NA",
            "3km이내백화점수":0,
            "5km이내아울렛몰수":0,
            "1km이내대형먀트수":0,
            "500m이내은행수":0,
            "500m이내병원수":0,
            "5km이내대형병원수":1,
            "500m이내공원수":0,
            "3km이내혐오시설수":0,
            "초등학교학업성취도":89.99,
            "중학교학업성취도":63.0,
            "용적률":155,
            "건폐율":16,
            "Y":35.981629,
            "X":126.676499,
            "rank":73.0,
            "area_info":"23평(77.65), 23평(78.76), 32평(106.25)",
            "last_sales":"2022-01-22,14000.0,32평(106.25)",
            "rank_history":[
                [
                    "202202",
                    73
                ],
                [
                    "202201",
                    70
                ]
            ],
            "rank_gap":-3
        },
        {
            "index":173,
            "아파트명":"삼성",
            "투자타입":"재건축",
            "전용면적(m2)":"79.69",
            "전용면적(평)":"24평",
            "법정동주소":"전라북도 군산시 문화동 26",
            "도로명주소":"전라북도 군산시 백토로 93",
            "세대수":80,
            "입주년차":"--",
            "용적률점수":0,
            "건폐율점수":0,
            "세대당주차수":"--",
            "난방방식":"--",
            "공급면적":50,
            "전용률":80,
            "욕실수":"--",
            "현관타입":"--",
            "주거총점":30.5,
            "지역구공급총점":0.0,
            "역세권":"NA",
            "30분내 이동가능 거점":"NA",
            "1시간내 이동가능 거점":"NA",
            "교통총점":"NA",
            "백화점":0,
            "아울렛몰":80,
            "대형마트":0,
            "은행":0,
            "병원":60,
            "종합병원":100,
            "공원":100,
            "혐오시설":0,
            "인프라총점":37.0,
            "초등학군":90.0,
            "중학군":49.08,
            "학군총점":57.264,
            "인구수":27.88,
            "인구증감":-2.14,
            "인구총점":18.874,
            "일자리":15.62,
            "소득수준":57.1,
            "일자리총점":28.064,
            "가치 총점":39.791,
            "매매실거래년":20220119.0,
            "매매실거래가":11000.0,
            "전세실거래년":20210510.0,
            "전세실거래가":9500.0,
            "전세가율":86.36,
            "장기전세가율평균":77.07,
            "전세가율거품지수":-9.29,
            "검색코드":5035,
            "세대수":716.0,
            "준공년월":"1992-08-20",
            "준공년차":31.0,
            "가까운역이름":"NA",
            "가까운역거리":"NA",
            "역세권여부":"NA",
            "30분이내주요거점역":"NA",
            "30분거점역이름":"NA",
            "1시간이내주요거점역":"NA",
            "1시간거점역이름":"NA",
            "3km이내백화점수":0,
            "5km이내아울렛몰수":1,
            "1km이내대형먀트수":0,
            "500m이내은행수":1,
            "500m이내병원수":21,
            "5km이내대형병원수":2,
            "500m이내공원수":2,
            "3km이내혐오시설수":0,
            "초등학교학업성취도":90.0,
            "중학교학업성취도":80.2,
            "용적률":0,
            "건폐율":0,
            "Y":35.970828,
            "X":126.706647,
            "rank":74.0,
            "area_info":"24평(79.69), 28평(93.08), 31평(104.01)",
            "last_sales":"2022-01-19,11000.0,24평(79.69)",
            "rank_history":[
                [
                    "202202",
                    74
                ],
                [
                    "202201",
                    72
                ]
            ],
            "rank_gap":-2
        },
        {
            "index":452,
            "아파트명":"삼성",
            "투자타입":"재건축",
            "전용면적(m2)":"92.27",
            "전용면적(평)":"27평",
            "법정동주소":"전라북도 군산시 조촌동 491",
            "도로명주소":"전라북도 군산시 백릉로 162",
            "세대수":30,
            "입주년차":"--",
            "용적률점수":0,
            "건폐율점수":100,
            "세대당주차수":"--",
            "난방방식":"--",
            "공급면적":70,
            "전용률":80,
            "욕실수":"--",
            "현관타입":"--",
            "주거총점":36.5,
            "지역구공급총점":0.0,
            "역세권":"NA",
            "30분내 이동가능 거점":"NA",
            "1시간내 이동가능 거점":"NA",
            "교통총점":"NA",
            "백화점":0,
            "아울렛몰":80,
            "대형마트":0,
            "은행":0,
            "병원":30,
            "종합병원":100,
            "공원":100,
            "혐오시설":0,
            "인프라총점":34.0,
            "초등학군":89.99,
            "중학군":43.46,
            "학군총점":52.766,
            "인구수":27.88,
            "인구증감":-2.14,
            "인구총점":18.874,
            "일자리":15.62,
            "소득수준":57.1,
            "일자리총점":28.064,
            "가치 총점":39.5665,
            "매매실거래년":20211203.0,
            "매매실거래가":8000.0,
            "전세실거래년":20211016.0,
            "전세실거래가":12500.0,
            "전세가율":156.25,
            "장기전세가율평균":77.07,
            "전세가율거품지수":-79.18,
            "검색코드":5067,
            "세대수":306.0,
            "준공년월":"1992-10-28",
            "준공년차":31.0,
            "가까운역이름":"NA",
            "가까운역거리":"NA",
            "역세권여부":"NA",
            "30분이내주요거점역":"NA",
            "30분거점역이름":"NA",
            "1시간이내주요거점역":"NA",
            "1시간거점역이름":"NA",
            "3km이내백화점수":0,
            "5km이내아울렛몰수":1,
            "1km이내대형먀트수":0,
            "500m이내은행수":0,
            "500m이내병원수":9,
            "5km이내대형병원수":2,
            "500m이내공원수":5,
            "3km이내혐오시설수":0,
            "초등학교학업성취도":89.99,
            "중학교학업성취도":71.9,
            "용적률":226,
            "건폐율":19,
            "Y":35.975301,
            "X":126.744272,
            "rank":75.0,
            "area_info":"27평(92.27), 27평(92.24), 31평(104.63), 31평(104.47)",
            "last_sales":"2021-12-03,8000.0,27평(92.24)",
            "rank_history":[
                [
                    "202202",
                    75
                ],
                [
                    "202201",
                    73
                ]
            ],
            "rank_gap":-2
        },
        {
            "index":465,
            "아파트명":"현대",
            "투자타입":"일반",
            "전용면적(m2)":"91.86",
            "전용면적(평)":"27평",
            "법정동주소":"전라북도 군산시 조촌동 903-2",
            "도로명주소":"전라북도 군산시 양안로 120",
            "세대수":50,
            "입주년차":0,
            "용적률점수":"--",
            "건폐율점수":"--",
            "세대당주차수":0,
            "난방방식":30,
            "공급면적":"--",
            "전용률":"--",
            "욕실수":50,
            "현관타입":100,
            "주거총점":35.5,
            "지역구공급총점":0.0,
            "역세권":"NA",
            "30분내 이동가능 거점":"NA",
            "1시간내 이동가능 거점":"NA",
            "교통총점":"NA",
            "백화점":0,
            "아울렛몰":80,
            "대형마트":0,
            "은행":0,
            "병원":30,
            "종합병원":100,
            "공원":100,
            "혐오시설":0,
            "인프라총점":34.0,
            "초등학군":89.99,
            "중학군":43.46,
            "학군총점":52.766,
            "인구수":27.88,
            "인구증감":-2.14,
            "인구총점":18.874,
            "일자리":15.62,
            "소득수준":57.1,
            "일자리총점":28.064,
            "가치 총점":39.2165,
            "매매실거래년":20220105.0,
            "매매실거래가":17000.0,
            "전세실거래년":20210730.0,
            "전세실거래가":12000.0,
            "전세가율":92.31,
            "장기전세가율평균":77.07,
            "전세가율거품지수":-15.24,
            "검색코드":5073,
            "세대수":560.0,
            "준공년월":"1995-09-01",
            "준공년차":28.0,
            "가까운역이름":"NA",
            "가까운역거리":"NA",
            "역세권여부":"NA",
            "30분이내주요거점역":"NA",
            "30분거점역이름":"NA",
            "1시간이내주요거점역":"NA",
            "1시간거점역이름":"NA",
            "3km이내백화점수":0,
            "5km이내아울렛몰수":1,
            "1km이내대형먀트수":0,
            "500m이내은행수":0,
            "500m이내병원수":7,
            "5km이내대형병원수":2,
            "500m이내공원수":3,
            "3km이내혐오시설수":0,
            "초등학교학업성취도":89.99,
            "중학교학업성취도":71.9,
            "용적률":199,
            "건폐율":18,
            "Y":35.973619,
            "X":126.745507,
            "rank":76.0,
            "area_info":"27평(91.86), 27평(91.75), 31평(103.89)",
            "last_sales":"2022-01-05,17000.0,31평(103.89)",
            "rank_history":[
                [
                    "202202",
                    76
                ],
                [
                    "202201",
                    74
                ]
            ],
            "rank_gap":-2
        },
        {
            "index":451,
            "아파트명":"부향하나로",
            "투자타입":"일반",
            "전용면적(m2)":"53.69",
            "전용면적(평)":"16평",
            "법정동주소":"전라북도 군산시 조촌동 771",
            "도로명주소":"전라북도 군산시 번영로 188-22",
            "세대수":50,
            "입주년차":0,
            "용적률점수":"--",
            "건폐율점수":"--",
            "세대당주차수":0,
            "난방방식":30,
            "공급면적":"--",
            "전용률":"--",
            "욕실수":50,
            "현관타입":100,
            "주거총점":35.5,
            "지역구공급총점":0.0,
            "역세권":"NA",
            "30분내 이동가능 거점":"NA",
            "1시간내 이동가능 거점":"NA",
            "교통총점":"NA",
            "백화점":0,
            "아울렛몰":80,
            "대형마트":0,
            "은행":20,
            "병원":0,
            "종합병원":100,
            "공원":100,
            "혐오시설":0,
            "인프라총점":33.0,
            "초등학군":90.0,
            "중학군":43.46,
            "학군총점":52.768,
            "인구수":27.88,
            "인구증감":-2.14,
            "인구총점":18.874,
            "일자리":15.62,
            "소득수준":57.1,
            "일자리총점":28.064,
            "가치 총점":38.817,
            "매매실거래년":20211215.0,
            "매매실거래가":3450.0,
            "전세실거래년":20210414.0,
            "전세실거래가":3000.0,
            "전세가율":86.96,
            "장기전세가율평균":77.07,
            "전세가율거품지수":-9.89,
            "검색코드":128224,
            "세대수":402.0,
            "준공년월":"1996-09-13",
            "준공년차":27.0,
            "가까운역이름":"NA",
            "가까운역거리":"NA",
            "역세권여부":"NA",
            "30분이내주요거점역":"NA",
            "30분거점역이름":"NA",
            "1시간이내주요거점역":"NA",
            "1시간거점역이름":"NA",
            "3km이내백화점수":0,
            "5km이내아울렛몰수":1,
            "1km이내대형먀트수":0,
            "500m이내은행수":2,
            "500m이내병원수":1,
            "5km이내대형병원수":2,
            "500m이내공원수":7,
            "3km이내혐오시설수":0,
            "초등학교학업성취도":90.0,
            "중학교학업성취도":71.9,
            "용적률":418,
            "건폐율":33,
            "Y":35.963109,
            "X":126.73745,
            "rank":77.0,
            "area_info":"16평(53.69)",
            "last_sales":"2021-12-15,3450.0,16평(53.69)",
            "rank_history":[
                [
                    "202202",
                    77
                ],
                [
                    "202201",
                    76
                ]
            ],
            "rank_gap":-1
        },
        {
            "index":209,
            "아파트명":"은파리젠시빌파크",
            "투자타입":"일반",
            "전용면적(m2)":"115.85",
            "전용면적(평)":"35평",
            "법정동주소":"전라북도 군산시 미룡동 59-59",
            "도로명주소":"전라북도 군산시 미룡로 64",
            "세대수":30,
            "입주년차":40,
            "용적률점수":"--",
            "건폐율점수":"--",
            "세대당주차수":30,
            "난방방식":30,
            "공급면적":"--",
            "전용률":"--",
            "욕실수":100,
            "현관타입":100,
            "주거총점":46.0,
            "지역구공급총점":0.0,
            "역세권":"NA",
            "30분내 이동가능 거점":"NA",
            "1시간내 이동가능 거점":"NA",
            "교통총점":"NA",
            "백화점":0,
            "아울렛몰":0,
            "대형마트":0,
            "은행":0,
            "병원":30,
            "종합병원":80,
            "공원":100,
            "혐오시설":0,
            "인프라총점":22.0,
            "초등학군":90.0,
            "중학군":44.16,
            "학군총점":53.328,
            "인구수":27.88,
            "인구증감":-2.14,
            "인구총점":18.874,
            "일자리":15.62,
            "소득수준":57.1,
            "일자리총점":28.064,
            "가치 총점":38.232,
            "매매실거래년":20211210.0,
            "매매실거래가":24500.0,
            "전세실거래년":20211025.0,
            "전세실거래가":20500.0,
            "전세가율":83.67,
            "장기전세가율평균":77.07,
            "전세가율거품지수":-6.6,
            "검색코드":27503,
            "세대수":317.0,
            "준공년월":"2007-02-21",
            "준공년차":16.0,
            "가까운역이름":"NA",
            "가까운역거리":"NA",
            "역세권여부":"NA",
            "30분이내주요거점역":"NA",
            "30분거점역이름":"NA",
            "1시간이내주요거점역":"NA",
            "1시간거점역이름":"NA",
            "3km이내백화점수":0,
            "5km이내아울렛몰수":0,
            "1km이내대형먀트수":0,
            "500m이내은행수":0,
            "500m이내병원수":7,
            "5km이내대형병원수":1,
            "500m이내공원수":4,
            "3km이내혐오시설수":0,
            "초등학교학업성취도":90.0,
            "중학교학업성취도":71.4,
            "용적률":238,
            "건폐율":35,
            "Y":35.945371,
            "X":126.692022,
            "rank":78.0,
            "area_info":"35평(115.85), 48평(159.72)",
            "last_sales":"2021-12-10,24500.0,35평(115.85)",
            "rank_history":[
                [
                    "202202",
                    78
                ],
                [
                    "202201",
                    77
                ]
            ],
            "rank_gap":-1
        },
        {
            "index":202,
            "아파트명":"은파롯데캐슬",
            "투자타입":"일반",
            "전용면적(m2)":"109.78",
            "전용면적(평)":"33평",
            "법정동주소":"전라북도 군산시 미룡동 59-118",
            "도로명주소":"전라북도 군산시 미룡로 63",
            "세대수":30,
            "입주년차":40,
            "용적률점수":"--",
            "건폐율점수":"--",
            "세대당주차수":60,
            "난방방식":30,
            "공급면적":"--",
            "전용률":"--",
            "욕실수":100,
            "현관타입":50,
            "주거총점":45.5,
            "지역구공급총점":0.0,
            "역세권":"NA",
            "30분내 이동가능 거점":"NA",
            "1시간내 이동가능 거점":"NA",
            "교통총점":"NA",
            "백화점":0,
            "아울렛몰":0,
            "대형마트":0,
            "은행":0,
            "병원":30,
            "종합병원":80,
            "공원":100,
            "혐오시설":0,
            "인프라총점":22.0,
            "초등학군":90.0,
            "중학군":44.16,
            "학군총점":53.328,
            "인구수":27.88,
            "인구증감":-2.14,
            "인구총점":18.874,
            "일자리":15.62,
            "소득수준":57.1,
            "일자리총점":28.064,
            "가치 총점":38.057,
            "매매실거래년":20210918.0,
            "매매실거래가":44500.0,
            "전세실거래년":20200406.0,
            "전세실거래가":18000.0,
            "전세가율":75.95,
            "장기전세가율평균":77.07,
            "전세가율거품지수":1.12,
            "검색코드":27504,
            "세대수":307.0,
            "준공년월":"2007-09-27",
            "준공년차":16.0,
            "가까운역이름":"NA",
            "가까운역거리":"NA",
            "역세권여부":"NA",
            "30분이내주요거점역":"NA",
            "30분거점역이름":"NA",
            "1시간이내주요거점역":"NA",
            "1시간거점역이름":"NA",
            "3km이내백화점수":0,
            "5km이내아울렛몰수":0,
            "1km이내대형먀트수":0,
            "500m이내은행수":0,
            "500m이내병원수":8,
            "5km이내대형병원수":1,
            "500m이내공원수":6,
            "3km이내혐오시설수":0,
            "초등학교학업성취도":90.0,
            "중학교학업성취도":71.4,
            "용적률":244,
            "건폐율":59,
            "Y":35.945517,
            "X":126.690524,
            "rank":79.0,
            "area_info":"33평(109.78), 39평(129.92), 39평(131.47), 47평(158.31), 47평(158.25), 57평(189.45), 72평(241.31)",
            "last_sales":"2021-09-18,44500.0,57평(189.45)",
            "rank_history":[
                [
                    "202202",
                    79
                ],
                [
                    "202201",
                    78
                ]
            ],
            "rank_gap":-1
        },
        {
            "index":53,
            "아파트명":"대우",
            "투자타입":"일반",
            "전용면적(m2)":"105.33",
            "전용면적(평)":"31평",
            "법정동주소":"전라북도 군산시 나운동 155-5",
            "도로명주소":"전라북도 군산시 의료원로 136",
            "세대수":0,
            "입주년차":0,
            "용적률점수":"--",
            "건폐율점수":"--",
            "세대당주차수":0,
            "난방방식":30,
            "공급면적":"--",
            "전용률":"--",
            "욕실수":100,
            "현관타입":100,
            "주거총점":23.0,
            "지역구공급총점":0.0,
            "역세권":"NA",
            "30분내 이동가능 거점":"NA",
            "1시간내 이동가능 거점":"NA",
            "교통총점":"NA",
            "백화점":0,
            "아울렛몰":80,
            "대형마트":0,
            "은행":20,
            "병원":60,
            "종합병원":100,
            "공원":100,
            "혐오시설":0,
            "인프라총점":39.0,
            "초등학군":89.99,
            "중학군":48.14,
            "학군총점":56.51,
            "인구수":27.88,
            "인구증감":-2.14,
            "인구총점":18.874,
            "일자리":15.62,
            "소득수준":57.1,
            "일자리총점":28.064,
            "가치 총점":37.7775,
            "매매실거래년":20220118.0,
            "매매실거래가":16500.0,
            "전세실거래년":20211020.0,
            "전세실거래가":10000.0,
            "전세가율":60.61,
            "장기전세가율평균":77.07,
            "전세가율거품지수":16.46,
            "검색코드":4973,
            "세대수":260.0,
            "준공년월":"1997-02-28",
            "준공년차":26.0,
            "가까운역이름":"NA",
            "가까운역거리":"NA",
            "역세권여부":"NA",
            "30분이내주요거점역":"NA",
            "30분거점역이름":"NA",
            "1시간이내주요거점역":"NA",
            "1시간거점역이름":"NA",
            "3km이내백화점수":0,
            "5km이내아울렛몰수":1,
            "1km이내대형먀트수":0,
            "500m이내은행수":2,
            "500m이내병원수":23,
            "5km이내대형병원수":2,
            "500m이내공원수":4,
            "3km이내혐오시설수":0,
            "초등학교학업성취도":89.99,
            "중학교학업성취도":79.3,
            "용적률":251,
            "건폐율":20,
            "Y":35.95854,
            "X":126.70165,
            "rank":80.0,
            "area_info":"31평(105.33), 68평(225.81)",
            "last_sales":"2022-01-18,16500.0,31평(105.33)",
            "rank_history":[
                [
                    "202202",
                    80
                ],
                [
                    "202201",
                    79
                ]
            ],
            "rank_gap":-1
        },
        {
            "index":277,
            "아파트명":"하나리움시티2차",
            "투자타입":"일반",
            "전용면적(m2)":"89.25",
            "전용면적(평)":"26평",
            "법정동주소":"전라북도 군산시 산북동 3646",
            "도로명주소":"전라북도 군산시 원산북2길 6",
            "세대수":0,
            "입주년차":80,
            "용적률점수":"--",
            "건폐율점수":"--",
            "세대당주차수":30,
            "난방방식":30,
            "공급면적":"--",
            "전용률":"--",
            "욕실수":100,
            "현관타입":100,
            "주거총점":43.5,
            "지역구공급총점":0.0,
            "역세권":"NA",
            "30분내 이동가능 거점":"NA",
            "1시간내 이동가능 거점":"NA",
            "교통총점":"NA",
            "백화점":0,
            "아울렛몰":0,
            "대형마트":0,
            "은행":0,
            "병원":60,
            "종합병원":80,
            "공원":100,
            "혐오시설":0,
            "인프라총점":25.0,
            "초등학군":89.99,
            "중학군":39.96,
            "학군총점":49.966,
            "인구수":27.88,
            "인구증감":-2.14,
            "인구총점":18.874,
            "일자리":15.62,
            "소득수준":57.1,
            "일자리총점":28.064,
            "가치 총점":37.7165,
            "매매실거래년":20210903.0,
            "매매실거래가":14900.0,
            "전세실거래년":20210813.0,
            "전세실거래가":10000.0,
            "전세가율":67.11,
            "장기전세가율평균":77.07,
            "전세가율거품지수":9.96,
            "검색코드":144163,
            "세대수":175.0,
            "준공년월":"2014-12-02",
            "준공년차":9.0,
            "가까운역이름":"NA",
            "가까운역거리":"NA",
            "역세권여부":"NA",
            "30분이내주요거점역":"NA",
            "30분거점역이름":"NA",
            "1시간이내주요거점역":"NA",
            "1시간거점역이름":"NA",
            "3km이내백화점수":0,
            "5km이내아울렛몰수":0,
            "1km이내대형먀트수":0,
            "500m이내은행수":0,
            "500m이내병원수":10,
            "5km이내대형병원수":1,
            "500m이내공원수":3,
            "3km이내혐오시설수":0,
            "초등학교학업성취도":89.99,
            "중학교학업성취도":64.8,
            "용적률":170,
            "건폐율":19,
            "Y":35.965794,
            "X":126.682346,
            "rank":81.0,
            "area_info":"26평(89.25), 27평(89.71)",
            "last_sales":"2021-09-03,14900.0,26평(89.25)",
            "rank_history":[
                [
                    "202202",
                    81
                ],
                [
                    "202201",
                    89
                ]
            ],
            "rank_gap":8
        },
        {
            "index":303,
            "아파트명":"동아",
            "투자타입":"재건축",
            "전용면적(m2)":"79.49",
            "전용면적(평)":"24평",
            "법정동주소":"전라북도 군산시 소룡동 1323-13",
            "도로명주소":"전라북도 군산시 동아로 160",
            "세대수":80,
            "입주년차":"--",
            "용적률점수":0,
            "건폐율점수":0,
            "세대당주차수":"--",
            "난방방식":"--",
            "공급면적":50,
            "전용률":60,
            "욕실수":"--",
            "현관타입":"--",
            "주거총점":29.5,
            "지역구공급총점":0.0,
            "역세권":"NA",
            "30분내 이동가능 거점":"NA",
            "1시간내 이동가능 거점":"NA",
            "교통총점":"NA",
            "백화점":0,
            "아울렛몰":80,
            "대형마트":0,
            "은행":0,
            "병원":60,
            "종합병원":100,
            "공원":100,
            "혐오시설":0,
            "인프라총점":37.0,
            "초등학군":89.99,
            "중학군":39.96,
            "학군총점":49.966,
            "인구수":27.88,
            "인구증감":-2.14,
            "인구총점":18.874,
            "일자리":15.62,
            "소득수준":57.1,
            "일자리총점":28.064,
            "가치 총점":37.6165,
            "매매실거래년":20220104.0,
            "매매실거래가":6000.0,
            "전세실거래년":20211027.0,
            "전세실거래가":5400.0,
            "전세가율":90.0,
            "장기전세가율평균":77.07,
            "전세가율거품지수":-12.93,
            "검색코드":5050,
            "세대수":702.0,
            "준공년월":"1990-10-22",
            "준공년차":33.0,
            "가까운역이름":"NA",
            "가까운역거리":"NA",
            "역세권여부":"NA",
            "30분이내주요거점역":"NA",
            "30분거점역이름":"NA",
            "1시간이내주요거점역":"NA",
            "1시간거점역이름":"NA",
            "3km이내백화점수":0,
            "5km이내아울렛몰수":1,
            "1km이내대형먀트수":0,
            "500m이내은행수":1,
            "500m이내병원수":12,
            "5km이내대형병원수":2,
            "500m이내공원수":3,
            "3km이내혐오시설수":0,
            "초등학교학업성취도":89.99,
            "중학교학업성취도":64.8,
            "용적률":0,
            "건폐율":0,
            "Y":35.968959,
            "X":126.684837,
            "rank":82.0,
            "area_info":"24평(79.49), 23평(79.21), 28평(93.55), 31평(103.88)",
            "last_sales":"2022-01-04,6000.0,24평(79.49)",
            "rank_history":[
                [
                    "202202",
                    82
                ],
                [
                    "202201",
                    82
                ]
            ],
            "rank_gap":0
        },
        {
            "index":83,
            "아파트명":"비사벌",
            "투자타입":"일반",
            "전용면적(m2)":"78.16",
            "전용면적(평)":"23평",
            "법정동주소":"전라북도 군산시 나운동 153-11",
            "도로명주소":"전라북도 군산시 하나운로 7",
            "세대수":0,
            "입주년차":0,
            "용적률점수":"--",
            "건폐율점수":"--",
            "세대당주차수":30,
            "난방방식":30,
            "공급면적":"--",
            "전용률":"--",
            "욕실수":50,
            "현관타입":100,
            "주거총점":22.5,
            "지역구공급총점":0.0,
            "역세권":"NA",
            "30분내 이동가능 거점":"NA",
            "1시간내 이동가능 거점":"NA",
            "교통총점":"NA",
            "백화점":0,
            "아울렛몰":80,
            "대형마트":0,
            "은행":20,
            "병원":60,
            "종합병원":100,
            "공원":100,
            "혐오시설":0,
            "인프라총점":39.0,
            "초등학군":89.99,
            "중학군":48.14,
            "학군총점":56.51,
            "인구수":27.88,
            "인구증감":-2.14,
            "인구총점":18.874,
            "일자리":15.62,
            "소득수준":57.1,
            "일자리총점":28.064,
            "가치 총점":37.6025,
            "매매실거래년":20220101.0,
            "매매실거래가":8000.0,
            "전세실거래년":20211207.0,
            "전세실거래가":8500.0,
            "전세가율":106.25,
            "장기전세가율평균":77.07,
            "전세가율거품지수":-29.18,
            "검색코드":27019,
            "세대수":268.0,
            "준공년월":"1997-02-25",
            "준공년차":26.0,
            "가까운역이름":"NA",
            "가까운역거리":"NA",
            "역세권여부":"NA",
            "30분이내주요거점역":"NA",
            "30분거점역이름":"NA",
            "1시간이내주요거점역":"NA",
            "1시간거점역이름":"NA",
            "3km이내백화점수":0,
            "5km이내아울렛몰수":1,
            "1km이내대형먀트수":0,
            "500m이내은행수":2,
            "500m이내병원수":23,
            "5km이내대형병원수":2,
            "500m이내공원수":6,
            "3km이내혐오시설수":0,
            "초등학교학업성취도":89.99,
            "중학교학업성취도":79.3,
            "용적률":0,
            "건폐율":0,
            "Y":35.960117,
            "X":126.697976,
            "rank":83.0,
            "area_info":"23평(78.16)",
            "last_sales":"2022-01-01,8000.0,23평(78.16)",
            "rank_history":[
                [
                    "202202",
                    83
                ],
                [
                    "202201",
                    81
                ]
            ],
            "rank_gap":-2
        },
        {
            "index":5,
            "아파트명":"새한",
            "투자타입":"일반",
            "전용면적(m2)":"76.83",
            "전용면적(평)":"23평",
            "법정동주소":"전라북도 군산시 경암동 539-9",
            "도로명주소":"전라북도 군산시 경촌3길 23",
            "세대수":30,
            "입주년차":0,
            "용적률점수":"--",
            "건폐율점수":"--",
            "세대당주차수":0,
            "난방방식":30,
            "공급면적":"--",
            "전용률":"--",
            "욕실수":50,
            "현관타입":10,
            "주거총점":19.5,
            "지역구공급총점":0.0,
            "역세권":"NA",
            "30분내 이동가능 거점":"NA",
            "1시간내 이동가능 거점":"NA",
            "교통총점":"NA",
            "백화점":0,
            "아울렛몰":80,
            "대형마트":80,
            "은행":0,
            "병원":30,
            "종합병원":100,
            "공원":0,
            "혐오시설":0,
            "인프라총점":43.0,
            "초등학군":90.05,
            "중학군":43.46,
            "학군총점":52.778,
            "인구수":27.88,
            "인구증감":-2.14,
            "인구총점":18.874,
            "일자리":15.62,
            "소득수준":57.1,
            "일자리총점":28.064,
            "가치 총점":37.2195,
            "매매실거래년":20220108.0,
            "매매실거래가":6700.0,
            "전세실거래년":20210630.0,
            "전세실거래가":6000.0,
            "전세가율":89.55,
            "장기전세가율평균":77.07,
            "전세가율거품지수":-12.48,
            "검색코드":4952,
            "세대수":304.0,
            "준공년월":"1995-06-23",
            "준공년차":28.0,
            "가까운역이름":"NA",
            "가까운역거리":"NA",
            "역세권여부":"NA",
            "30분이내주요거점역":"NA",
            "30분거점역이름":"NA",
            "1시간이내주요거점역":"NA",
            "1시간거점역이름":"NA",
            "3km이내백화점수":0,
            "5km이내아울렛몰수":1,
            "1km이내대형먀트수":1,
            "500m이내은행수":0,
            "500m이내병원수":7,
            "5km이내대형병원수":2,
            "500m이내공원수":0,
            "3km이내혐오시설수":0,
            "초등학교학업성취도":90.05,
            "중학교학업성취도":71.9,
            "용적률":0,
            "건폐율":0,
            "Y":35.981002,
            "X":126.735378,
            "rank":84.0,
            "area_info":"23평(76.83), 27평(91.1), 31평(105.47)",
            "last_sales":"2022-01-08,6700.0,23평(76.83)",
            "rank_history":[
                [
                    "202202",
                    84
                ],
                [
                    "202201",
                    80
                ]
            ],
            "rank_gap":-4
        },
        {
            "index":250,
            "아파트명":"금호타운1단지",
            "투자타입":"일반",
            "전용면적(m2)":"89.35",
            "전용면적(평)":"27평",
            "법정동주소":"전라북도 군산시 사정동 421",
            "도로명주소":"전라북도 군산시 내사길 43",
            "세대수":30,
            "입주년차":0,
            "용적률점수":"--",
            "건폐율점수":"--",
            "세대당주차수":0,
            "난방방식":30,
            "공급면적":"--",
            "전용률":"--",
            "욕실수":100,
            "현관타입":100,
            "주거총점":33.5,
            "지역구공급총점":0.0,
            "역세권":"NA",
            "30분내 이동가능 거점":"NA",
            "1시간내 이동가능 거점":"NA",
            "교통총점":"NA",
            "백화점":0,
            "아울렛몰":80,
            "대형마트":0,
            "은행":0,
            "병원":0,
            "종합병원":100,
            "공원":80,
            "혐오시설":0,
            "인프라총점":30.4,
            "초등학군":90.0,
            "중학군":43.46,
            "학군총점":52.768,
            "인구수":27.88,
            "인구증감":-2.14,
            "인구총점":18.874,
            "일자리":15.62,
            "소득수준":57.1,
            "일자리총점":28.064,
            "가치 총점":37.077,
            "매매실거래년":20220112.0,
            "매매실거래가":10500.0,
            "전세실거래년":20210316.0,
            "전세실거래가":6500.0,
            "전세가율":67.71,
            "장기전세가율평균":77.07,
            "전세가율거품지수":9.36,
            "검색코드":5036,
            "세대수":342.0,
            "준공년월":"1993-02-25",
            "준공년차":30.0,
            "가까운역이름":"NA",
            "가까운역거리":"NA",
            "역세권여부":"NA",
            "30분이내주요거점역":"NA",
            "30분거점역이름":"NA",
            "1시간이내주요거점역":"NA",
            "1시간거점역이름":"NA",
            "3km이내백화점수":0,
            "5km이내아울렛몰수":1,
            "1km이내대형먀트수":0,
            "500m이내은행수":0,
            "500m이내병원수":0,
            "5km이내대형병원수":2,
            "500m이내공원수":1,
            "3km이내혐오시설수":0,
            "초등학교학업성취도":90.0,
            "중학교학업성취도":71.9,
            "용적률":0,
            "건폐율":0,
            "Y":35.96368,
            "X":126.744756,
            "rank":85.0,
            "area_info":"27평(89.35), 30평(102.0)",
            "last_sales":"2022-01-12,10500.0,30평(102.0)",
            "rank_history":[
                [
                    "202202",
                    85
                ],
                [
                    "202201",
                    83
                ]
            ],
            "rank_gap":-2
        },
        {
            "index":348,
            "아파트명":"동영",
            "투자타입":"일반",
            "전용면적(m2)":"46.92",
            "전용면적(평)":"14평",
            "법정동주소":"전라북도 군산시 수송동 656",
            "도로명주소":"전라북도 군산시 신평길 12",
            "세대수":30,
            "입주년차":0,
            "용적률점수":"--",
            "건폐율점수":"--",
            "세대당주차수":0,
            "난방방식":30,
            "공급면적":"--",
            "전용률":"--",
            "욕실수":50,
            "현관타입":100,
            "주거총점":28.5,
            "지역구공급총점":0.0,
            "역세권":"NA",
            "30분내 이동가능 거점":"NA",
            "1시간내 이동가능 거점":"NA",
            "교통총점":"NA",
            "백화점":0,
            "아울렛몰":80,
            "대형마트":0,
            "은행":0,
            "병원":10,
            "종합병원":100,
            "공원":100,
            "혐오시설":0,
            "인프라총점":32.0,
            "초등학군":90.0,
            "중학군":48.14,
            "학군총점":56.512,
            "인구수":27.88,
            "인구증감":-2.14,
            "인구총점":18.874,
            "일자리":15.62,
            "소득수준":57.1,
            "일자리총점":28.064,
            "가치 총점":36.903,
            "매매실거래년":20211113.0,
            "매매실거래가":4800.0,
            "전세실거래년":20201127.0,
            "전세실거래가":4000.0,
            "전세가율":83.33,
            "장기전세가율평균":77.07,
            "전세가율거품지수":-6.26,
            "검색코드":123068,
            "세대수":360.0,
            "준공년월":"1998-09-25",
            "준공년차":25.0,
            "가까운역이름":"NA",
            "가까운역거리":"NA",
            "역세권여부":"NA",
            "30분이내주요거점역":"NA",
            "30분거점역이름":"NA",
            "1시간이내주요거점역":"NA",
            "1시간거점역이름":"NA",
            "3km이내백화점수":0,
            "5km이내아울렛몰수":1,
            "1km이내대형먀트수":0,
            "500m이내은행수":0,
            "500m이내병원수":4,
            "5km이내대형병원수":2,
            "500m이내공원수":2,
            "3km이내혐오시설수":0,
            "초등학교학업성취도":90.0,
            "중학교학업성취도":79.3,
            "용적률":263,
            "건폐율":24,
            "Y":35.95605,
            "X":126.713757,
            "rank":86.0,
            "area_info":"14평(46.92), 16평(54.42), 22평(75.97), 22평(76.0)",
            "last_sales":"2021-11-13,4800.0,14평(46.92)",
            "rank_history":[
                [
                    "202202",
                    86
                ],
                [
                    "202201",
                    84
                ]
            ],
            "rank_gap":-2
        },
        {
            "index":22,
            "아파트명":"동신",
            "투자타입":"재건축",
            "전용면적(m2)":"73.2",
            "전용면적(평)":"22평",
            "법정동주소":"전라북도 군산시 금동 10",
            "도로명주소":"전라북도 군산시 구영신창길 77",
            "세대수":0,
            "입주년차":"--",
            "용적률점수":0,
            "건폐율점수":80,
            "세대당주차수":"--",
            "난방방식":"--",
            "공급면적":50,
            "전용률":80,
            "욕실수":"--",
            "현관타입":"--",
            "주거총점":22.5,
            "지역구공급총점":0.0,
            "역세권":"NA",
            "30분내 이동가능 거점":"NA",
            "1시간내 이동가능 거점":"NA",
            "교통총점":"NA",
            "백화점":0,
            "아울렛몰":80,
            "대형마트":0,
            "은행":20,
            "병원":60,
            "종합병원":100,
            "공원":100,
            "혐오시설":0,
            "인프라총점":39.0,
            "초등학군":90.02,
            "중학군":44.22,
            "학군총점":53.38,
            "인구수":27.88,
            "인구증감":-2.14,
            "인구총점":18.874,
            "일자리":15.62,
            "소득수준":57.1,
            "일자리총점":28.064,
            "가치 총점":36.82,
            "매매실거래년":20211110.0,
            "매매실거래가":7700.0,
            "전세실거래년":20211015.0,
            "전세실거래가":4300.0,
            "전세가율":87.76,
            "장기전세가율평균":77.07,
            "전세가율거품지수":-10.69,
            "검색코드":14955,
            "세대수":169.0,
            "준공년월":"1992-08-12",
            "준공년차":31.0,
            "가까운역이름":"NA",
            "가까운역거리":"NA",
            "역세권여부":"NA",
            "30분이내주요거점역":"NA",
            "30분거점역이름":"NA",
            "1시간이내주요거점역":"NA",
            "1시간거점역이름":"NA",
            "3km이내백화점수":0,
            "5km이내아울렛몰수":1,
            "1km이내대형먀트수":0,
            "500m이내은행수":2,
            "500m이내병원수":10,
            "5km이내대형병원수":2,
            "500m이내공원수":4,
            "3km이내혐오시설수":0,
            "초등학교학업성취도":90.02,
            "중학교학업성취도":72.7,
            "용적률":224,
            "건폐율":23,
            "Y":35.987711,
            "X":126.706061,
            "rank":87.0,
            "area_info":"22평(73.2), 22평(73.2), 24평(81.88), 24평(81.58), 27평(92.48), 30평(102.11)",
            "last_sales":"2021-11-10,7700.0,30평(102.11)",
            "rank_history":[
                [
                    "202202",
                    87
                ],
                [
                    "202201",
                    94
                ]
            ],
            "rank_gap":7
        },
        {
            "index":449,
            "아파트명":"동신개나리",
            "투자타입":"일반",
            "전용면적(m2)":"60.51",
            "전용면적(평)":"18평",
            "법정동주소":"전라북도 군산시 조촌동 907-2",
            "도로명주소":"전라북도 군산시 양안로 119",
            "세대수":30,
            "입주년차":0,
            "용적률점수":"--",
            "건폐율점수":"--",
            "세대당주차수":0,
            "난방방식":30,
            "공급면적":"--",
            "전용률":"--",
            "욕실수":50,
            "현관타입":100,
            "주거총점":28.5,
            "지역구공급총점":0.0,
            "역세권":"NA",
            "30분내 이동가능 거점":"NA",
            "1시간내 이동가능 거점":"NA",
            "교통총점":"NA",
            "백화점":0,
            "아울렛몰":80,
            "대형마트":0,
            "은행":0,
            "병원":30,
            "종합병원":100,
            "공원":100,
            "혐오시설":0,
            "인프라총점":34.0,
            "초등학군":89.99,
            "중학군":43.46,
            "학군총점":52.766,
            "인구수":27.88,
            "인구증감":-2.14,
            "인구총점":18.874,
            "일자리":15.62,
            "소득수준":57.1,
            "일자리총점":28.064,
            "가치 총점":36.7665,
            "매매실거래년":20220115.0,
            "매매실거래가":7500.0,
            "전세실거래년":20210821.0,
            "전세실거래가":4000.0,
            "전세가율":61.54,
            "장기전세가율평균":77.07,
            "전세가율거품지수":15.53,
            "검색코드":5065,
            "세대수":383.0,
            "준공년월":"1995-12-01",
            "준공년차":28.0,
            "가까운역이름":"NA",
            "가까운역거리":"NA",
            "역세권여부":"NA",
            "30분이내주요거점역":"NA",
            "30분거점역이름":"NA",
            "1시간이내주요거점역":"NA",
            "1시간거점역이름":"NA",
            "3km이내백화점수":0,
            "5km이내아울렛몰수":1,
            "1km이내대형먀트수":0,
            "500m이내은행수":0,
            "500m이내병원수":9,
            "5km이내대형병원수":2,
            "500m이내공원수":3,
            "3km이내혐오시설수":0,
            "초등학교학업성취도":89.99,
            "중학교학업성취도":71.9,
            "용적률":197,
            "건폐율":18,
            "Y":35.97279,
            "X":126.74294,
            "rank":88.0,
            "area_info":"18평(60.51), 22평(76.03)",
            "last_sales":"2022-01-15,7500.0,22평(76.03)",
            "rank_history":[
                [
                    "202202",
                    88
                ],
                [
                    "202201",
                    85
                ]
            ],
            "rank_gap":-3
        },
        {
            "index":301,
            "아파트명":"금강골드빌",
            "투자타입":"일반",
            "전용면적(m2)":"113.61",
            "전용면적(평)":"34평",
            "법정동주소":"전라북도 군산시 소룡동 1349",
            "도로명주소":"전라북도 군산시 설림2길 33-1",
            "세대수":0,
            "입주년차":20,
            "용적률점수":"--",
            "건폐율점수":"--",
            "세대당주차수":30,
            "난방방식":30,
            "공급면적":"--",
            "전용률":"--",
            "욕실수":100,
            "현관타입":100,
            "주거총점":31.5,
            "지역구공급총점":0.0,
            "역세권":"NA",
            "30분내 이동가능 거점":"NA",
            "1시간내 이동가능 거점":"NA",
            "교통총점":"NA",
            "백화점":0,
            "아울렛몰":80,
            "대형마트":0,
            "은행":0,
            "병원":30,
            "종합병원":100,
            "공원":80,
            "혐오시설":0,
            "인프라총점":33.4,
            "초등학군":89.99,
            "중학군":38.16,
            "학군총점":48.526,
            "인구수":27.88,
            "인구증감":-2.14,
            "인구총점":18.874,
            "일자리":15.62,
            "소득수준":57.1,
            "일자리총점":28.064,
            "가치 총점":36.5165,
            "매매실거래년":20211220.0,
            "매매실거래가":13000.0,
            "전세실거래년":20211105.0,
            "전세실거래가":10000.0,
            "전세가율":76.92,
            "장기전세가율평균":77.07,
            "전세가율거품지수":0.15,
            "검색코드":101215,
            "세대수":294.0,
            "준공년월":"2003-02-10",
            "준공년차":20.0,
            "가까운역이름":"NA",
            "가까운역거리":"NA",
            "역세권여부":"NA",
            "30분이내주요거점역":"NA",
            "30분거점역이름":"NA",
            "1시간이내주요거점역":"NA",
            "1시간거점역이름":"NA",
            "3km이내백화점수":0,
            "5km이내아울렛몰수":1,
            "1km이내대형먀트수":0,
            "500m이내은행수":0,
            "500m이내병원수":6,
            "5km이내대형병원수":2,
            "500m이내공원수":1,
            "3km이내혐오시설수":0,
            "초등학교학업성취도":89.99,
            "중학교학업성취도":63.0,
            "용적률":142,
            "건폐율":21,
            "Y":35.976517,
            "X":126.68449,
            "rank":89.0,
            "area_info":"34평(113.61)",
            "last_sales":"2021-12-20,13000.0,34평(113.61)",
            "rank_history":[
                [
                    "202202",
                    89
                ],
                [
                    "202201",
                    93
                ]
            ],
            "rank_gap":4
        },
        {
            "index":189,
            "아파트명":"미룡주공2단지",
            "투자타입":"일반",
            "전용면적(m2)":"68.3",
            "전용면적(평)":"20평",
            "법정동주소":"전라북도 군산시 미룡동 896-1",
            "도로명주소":"전라북도 군산시 미룡로 41",
            "세대수":80,
            "입주년차":20,
            "용적률점수":"--",
            "건폐율점수":"--",
            "세대당주차수":0,
            "난방방식":30,
            "공급면적":"--",
            "전용률":"--",
            "욕실수":50,
            "현관타입":10,
            "주거총점":41.0,
            "지역구공급총점":0.0,
            "역세권":"NA",
            "30분내 이동가능 거점":"NA",
            "1시간내 이동가능 거점":"NA",
            "교통총점":"NA",
            "백화점":0,
            "아울렛몰":0,
            "대형마트":0,
            "은행":0,
            "병원":30,
            "종합병원":80,
            "공원":100,
            "혐오시설":0,
            "인프라총점":22.0,
            "초등학군":90.0,
            "중학군":44.16,
            "학군총점":53.328,
            "인구수":27.88,
            "인구증감":-2.14,
            "인구총점":18.874,
            "일자리":15.62,
            "소득수준":57.1,
            "일자리총점":28.064,
            "가치 총점":36.482,
            "매매실거래년":20220113.0,
            "매매실거래가":8900.0,
            "전세실거래년":20211230.0,
            "전세실거래가":6500.0,
            "전세가율":73.03,
            "장기전세가율평균":77.07,
            "전세가율거품지수":4.04,
            "검색코드":16988,
            "세대수":874.0,
            "준공년월":"2001-03-19",
            "준공년차":22.0,
            "가까운역이름":"NA",
            "가까운역거리":"NA",
            "역세권여부":"NA",
            "30분이내주요거점역":"NA",
            "30분거점역이름":"NA",
            "1시간이내주요거점역":"NA",
            "1시간거점역이름":"NA",
            "3km이내백화점수":0,
            "5km이내아울렛몰수":0,
            "1km이내대형먀트수":0,
            "500m이내은행수":0,
            "500m이내병원수":8,
            "5km이내대형병원수":1,
            "500m이내공원수":7,
            "3km이내혐오시설수":0,
            "초등학교학업성취도":90.0,
            "중학교학업성취도":71.4,
            "용적률":209,
            "건폐율":17,
            "Y":35.944153,
            "X":126.689371,
            "rank":90.0,
            "area_info":"20평(68.3), 21평(70.55), 24평(80.67), 24평(80.7), 24평(80.61), 34평(114.57)",
            "last_sales":"2022-01-13,8900.0,20평(68.3)",
            "rank_history":[
                [
                    "202202",
                    90
                ],
                [
                    "202201",
                    86
                ]
            ],
            "rank_gap":-4
        },
        {
            "index":324,
            "아파트명":"신도시",
            "투자타입":"일반",
            "전용면적(m2)":"62.98",
            "전용면적(평)":"19평",
            "법정동주소":"전라북도 군산시 소룡동 755",
            "도로명주소":"전라북도 군산시 풍전6길 16",
            "세대수":80,
            "입주년차":20,
            "용적률점수":"--",
            "건폐율점수":"--",
            "세대당주차수":0,
            "난방방식":30,
            "공급면적":"--",
            "전용률":"--",
            "욕실수":50,
            "현관타입":50,
            "주거총점":45.0,
            "지역구공급총점":0.0,
            "역세권":"NA",
            "30분내 이동가능 거점":"NA",
            "1시간내 이동가능 거점":"NA",
            "교통총점":"NA",
            "백화점":0,
            "아울렛몰":0,
            "대형마트":0,
            "은행":0,
            "병원":30,
            "종합병원":80,
            "공원":80,
            "혐오시설":0,
            "인프라총점":21.4,
            "초등학군":89.99,
            "중학군":38.16,
            "학군총점":48.526,
            "인구수":27.88,
            "인구증감":-2.14,
            "인구총점":18.874,
            "일자리":15.62,
            "소득수준":57.1,
            "일자리총점":28.064,
            "가치 총점":36.4415,
            "매매실거래년":20220120.0,
            "매매실거래가":4000.0,
            "전세실거래년":20210507.0,
            "전세실거래가":2500.0,
            "전세가율":62.5,
            "장기전세가율평균":77.07,
            "전세가율거품지수":14.57,
            "검색코드":27544,
            "세대수":720.0,
            "준공년월":"2001-12-14",
            "준공년차":22.0,
            "가까운역이름":"NA",
            "가까운역거리":"NA",
            "역세권여부":"NA",
            "30분이내주요거점역":"NA",
            "30분거점역이름":"NA",
            "1시간이내주요거점역":"NA",
            "1시간거점역이름":"NA",
            "3km이내백화점수":0,
            "5km이내아울렛몰수":0,
            "1km이내대형먀트수":0,
            "500m이내은행수":0,
            "500m이내병원수":8,
            "5km이내대형병원수":1,
            "500m이내공원수":1,
            "3km이내혐오시설수":0,
            "초등학교학업성취도":89.99,
            "중학교학업성취도":63.0,
            "용적률":281,
            "건폐율":18,
            "Y":35.976204,
            "X":126.67812,
            "rank":91.0,
            "area_info":"19평(62.98), 19평(63.57)",
            "last_sales":"2022-01-20,4000.0,19평(62.98)",
            "rank_history":[
                [
                    "202202",
                    91
                ],
                [
                    "202201",
                    88
                ]
            ],
            "rank_gap":-3
        },
        {
            "index":456,
            "아파트명":"세경",
            "투자타입":"일반",
            "전용면적(m2)":"83.87",
            "전용면적(평)":"25평",
            "법정동주소":"전라북도 군산시 조촌동 907-1",
            "도로명주소":"전라북도 군산시 양안로 123",
            "세대수":0,
            "입주년차":20,
            "용적률점수":"--",
            "건폐율점수":"--",
            "세대당주차수":0,
            "난방방식":30,
            "공급면적":"--",
            "전용률":"--",
            "욕실수":100,
            "현관타입":100,
            "주거총점":27.0,
            "지역구공급총점":0.0,
            "역세권":"NA",
            "30분내 이동가능 거점":"NA",
            "1시간내 이동가능 거점":"NA",
            "교통총점":"NA",
            "백화점":0,
            "아울렛몰":80,
            "대형마트":0,
            "은행":0,
            "병원":30,
            "종합병원":100,
            "공원":100,
            "혐오시설":0,
            "인프라총점":34.0,
            "초등학군":89.99,
            "중학군":43.46,
            "학군총점":52.766,
            "인구수":27.88,
            "인구증감":-2.14,
            "인구총점":18.874,
            "일자리":15.62,
            "소득수준":57.1,
            "일자리총점":28.064,
            "가치 총점":36.2415,
            "매매실거래년":"18000101",
            "매매실거래가":null,
            "전세실거래년":20201203.0,
            "전세실거래가":3350.0,
            "전세가율":null,
            "장기전세가율평균":77.07,
            "전세가율거품지수":null,
            "검색코드":135799,
            "세대수":204.0,
            "준공년월":"2001-07-23",
            "준공년차":22.0,
            "가까운역이름":"NA",
            "가까운역거리":"NA",
            "역세권여부":"NA",
            "30분이내주요거점역":"NA",
            "30분거점역이름":"NA",
            "1시간이내주요거점역":"NA",
            "1시간거점역이름":"NA",
            "3km이내백화점수":0,
            "5km이내아울렛몰수":1,
            "1km이내대형먀트수":0,
            "500m이내은행수":0,
            "500m이내병원수":9,
            "5km이내대형병원수":2,
            "500m이내공원수":3,
            "3km이내혐오시설수":0,
            "초등학교학업성취도":89.99,
            "중학교학업성취도":71.9,
            "용적률":202,
            "건폐율":20,
            "Y":35.973601,
            "X":126.742862,
            "rank":92.0,
            "area_info":"25평(83.87)",
            "last_sales":"1800-01-01,nan,25평(83.87)",
            "rank_history":[
                [
                    "202202",
                    92
                ],
                [
                    "202201",
                    87
                ]
            ],
            "rank_gap":-5
        },
        {
            "index":412,
            "아파트명":"그린장미",
            "투자타입":"재건축",
            "전용면적(m2)":"74.13",
            "전용면적(평)":"22평",
            "법정동주소":"전라북도 군산시 장재동 45-4",
            "도로명주소":"전라북도 군산시 풍문2길 30",
            "세대수":0,
            "입주년차":"--",
            "용적률점수":0,
            "건폐율점수":100,
            "세대당주차수":"--",
            "난방방식":"--",
            "공급면적":50,
            "전용률":80,
            "욕실수":"--",
            "현관타입":"--",
            "주거총점":26.5,
            "지역구공급총점":0.0,
            "역세권":"NA",
            "30분내 이동가능 거점":"NA",
            "1시간내 이동가능 거점":"NA",
            "교통총점":"NA",
            "백화점":0,
            "아울렛몰":80,
            "대형마트":0,
            "은행":20,
            "병원":30,
            "종합병원":100,
            "공원":100,
            "혐오시설":0,
            "인프라총점":36.0,
            "초등학군":89.99,
            "중학군":39.26,
            "학군총점":49.406,
            "인구수":27.88,
            "인구증감":-2.14,
            "인구총점":18.874,
            "일자리":15.62,
            "소득수준":57.1,
            "일자리총점":28.064,
            "가치 총점":36.0265,
            "매매실거래년":20211115.0,
            "매매실거래가":5000.0,
            "전세실거래년":null,
            "전세실거래가":null,
            "전세가율":null,
            "장기전세가율평균":77.07,
            "전세가율거품지수":null,
            "검색코드":106424,
            "세대수":158.0,
            "준공년월":"1992-12-07",
            "준공년차":31.0,
            "가까운역이름":"NA",
            "가까운역거리":"NA",
            "역세권여부":"NA",
            "30분이내주요거점역":"NA",
            "30분거점역이름":"NA",
            "1시간이내주요거점역":"NA",
            "1시간거점역이름":"NA",
            "3km이내백화점수":0,
            "5km이내아울렛몰수":1,
            "1km이내대형먀트수":0,
            "500m이내은행수":2,
            "500m이내병원수":9,
            "5km이내대형병원수":2,
            "500m이내공원수":2,
            "3km이내혐오시설수":0,
            "초등학교학업성취도":89.99,
            "중학교학업성취도":64.5,
            "용적률":223,
            "건폐율":15,
            "Y":35.978287,
            "X":126.719,
            "rank":93.0,
            "area_info":"22평(74.13), 26평(88.14), 30평(99.88)",
            "last_sales":"2021-11-15,5000.0,22평(74.13)",
            "rank_history":[
                [
                    "202202",
                    93
                ],
                [
                    "202201",
                    90
                ]
            ],
            "rank_gap":-3
        },
        {
            "index":136,
            "아파트명":"현대백조",
            "투자타입":"재건축",
            "전용면적(m2)":"84.38",
            "전용면적(평)":"25평",
            "법정동주소":"전라북도 군산시 나운동 1155-9",
            "도로명주소":"전라북도 군산시 상나운1길 30",
            "세대수":50,
            "입주년차":"--",
            "용적률점수":0,
            "건폐율점수":0,
            "세대당주차수":"--",
            "난방방식":"--",
            "공급면적":70,
            "전용률":80,
            "욕실수":"--",
            "현관타입":"--",
            "주거총점":22.5,
            "지역구공급총점":0.0,
            "역세권":"NA",
            "30분내 이동가능 거점":"NA",
            "1시간내 이동가능 거점":"NA",
            "교통총점":"NA",
            "백화점":0,
            "아울렛몰":80,
            "대형마트":0,
            "은행":20,
            "병원":60,
            "종합병원":100,
            "공원":100,
            "혐오시설":0,
            "인프라총점":39.0,
            "초등학군":90.04,
            "중학군":39.96,
            "학군총점":49.976,
            "인구수":27.88,
            "인구증감":-2.14,
            "인구총점":18.874,
            "일자리":15.62,
            "소득수준":57.1,
            "일자리총점":28.064,
            "가치 총점":35.969,
            "매매실거래년":20210810.0,
            "매매실거래가":7000.0,
            "전세실거래년":20210302.0,
            "전세실거래가":6000.0,
            "전세가율":85.71,
            "장기전세가율평균":77.07,
            "전세가율거품지수":-8.64,
            "검색코드":5030,
            "세대수":498.0,
            "준공년월":"1992-11-12",
            "준공년차":31.0,
            "가까운역이름":"NA",
            "가까운역거리":"NA",
            "역세권여부":"NA",
            "30분이내주요거점역":"NA",
            "30분거점역이름":"NA",
            "1시간이내주요거점역":"NA",
            "1시간거점역이름":"NA",
            "3km이내백화점수":0,
            "5km이내아울렛몰수":1,
            "1km이내대형먀트수":0,
            "500m이내은행수":2,
            "500m이내병원수":14,
            "5km이내대형병원수":2,
            "500m이내공원수":7,
            "3km이내혐오시설수":0,
            "초등학교학업성취도":90.04,
            "중학교학업성취도":64.8,
            "용적률":0,
            "건폐율":0,
            "Y":35.966689,
            "X":126.692314,
            "rank":94.0,
            "area_info":"25평(84.38), 28평(95.77), 28평(95.71)",
            "last_sales":"2021-08-10,7000.0,28평(95.71)",
            "rank_history":[
                [
                    "202202",
                    94
                ],
                [
                    "202201",
                    95
                ]
            ],
            "rank_gap":1
        },
        {
            "index":77,
            "아파트명":"롯데4차",
            "투자타입":"일반",
            "전용면적(m2)":"122.46",
            "전용면적(평)":"37평",
            "법정동주소":"전라북도 군산시 나운동 155-6",
            "도로명주소":"전라북도 군산시 백토로 242",
            "세대수":0,
            "입주년차":0,
            "용적률점수":"--",
            "건폐율점수":"--",
            "세대당주차수":0,
            "난방방식":30,
            "공급면적":"--",
            "전용률":"--",
            "욕실수":100,
            "현관타입":100,
            "주거총점":23.0,
            "지역구공급총점":0.0,
            "역세권":"NA",
            "30분내 이동가능 거점":"NA",
            "1시간내 이동가능 거점":"NA",
            "교통총점":"NA",
            "백화점":0,
            "아울렛몰":80,
            "대형마트":0,
            "은행":0,
            "병원":30,
            "종합병원":100,
            "공원":100,
            "혐오시설":0,
            "인프라총점":34.0,
            "초등학군":90.01,
            "중학군":48.14,
            "학군총점":56.514,
            "인구수":27.88,
            "인구증감":-2.14,
            "인구총점":18.874,
            "일자리":15.62,
            "소득수준":57.1,
            "일자리총점":28.064,
            "가치 총점":35.7785,
            "매매실거래년":20211109.0,
            "매매실거래가":28000.0,
            "전세실거래년":20201230.0,
            "전세실거래가":15000.0,
            "전세가율":78.95,
            "장기전세가율평균":77.07,
            "전세가율거품지수":-1.88,
            "검색코드":4987,
            "세대수":210.0,
            "준공년월":"1996-04-25",
            "준공년차":27.0,
            "가까운역이름":"NA",
            "가까운역거리":"NA",
            "역세권여부":"NA",
            "30분이내주요거점역":"NA",
            "30분거점역이름":"NA",
            "1시간이내주요거점역":"NA",
            "1시간거점역이름":"NA",
            "3km이내백화점수":0,
            "5km이내아울렛몰수":1,
            "1km이내대형먀트수":0,
            "500m이내은행수":1,
            "500m이내병원수":7,
            "5km이내대형병원수":2,
            "500m이내공원수":2,
            "3km이내혐오시설수":0,
            "초등학교학업성취도":90.01,
            "중학교학업성취도":79.3,
            "용적률":207,
            "건폐율":23,
            "Y":35.95787,
            "X":126.70315,
            "rank":95.0,
            "area_info":"37평(122.46), 48평(160.01), 59평(197.44)",
            "last_sales":"2021-11-09,28000.0,48평(160.01)",
            "rank_history":[
                [
                    "202202",
                    95
                ],
                [
                    "202201",
                    92
                ]
            ],
            "rank_gap":-3
        },
        {
            "index":283,
            "아파트명":"고려타운",
            "투자타입":"재건축",
            "전용면적(m2)":"56.26",
            "전용면적(평)":"17평",
            "법정동주소":"전라북도 군산시 서흥남동 818-2",
            "도로명주소":"전라북도 군산시 서흥2길 56",
            "세대수":0,
            "입주년차":"--",
            "용적률점수":0,
            "건폐율점수":0,
            "세대당주차수":"--",
            "난방방식":"--",
            "공급면적":50,
            "전용률":60,
            "욕실수":"--",
            "현관타입":"--",
            "주거총점":5.5,
            "지역구공급총점":0.0,
            "역세권":"NA",
            "30분내 이동가능 거점":"NA",
            "1시간내 이동가능 거점":"NA",
            "교통총점":"NA",
            "백화점":0,
            "아울렛몰":80,
            "대형마트":80,
            "은행":0,
            "병원":60,
            "종합병원":100,
            "공원":80,
            "혐오시설":0,
            "인프라총점":48.4,
            "초등학군":90.0,
            "중학군":49.08,
            "학군총점":57.264,
            "인구수":27.88,
            "인구증감":-2.14,
            "인구총점":18.874,
            "일자리":15.62,
            "소득수준":57.1,
            "일자리총점":28.064,
            "가치 총점":35.601,
            "매매실거래년":20220112.0,
            "매매실거래가":5400.0,
            "전세실거래년":null,
            "전세실거래가":null,
            "전세가율":null,
            "장기전세가율평균":77.07,
            "전세가율거품지수":null,
            "검색코드":16994,
            "세대수":226.0,
            "준공년월":"1992-05-23",
            "준공년차":31.0,
            "가까운역이름":"NA",
            "가까운역거리":"NA",
            "역세권여부":"NA",
            "30분이내주요거점역":"NA",
            "30분거점역이름":"NA",
            "1시간이내주요거점역":"NA",
            "1시간거점역이름":"NA",
            "3km이내백화점수":0,
            "5km이내아울렛몰수":1,
            "1km이내대형먀트수":1,
            "500m이내은행수":1,
            "500m이내병원수":24,
            "5km이내대형병원수":2,
            "500m이내공원수":1,
            "3km이내혐오시설수":0,
            "초등학교학업성취도":90.0,
            "중학교학업성취도":80.2,
            "용적률":0,
            "건폐율":0,
            "Y":35.971766,
            "X":126.711821,
            "rank":96.0,
            "area_info":"17평(56.26), 19평(64.79), 22평(74.64), 23평(76.87), 23평(77.52), 23평(77.46), 31평(104.85), 31평(105.37), 33평(109.99), 33평(110.8)",
            "last_sales":"2022-01-12,5400.0,23평(77.52)",
            "rank_history":[
                [
                    "202202",
                    96
                ],
                [
                    "202201",
                    91
                ]
            ],
            "rank_gap":-5
        },
        {
            "index":394,
            "아파트명":"한성필하우스",
            "투자타입":"일반",
            "전용면적(m2)":"50.2",
            "전용면적(평)":"15평",
            "법정동주소":"전라북도 군산시 오식도동 806-3",
            "도로명주소":"전라북도 군산시 요죽길 76",
            "세대수":80,
            "입주년차":60,
            "용적률점수":"--",
            "건폐율점수":"--",
            "세대당주차수":30,
            "난방방식":30,
            "공급면적":"--",
            "전용률":"--",
            "욕실수":50,
            "현관타입":100,
            "주거총점":62.5,
            "지역구공급총점":0.0,
            "역세권":"NA",
            "30분내 이동가능 거점":"NA",
            "1시간내 이동가능 거점":"NA",
            "교통총점":"NA",
            "백화점":0,
            "아울렛몰":0,
            "대형마트":0,
            "은행":0,
            "병원":0,
            "종합병원":0,
            "공원":100,
            "혐오시설":0,
            "인프라총점":3.0,
            "초등학군":90.09,
            "중학군":38.16,
            "학군총점":48.546,
            "인구수":27.88,
            "인구증감":-2.14,
            "인구총점":18.874,
            "일자리":15.62,
            "소득수준":57.1,
            "일자리총점":28.064,
            "가치 총점":35.2115,
            "매매실거래년":20220106.0,
            "매매실거래가":12250.0,
            "전세실거래년":20211101.0,
            "전세실거래가":5000.0,
            "전세가율":75.41,
            "장기전세가율평균":77.07,
            "전세가율거품지수":1.66,
            "검색코드":140671,
            "세대수":892.0,
            "준공년월":"2012-08-29",
            "준공년차":11.0,
            "가까운역이름":"NA",
            "가까운역거리":"NA",
            "역세권여부":"NA",
            "30분이내주요거점역":"NA",
            "30분거점역이름":"NA",
            "1시간이내주요거점역":"NA",
            "1시간거점역이름":"NA",
            "3km이내백화점수":0,
            "5km이내아울렛몰수":0,
            "1km이내대형먀트수":0,
            "500m이내은행수":0,
            "500m이내병원수":1,
            "5km이내대형병원수":0,
            "500m이내공원수":4,
            "3km이내혐오시설수":0,
            "초등학교학업성취도":90.09,
            "중학교학업성취도":63.0,
            "용적률":231,
            "건폐율":20,
            "Y":35.967808,
            "X":126.565366,
            "rank":97.0,
            "area_info":"15평(50.2), 24평(82.62), 25평(83.79), 25평(84.42)",
            "last_sales":"2022-01-06,12250.0,25평(84.42)",
            "rank_history":[
                [
                    "202202",
                    97
                ],
                [
                    "202201",
                    96
                ]
            ],
            "rank_gap":-1
        },
        {
            "index":302,
            "아파트명":"나우하이츠",
            "투자타입":"일반",
            "전용면적(m2)":"99.9",
            "전용면적(평)":"30평",
            "법정동주소":"전라북도 군산시 소룡동 1347-12",
            "도로명주소":"전라북도 군산시 설림길 61",
            "세대수":0,
            "입주년차":20,
            "용적률점수":"--",
            "건폐율점수":"--",
            "세대당주차수":30,
            "난방방식":30,
            "공급면적":"--",
            "전용률":"--",
            "욕실수":100,
            "현관타입":100,
            "주거총점":31.5,
            "지역구공급총점":0.0,
            "역세권":"NA",
            "30분내 이동가능 거점":"NA",
            "1시간내 이동가능 거점":"NA",
            "교통총점":"NA",
            "백화점":0,
            "아울렛몰":0,
            "대형마트":0,
            "은행":0,
            "병원":60,
            "종합병원":100,
            "공원":100,
            "혐오시설":0,
            "인프라총점":29.0,
            "초등학군":89.99,
            "중학군":38.16,
            "학군총점":48.526,
            "인구수":27.88,
            "인구증감":-2.14,
            "인구총점":18.874,
            "일자리":15.62,
            "소득수준":57.1,
            "일자리총점":28.064,
            "가치 총점":34.7565,
            "매매실거래년":20220117.0,
            "매매실거래가":7800.0,
            "전세실거래년":20220103.0,
            "전세실거래가":7500.0,
            "전세가율":96.15,
            "장기전세가율평균":77.07,
            "전세가율거품지수":-19.08,
            "검색코드":104844,
            "세대수":118.0,
            "준공년월":"2001-07-21",
            "준공년차":22.0,
            "가까운역이름":"NA",
            "가까운역거리":"NA",
            "역세권여부":"NA",
            "30분이내주요거점역":"NA",
            "30분거점역이름":"NA",
            "1시간이내주요거점역":"NA",
            "1시간거점역이름":"NA",
            "3km이내백화점수":0,
            "5km이내아울렛몰수":0,
            "1km이내대형먀트수":0,
            "500m이내은행수":0,
            "500m이내병원수":11,
            "5km이내대형병원수":2,
            "500m이내공원수":2,
            "3km이내혐오시설수":0,
            "초등학교학업성취도":89.99,
            "중학교학업성취도":63.0,
            "용적률":271,
            "건폐율":23,
            "Y":35.975237,
            "X":126.682061,
            "rank":98.0,
            "area_info":"30평(99.9)",
            "last_sales":"2022-01-17,7800.0,30평(99.9)",
            "rank_history":[
                [
                    "202202",
                    98
                ],
                [
                    "202201",
                    102
                ]
            ],
            "rank_gap":4
        },
        {
            "index":280,
            "아파트명":"군산삼학대우",
            "투자타입":"일반",
            "전용면적(m2)":"81.06",
            "전용면적(평)":"24평",
            "법정동주소":"전라북도 군산시 삼학동 811-1",
            "도로명주소":"전라북도 군산시 축동로 188",
            "세대수":30,
            "입주년차":0,
            "용적률점수":"--",
            "건폐율점수":"--",
            "세대당주차수":0,
            "난방방식":30,
            "공급면적":"--",
            "전용률":"--",
            "욕실수":50,
            "현관타입":10,
            "주거총점":19.5,
            "지역구공급총점":0.0,
            "역세권":"NA",
            "30분내 이동가능 거점":"NA",
            "1시간내 이동가능 거점":"NA",
            "교통총점":"NA",
            "백화점":0,
            "아울렛몰":80,
            "대형마트":0,
            "은행":0,
            "병원":30,
            "종합병원":100,
            "공원":100,
            "혐오시설":0,
            "인프라총점":34.0,
            "초등학군":90.07,
            "중학군":49.08,
            "학군총점":57.278,
            "인구수":27.88,
            "인구증감":-2.14,
            "인구총점":18.874,
            "일자리":15.62,
            "소득수준":57.1,
            "일자리총점":28.064,
            "가치 총점":34.7445,
            "매매실거래년":20211220.0,
            "매매실거래가":13500.0,
            "전세실거래년":20201104.0,
            "전세실거래가":6500.0,
            "전세가율":79.27,
            "장기전세가율평균":77.07,
            "전세가율거품지수":-2.2,
            "검색코드":5047,
            "세대수":381.0,
            "준공년월":"1996-07-01",
            "준공년차":27.0,
            "가까운역이름":"NA",
            "가까운역거리":"NA",
            "역세권여부":"NA",
            "30분이내주요거점역":"NA",
            "30분거점역이름":"NA",
            "1시간이내주요거점역":"NA",
            "1시간거점역이름":"NA",
            "3km이내백화점수":0,
            "5km이내아울렛몰수":1,
            "1km이내대형먀트수":0,
            "500m이내은행수":1,
            "500m이내병원수":5,
            "5km이내대형병원수":2,
            "500m이내공원수":2,
            "3km이내혐오시설수":0,
            "초등학교학업성취도":90.07,
            "중학교학업성취도":80.2,
            "용적률":259,
            "건폐율":25,
            "Y":35.976166,
            "X":126.710308,
            "rank":99.0,
            "area_info":"24평(81.06), 31평(104.36), 46평(155.15)",
            "last_sales":"2021-12-20,13500.0,46평(155.15)",
            "rank_history":[
                [
                    "202202",
                    99
                ],
                [
                    "202201",
                    97
                ]
            ],
            "rank_gap":-2
        },
        {
            "index":51,
            "아파트명":"대명(834-1)",
            "투자타입":"재건축",
            "전용면적(m2)":"88.4",
            "전용면적(평)":"26평",
            "법정동주소":"전라북도 군산시 나운동 834-1",
            "도로명주소":"전라북도 군산시 나운로 70",
            "세대수":0,
            "입주년차":"--",
            "용적률점수":0,
            "건폐율점수":0,
            "세대당주차수":"--",
            "난방방식":"--",
            "공급면적":70,
            "전용률":80,
            "욕실수":"--",
            "현관타입":"--",
            "주거총점":7.5,
            "지역구공급총점":0.0,
            "역세권":"NA",
            "30분내 이동가능 거점":"NA",
            "1시간내 이동가능 거점":"NA",
            "교통총점":"NA",
            "백화점":0,
            "아울렛몰":80,
            "대형마트":0,
            "은행":70,
            "병원":80,
            "종합병원":100,
            "공원":100,
            "혐오시설":0,
            "인프라총점":46.0,
            "초등학군":90.04,
            "중학군":45.12,
            "학군총점":54.104,
            "인구수":27.88,
            "인구증감":-2.14,
            "인구총점":18.874,
            "일자리":15.62,
            "소득수준":57.1,
            "일자리총점":28.064,
            "가치 총점":34.551,
            "매매실거래년":20211113.0,
            "매매실거래가":7750.0,
            "전세실거래년":20211117.0,
            "전세실거래가":8000.0,
            "전세가율":118.52,
            "장기전세가율평균":77.07,
            "전세가율거품지수":-41.45,
            "검색코드":14960,
            "세대수":175.0,
            "준공년월":"1990-07-18",
            "준공년차":33.0,
            "가까운역이름":"NA",
            "가까운역거리":"NA",
            "역세권여부":"NA",
            "30분이내주요거점역":"NA",
            "30분거점역이름":"NA",
            "1시간이내주요거점역":"NA",
            "1시간거점역이름":"NA",
            "3km이내백화점수":0,
            "5km이내아울렛몰수":1,
            "1km이내대형먀트수":0,
            "500m이내은행수":3,
            "500m이내병원수":52,
            "5km이내대형병원수":2,
            "500m이내공원수":5,
            "3km이내혐오시설수":0,
            "초등학교학업성취도":90.04,
            "중학교학업성취도":74.0,
            "용적률":0,
            "건폐율":0,
            "Y":35.96646,
            "X":126.69965,
            "rank":100.0,
            "area_info":"26평(88.4), 31평(104.04)",
            "last_sales":"2021-11-13,7750.0,31평(104.04)",
            "rank_history":[
                [
                    "202202",
                    100
                ],
                [
                    "202201",
                    99
                ]
            ],
            "rank_gap":-1
        },
        {
            "index":28,
            "아파트명":"그린골든맨션",
            "투자타입":"일반",
            "전용면적(m2)":"83.21",
            "전용면적(평)":"25평",
            "법정동주소":"전라북도 군산시 나운동 800-2",
            "도로명주소":"전라북도 군산시 상나운1길 25",
            "세대수":0,
            "입주년차":0,
            "용적률점수":"--",
            "건폐율점수":"--",
            "세대당주차수":0,
            "난방방식":30,
            "공급면적":"--",
            "전용률":"--",
            "욕실수":50,
            "현관타입":100,
            "주거총점":18.0,
            "지역구공급총점":0.0,
            "역세권":"NA",
            "30분내 이동가능 거점":"NA",
            "1시간내 이동가능 거점":"NA",
            "교통총점":"NA",
            "백화점":0,
            "아울렛몰":80,
            "대형마트":0,
            "은행":20,
            "병원":60,
            "종합병원":100,
            "공원":100,
            "혐오시설":0,
            "인프라총점":39.0,
            "초등학군":90.04,
            "중학군":39.96,
            "학군총점":49.976,
            "인구수":27.88,
            "인구증감":-2.14,
            "인구총점":18.874,
            "일자리":15.62,
            "소득수준":57.1,
            "일자리총점":28.064,
            "가치 총점":34.394,
            "매매실거래년":20211107.0,
            "매매실거래가":5150.0,
            "전세실거래년":20200630.0,
            "전세실거래가":4500.0,
            "전세가율":87.38,
            "장기전세가율평균":77.07,
            "전세가율거품지수":-10.31,
            "검색코드":102445,
            "세대수":154.0,
            "준공년월":"1993-06-16",
            "준공년차":30.0,
            "가까운역이름":"NA",
            "가까운역거리":"NA",
            "역세권여부":"NA",
            "30분이내주요거점역":"NA",
            "30분거점역이름":"NA",
            "1시간이내주요거점역":"NA",
            "1시간거점역이름":"NA",
            "3km이내백화점수":0,
            "5km이내아울렛몰수":1,
            "1km이내대형먀트수":0,
            "500m이내은행수":2,
            "500m이내병원수":11,
            "5km이내대형병원수":2,
            "500m이내공원수":6,
            "3km이내혐오시설수":0,
            "초등학교학업성취도":90.04,
            "중학교학업성취도":64.8,
            "용적률":258,
            "건폐율":23,
            "Y":35.965229,
            "X":126.691528,
            "rank":101.0,
            "area_info":"25평(83.21)",
            "last_sales":"2021-11-07,5150.0,25평(83.21)",
            "rank_history":[
                [
                    "202202",
                    101
                ],
                [
                    "202201",
                    100
                ]
            ],
            "rank_gap":-1
        },
        {
            "index":252,
            "아파트명":"금호타운2단지",
            "투자타입":"일반",
            "전용면적(m2)":"76.22",
            "전용면적(평)":"23평",
            "법정동주소":"전라북도 군산시 사정동 100",
            "도로명주소":"전라북도 군산시 두란뜸2길 8",
            "세대수":30,
            "입주년차":0,
            "용적률점수":"--",
            "건폐율점수":"--",
            "세대당주차수":0,
            "난방방식":30,
            "공급면적":"--",
            "전용률":"--",
            "욕실수":50,
            "현관타입":100,
            "주거총점":28.5,
            "지역구공급총점":0.0,
            "역세권":"NA",
            "30분내 이동가능 거점":"NA",
            "1시간내 이동가능 거점":"NA",
            "교통총점":"NA",
            "백화점":0,
            "아울렛몰":80,
            "대형마트":0,
            "은행":0,
            "병원":0,
            "종합병원":100,
            "공원":0,
            "혐오시설":0,
            "인프라총점":28.0,
            "초등학군":90.0,
            "중학군":43.46,
            "학군총점":52.768,
            "인구수":27.88,
            "인구증감":-2.14,
            "인구총점":18.874,
            "일자리":15.62,
            "소득수준":57.1,
            "일자리총점":28.064,
            "가치 총점":34.367,
            "매매실거래년":20220107.0,
            "매매실거래가":13000.0,
            "전세실거래년":20201024.0,
            "전세실거래가":7000.0,
            "전세가율":93.33,
            "장기전세가율평균":77.07,
            "전세가율거품지수":-16.26,
            "검색코드":5042,
            "세대수":358.0,
            "준공년월":"1996-11-25",
            "준공년차":27.0,
            "가까운역이름":"NA",
            "가까운역거리":"NA",
            "역세권여부":"NA",
            "30분이내주요거점역":"NA",
            "30분거점역이름":"NA",
            "1시간이내주요거점역":"NA",
            "1시간거점역이름":"NA",
            "3km이내백화점수":0,
            "5km이내아울렛몰수":1,
            "1km이내대형먀트수":0,
            "500m이내은행수":0,
            "500m이내병원수":1,
            "5km이내대형병원수":2,
            "500m이내공원수":0,
            "3km이내혐오시설수":0,
            "초등학교학업성취도":90.0,
            "중학교학업성취도":71.9,
            "용적률":175,
            "건폐율":18,
            "Y":35.964713,
            "X":126.751335,
            "rank":102.0,
            "area_info":"23평(76.22), 31평(102.98)",
            "last_sales":"2022-01-07,13000.0,31평(102.98)",
            "rank_history":[
                [
                    "202202",
                    102
                ],
                [
                    "202201",
                    98
                ]
            ],
            "rank_gap":-4
        },
        {
            "index":29,
            "아파트명":"금호",
            "투자타입":"재건축",
            "전용면적(m2)":"64.17",
            "전용면적(평)":"19평",
            "법정동주소":"전라북도 군산시 나운동 787-4",
            "도로명주소":"전라북도 군산시 신설3길 14",
            "세대수":0,
            "입주년차":"--",
            "용적률점수":0,
            "건폐율점수":0,
            "세대당주차수":"--",
            "난방방식":"--",
            "공급면적":50,
            "전용률":100,
            "욕실수":"--",
            "현관타입":"--",
            "주거총점":7.5,
            "지역구공급총점":0.0,
            "역세권":"NA",
            "30분내 이동가능 거점":"NA",
            "1시간내 이동가능 거점":"NA",
            "교통총점":"NA",
            "백화점":0,
            "아울렛몰":80,
            "대형마트":0,
            "은행":70,
            "병원":60,
            "종합병원":100,
            "공원":100,
            "혐오시설":0,
            "인프라총점":44.0,
            "초등학군":90.04,
            "중학군":45.12,
            "학군총점":54.104,
            "인구수":27.88,
            "인구증감":-2.14,
            "인구총점":18.874,
            "일자리":15.62,
            "소득수준":57.1,
            "일자리총점":28.064,
            "가치 총점":33.751,
            "매매실거래년":"18000101",
            "매매실거래가":null,
            "전세실거래년":null,
            "전세실거래가":null,
            "전세가율":null,
            "장기전세가율평균":77.07,
            "전세가율거품지수":null,
            "검색코드":139866,
            "세대수":100.0,
            "준공년월":"1987-06-04",
            "준공년차":36.0,
            "가까운역이름":"NA",
            "가까운역거리":"NA",
            "역세권여부":"NA",
            "30분이내주요거점역":"NA",
            "30분거점역이름":"NA",
            "1시간이내주요거점역":"NA",
            "1시간거점역이름":"NA",
            "3km이내백화점수":0,
            "5km이내아울렛몰수":1,
            "1km이내대형먀트수":0,
            "500m이내은행수":3,
            "500m이내병원수":16,
            "5km이내대형병원수":2,
            "500m이내공원수":10,
            "3km이내혐오시설수":0,
            "초등학교학업성취도":90.04,
            "중학교학업성취도":74.0,
            "용적률":0,
            "건폐율":0,
            "Y":35.967503,
            "X":126.694229,
            "rank":103.0,
            "area_info":"19평(64.17), 19평(64.71)",
            "last_sales":"1800-01-01,nan,19평(64.17)",
            "rank_history":[
                [
                    "202202",
                    103
                ],
                [
                    "202201",
                    104
                ]
            ],
            "rank_gap":1
        },
        {
            "index":64,
            "아파트명":"동신진주3차",
            "투자타입":"일반",
            "전용면적(m2)":"74.39",
            "전용면적(평)":"22평",
            "법정동주소":"전라북도 군산시 나운동 737-1",
            "도로명주소":"전라북도 군산시 상신6길 2",
            "세대수":0,
            "입주년차":0,
            "용적률점수":"--",
            "건폐율점수":"--",
            "세대당주차수":0,
            "난방방식":30,
            "공급면적":"--",
            "전용률":"--",
            "욕실수":50,
            "현관타입":100,
            "주거총점":18.0,
            "지역구공급총점":0.0,
            "역세권":"NA",
            "30분내 이동가능 거점":"NA",
            "1시간내 이동가능 거점":"NA",
            "교통총점":"NA",
            "백화점":0,
            "아울렛몰":80,
            "대형마트":0,
            "은행":0,
            "병원":30,
            "종합병원":100,
            "공원":100,
            "혐오시설":0,
            "인프라총점":34.0,
            "초등학군":90.02,
            "중학군":45.12,
            "학군총점":54.1,
            "인구수":27.88,
            "인구증감":-2.14,
            "인구총점":18.874,
            "일자리":15.62,
            "소득수준":57.1,
            "일자리총점":28.064,
            "가치 총점":33.425,
            "매매실거래년":"18000101",
            "매매실거래가":null,
            "전세실거래년":null,
            "전세실거래가":null,
            "전세가율":null,
            "장기전세가율평균":77.07,
            "전세가율거품지수":null,
            "검색코드":4965,
            "세대수":114.0,
            "준공년월":"1995-04-13",
            "준공년차":28.0,
            "가까운역이름":"NA",
            "가까운역거리":"NA",
            "역세권여부":"NA",
            "30분이내주요거점역":"NA",
            "30분거점역이름":"NA",
            "1시간이내주요거점역":"NA",
            "1시간거점역이름":"NA",
            "3km이내백화점수":0,
            "5km이내아울렛몰수":1,
            "1km이내대형먀트수":0,
            "500m이내은행수":1,
            "500m이내병원수":7,
            "5km이내대형병원수":2,
            "500m이내공원수":3,
            "3km이내혐오시설수":0,
            "초등학교학업성취도":90.02,
            "중학교학업성취도":74.0,
            "용적률":242,
            "건폐율":22,
            "Y":35.973576,
            "X":126.696635,
            "rank":104.0,
            "area_info":"22평(74.39)",
            "last_sales":"1800-01-01,nan,22평(74.39)",
            "rank_history":[
                [
                    "202202",
                    104
                ],
                [
                    "202201",
                    101
                ]
            ],
            "rank_gap":-3
        },
        {
            "index":415,
            "아파트명":"한일",
            "투자타입":"재건축",
            "전용면적(m2)":"79.14",
            "전용면적(평)":"23평",
            "법정동주소":"전라북도 군산시 장재동 380-1",
            "도로명주소":"전라북도 군산시 동팔마길 39",
            "세대수":0,
            "입주년차":"--",
            "용적률점수":0,
            "건폐율점수":0,
            "세대당주차수":"--",
            "난방방식":"--",
            "공급면적":50,
            "전용률":100,
            "욕실수":"--",
            "현관타입":"--",
            "주거총점":7.5,
            "지역구공급총점":0.0,
            "역세권":"NA",
            "30분내 이동가능 거점":"NA",
            "1시간내 이동가능 거점":"NA",
            "교통총점":"NA",
            "백화점":0,
            "아울렛몰":80,
            "대형마트":0,
            "은행":70,
            "병원":30,
            "종합병원":100,
            "공원":100,
            "혐오시설":0,
            "인프라총점":41.0,
            "초등학군":89.99,
            "중학군":49.0,
            "학군총점":57.198,
            "인구수":27.88,
            "인구증감":-2.14,
            "인구총점":18.874,
            "일자리":15.62,
            "소득수준":57.1,
            "일자리총점":28.064,
            "가치 총점":33.3245,
            "매매실거래년":20211231.0,
            "매매실거래가":6300.0,
            "전세실거래년":20201106.0,
            "전세실거래가":4000.0,
            "전세가율":83.33,
            "장기전세가율평균":77.07,
            "전세가율거품지수":-6.26,
            "검색코드":14977,
            "세대수":120.0,
            "준공년월":"1989-05-01",
            "준공년차":34.0,
            "가까운역이름":"NA",
            "가까운역거리":"NA",
            "역세권여부":"NA",
            "30분이내주요거점역":"NA",
            "30분거점역이름":"NA",
            "1시간이내주요거점역":"NA",
            "1시간거점역이름":"NA",
            "3km이내백화점수":0,
            "5km이내아울렛몰수":1,
            "1km이내대형먀트수":0,
            "500m이내은행수":3,
            "500m이내병원수":9,
            "5km이내대형병원수":2,
            "500m이내공원수":2,
            "3km이내혐오시설수":0,
            "초등학교학업성취도":89.99,
            "중학교학업성취도":79.8,
            "용적률":0,
            "건폐율":0,
            "Y":35.977526,
            "X":126.720342,
            "rank":105.0,
            "area_info":"23평(79.14), 26평(87.3), 27평(90.0)",
            "last_sales":"2021-12-31,6300.0,26평(87.3)",
            "rank_history":[
                [
                    "202202",
                    105
                ],
                [
                    "202201",
                    103
                ]
            ],
            "rank_gap":-2
        },
        {
            "index":43,
            "아파트명":"나운유원",
            "투자타입":"재건축",
            "전용면적(m2)":"81.28",
            "전용면적(평)":"24평",
            "법정동주소":"전라북도 군산시 나운동 866-1",
            "도로명주소":"전라북도 군산시 부곡1길 39",
            "세대수":50,
            "입주년차":"--",
            "용적률점수":0,
            "건폐율점수":0,
            "세대당주차수":"--",
            "난방방식":"--",
            "공급면적":70,
            "전용률":80,
            "욕실수":"--",
            "현관타입":"--",
            "주거총점":22.5,
            "지역구공급총점":0.0,
            "역세권":"NA",
            "30분내 이동가능 거점":"NA",
            "1시간내 이동가능 거점":"NA",
            "교통총점":"NA",
            "백화점":0,
            "아울렛몰":80,
            "대형마트":0,
            "은행":0,
            "병원":10,
            "종합병원":100,
            "공원":100,
            "혐오시설":0,
            "인프라총점":32.0,
            "초등학군":90.04,
            "중학군":39.96,
            "학군총점":49.976,
            "인구수":27.88,
            "인구증감":-2.14,
            "인구총점":18.874,
            "일자리":15.62,
            "소득수준":57.1,
            "일자리총점":28.064,
            "가치 총점":33.169,
            "매매실거래년":20211224.0,
            "매매실거래가":7300.0,
            "전세실거래년":20201016.0,
            "전세실거래가":6000.0,
            "전세가율":82.19,
            "장기전세가율평균":77.07,
            "전세가율거품지수":-5.12,
            "검색코드":5004,
            "세대수":458.0,
            "준공년월":"1990-11-27",
            "준공년차":33.0,
            "가까운역이름":"NA",
            "가까운역거리":"NA",
            "역세권여부":"NA",
            "30분이내주요거점역":"NA",
            "30분거점역이름":"NA",
            "1시간이내주요거점역":"NA",
            "1시간거점역이름":"NA",
            "3km이내백화점수":0,
            "5km이내아울렛몰수":1,
            "1km이내대형먀트수":0,
            "500m이내은행수":0,
            "500m이내병원수":2,
            "5km이내대형병원수":2,
            "500m이내공원수":4,
            "3km이내혐오시설수":0,
            "초등학교학업성취도":90.04,
            "중학교학업성취도":64.8,
            "용적률":0,
            "건폐율":0,
            "Y":35.959935,
            "X":126.689487,
            "rank":106.0,
            "area_info":"24평(81.28), 29평(96.79), 31평(104.07)",
            "last_sales":"2021-12-24,7300.0,24평(81.28)",
            "rank_history":[
                [
                    "202202",
                    106
                ],
                [
                    "202201",
                    109
                ]
            ],
            "rank_gap":3
        },
        {
            "index":262,
            "아파트명":"산북주공",
            "투자타입":"재건축",
            "전용면적(m2)":"49.91",
            "전용면적(평)":"15평",
            "법정동주소":"전라북도 군산시 산북동 3542",
            "도로명주소":"전라북도 군산시 동아로 145-1",
            "세대수":80,
            "입주년차":"--",
            "용적률점수":0,
            "건폐율점수":0,
            "세대당주차수":"--",
            "난방방식":"--",
            "공급면적":50,
            "전용률":80,
            "욕실수":"--",
            "현관타입":"--",
            "주거총점":30.5,
            "지역구공급총점":0.0,
            "역세권":"NA",
            "30분내 이동가능 거점":"NA",
            "1시간내 이동가능 거점":"NA",
            "교통총점":"NA",
            "백화점":0,
            "아울렛몰":0,
            "대형마트":0,
            "은행":0,
            "병원":60,
            "종합병원":80,
            "공원":100,
            "혐오시설":0,
            "인프라총점":25.0,
            "초등학군":89.99,
            "중학군":39.96,
            "학군총점":49.966,
            "인구수":27.88,
            "인구증감":-2.14,
            "인구총점":18.874,
            "일자리":15.62,
            "소득수준":57.1,
            "일자리총점":28.064,
            "가치 총점":33.1665,
            "매매실거래년":20220119.0,
            "매매실거래가":8250.0,
            "전세실거래년":20210609.0,
            "전세실거래가":3000.0,
            "전세가율":42.86,
            "장기전세가율평균":77.07,
            "전세가율거품지수":34.21,
            "검색코드":5043,
            "세대수":750.0,
            "준공년월":"1989-04-08",
            "준공년차":34.0,
            "가까운역이름":"NA",
            "가까운역거리":"NA",
            "역세권여부":"NA",
            "30분이내주요거점역":"NA",
            "30분거점역이름":"NA",
            "1시간이내주요거점역":"NA",
            "1시간거점역이름":"NA",
            "3km이내백화점수":0,
            "5km이내아울렛몰수":0,
            "1km이내대형먀트수":0,
            "500m이내은행수":1,
            "500m이내병원수":13,
            "5km이내대형병원수":1,
            "500m이내공원수":3,
            "3km이내혐오시설수":0,
            "초등학교학업성취도":89.99,
            "중학교학업성취도":64.8,
            "용적률":0,
            "건폐율":0,
            "Y":35.967982,
            "X":126.682813,
            "rank":107.0,
            "area_info":"15평(49.91), 14평(49.48), 17평(57.93), 17평(57.57)",
            "last_sales":"2022-01-19,8250.0,17평(57.57)",
            "rank_history":[
                [
                    "202202",
                    107
                ],
                [
                    "202201",
                    106
                ]
            ],
            "rank_gap":-1
        },
        {
            "index":322,
            "아파트명":"스카이타운",
            "투자타입":"일반",
            "전용면적(m2)":"41.29",
            "전용면적(평)":"12평",
            "법정동주소":"전라북도 군산시 소룡동 1574",
            "도로명주소":"전라북도 군산시 소룡안3길 34",
            "세대수":30,
            "입주년차":40,
            "용적률점수":"--",
            "건폐율점수":"--",
            "세대당주차수":0,
            "난방방식":30,
            "공급면적":"--",
            "전용률":"--",
            "욕실수":50,
            "현관타입":50,
            "주거총점":31.5,
            "지역구공급총점":0.0,
            "역세권":"NA",
            "30분내 이동가능 거점":"NA",
            "1시간내 이동가능 거점":"NA",
            "교통총점":"NA",
            "백화점":0,
            "아울렛몰":0,
            "대형마트":0,
            "은행":0,
            "병원":60,
            "종합병원":80,
            "공원":100,
            "혐오시설":0,
            "인프라총점":25.0,
            "초등학군":89.99,
            "중학군":38.16,
            "학군총점":48.526,
            "인구수":27.88,
            "인구증감":-2.14,
            "인구총점":18.874,
            "일자리":15.62,
            "소득수준":57.1,
            "일자리총점":28.064,
            "가치 총점":33.1565,
            "매매실거래년":20211203.0,
            "매매실거래가":2600.0,
            "전세실거래년":20211204.0,
            "전세실거래가":2500.0,
            "전세가율":96.15,
            "장기전세가율평균":77.07,
            "전세가율거품지수":-19.08,
            "검색코드":27490,
            "세대수":398.0,
            "준공년월":"2008-08-22",
            "준공년차":15.0,
            "가까운역이름":"NA",
            "가까운역거리":"NA",
            "역세권여부":"NA",
            "30분이내주요거점역":"NA",
            "30분거점역이름":"NA",
            "1시간이내주요거점역":"NA",
            "1시간거점역이름":"NA",
            "3km이내백화점수":0,
            "5km이내아울렛몰수":0,
            "1km이내대형먀트수":0,
            "500m이내은행수":1,
            "500m이내병원수":12,
            "5km이내대형병원수":1,
            "500m이내공원수":5,
            "3km이내혐오시설수":0,
            "초등학교학업성취도":89.99,
            "중학교학업성취도":63.0,
            "용적률":312,
            "건폐율":37,
            "Y":35.969977,
            "X":126.681505,
            "rank":108.0,
            "area_info":"12평(41.29), 16평(53.83)",
            "last_sales":"2021-12-03,2600.0,12평(41.29)",
            "rank_history":[
                [
                    "202202",
                    108
                ],
                [
                    "202201",
                    105
                ]
            ],
            "rank_gap":-3
        },
        {
            "index":92,
            "아파트명":"세광타운",
            "투자타입":"일반",
            "전용면적(m2)":"77.81",
            "전용면적(평)":"23평",
            "법정동주소":"전라북도 군산시 나운동 833-1",
            "도로명주소":"전라북도 군산시 하나운1길 32",
            "세대수":0,
            "입주년차":0,
            "용적률점수":"--",
            "건폐율점수":"--",
            "세대당주차수":0,
            "난방방식":30,
            "공급면적":"--",
            "전용률":"--",
            "욕실수":50,
            "현관타입":10,
            "주거총점":9.0,
            "지역구공급총점":0.0,
            "역세권":"NA",
            "30분내 이동가능 거점":"NA",
            "1시간내 이동가능 거점":"NA",
            "교통총점":"NA",
            "백화점":0,
            "아울렛몰":80,
            "대형마트":0,
            "은행":20,
            "병원":80,
            "종합병원":100,
            "공원":100,
            "혐오시설":0,
            "인프라총점":41.0,
            "초등학군":90.04,
            "중학군":45.12,
            "학군총점":54.104,
            "인구수":27.88,
            "인구증감":-2.14,
            "인구총점":18.874,
            "일자리":15.62,
            "소득수준":57.1,
            "일자리총점":28.064,
            "가치 총점":33.076,
            "매매실거래년":20211110.0,
            "매매실거래가":4000.0,
            "전세실거래년":20210820.0,
            "전세실거래가":4500.0,
            "전세가율":112.5,
            "장기전세가율평균":77.07,
            "전세가율거품지수":-35.43,
            "검색코드":14962,
            "세대수":174.0,
            "준공년월":"1993-10-21",
            "준공년차":30.0,
            "가까운역이름":"NA",
            "가까운역거리":"NA",
            "역세권여부":"NA",
            "30분이내주요거점역":"NA",
            "30분거점역이름":"NA",
            "1시간이내주요거점역":"NA",
            "1시간거점역이름":"NA",
            "3km이내백화점수":0,
            "5km이내아울렛몰수":1,
            "1km이내대형먀트수":0,
            "500m이내은행수":2,
            "500m이내병원수":48,
            "5km이내대형병원수":2,
            "500m이내공원수":6,
            "3km이내혐오시설수":0,
            "초등학교학업성취도":90.04,
            "중학교학업성취도":74.0,
            "용적률":279,
            "건폐율":25,
            "Y":35.96673,
            "X":126.6993,
            "rank":109.0,
            "area_info":"23평(77.81)",
            "last_sales":"2021-11-10,4000.0,23평(77.81)",
            "rank_history":[
                [
                    "202202",
                    109
                ],
                [
                    "202201",
                    110
                ]
            ],
            "rank_gap":1
        },
        {
            "index":468,
            "아파트명":"현대한솔",
            "투자타입":"일반",
            "전용면적(m2)":"60.09",
            "전용면적(평)":"18평",
            "법정동주소":"전라북도 군산시 조촌동 895-16",
            "도로명주소":"전라북도 군산시 번영로 159",
            "세대수":0,
            "입주년차":20,
            "용적률점수":"--",
            "건폐율점수":"--",
            "세대당주차수":0,
            "난방방식":30,
            "공급면적":"--",
            "전용률":"--",
            "욕실수":50,
            "현관타입":50,
            "주거총점":17.0,
            "지역구공급총점":0.0,
            "역세권":"NA",
            "30분내 이동가능 거점":"NA",
            "1시간내 이동가능 거점":"NA",
            "교통총점":"NA",
            "백화점":0,
            "아울렛몰":80,
            "대형마트":0,
            "은행":20,
            "병원":10,
            "종합병원":100,
            "공원":100,
            "혐오시설":0,
            "인프라총점":34.0,
            "초등학군":90.0,
            "중학군":43.46,
            "학군총점":52.768,
            "인구수":27.88,
            "인구증감":-2.14,
            "인구총점":18.874,
            "일자리":15.62,
            "소득수준":57.1,
            "일자리총점":28.064,
            "가치 총점":32.742,
            "매매실거래년":20210723.0,
            "매매실거래가":4700.0,
            "전세실거래년":20220126.0,
            "전세실거래가":4500.0,
            "전세가율":95.74,
            "장기전세가율평균":77.07,
            "전세가율거품지수":-18.67,
            "검색코드":106468,
            "세대수":154.0,
            "준공년월":"2001-02-14",
            "준공년차":22.0,
            "가까운역이름":"NA",
            "가까운역거리":"NA",
            "역세권여부":"NA",
            "30분이내주요거점역":"NA",
            "30분거점역이름":"NA",
            "1시간이내주요거점역":"NA",
            "1시간거점역이름":"NA",
            "3km이내백화점수":0,
            "5km이내아울렛몰수":1,
            "1km이내대형먀트수":0,
            "500m이내은행수":2,
            "500m이내병원수":3,
            "5km이내대형병원수":2,
            "500m이내공원수":11,
            "3km이내혐오시설수":0,
            "초등학교학업성취도":90.0,
            "중학교학업성취도":71.9,
            "용적률":580,
            "건폐율":56,
            "Y":35.965487,
            "X":126.736601,
            "rank":110.0,
            "area_info":"18평(60.09), 27평(89.43), 34평(114.26)",
            "last_sales":"2021-07-23,4700.0,18평(60.09)",
            "rank_history":[
                [
                    "202202",
                    110
                ],
                [
                    "202201",
                    107
                ]
            ],
            "rank_gap":-3
        },
        {
            "index":315,
            "아파트명":"소룡진흥",
            "투자타입":"재건축",
            "전용면적(m2)":"57.53",
            "전용면적(평)":"17평",
            "법정동주소":"전라북도 군산시 소룡동 1386-10",
            "도로명주소":"전라북도 군산시 설림안3길 32",
            "세대수":50,
            "입주년차":"--",
            "용적률점수":0,
            "건폐율점수":0,
            "세대당주차수":"--",
            "난방방식":"--",
            "공급면적":50,
            "전용률":60,
            "욕실수":"--",
            "현관타입":"--",
            "주거총점":20.5,
            "지역구공급총점":0.0,
            "역세권":"NA",
            "30분내 이동가능 거점":"NA",
            "1시간내 이동가능 거점":"NA",
            "교통총점":"NA",
            "백화점":0,
            "아울렛몰":80,
            "대형마트":0,
            "은행":0,
            "병원":30,
            "종합병원":100,
            "공원":80,
            "혐오시설":0,
            "인프라총점":33.4,
            "초등학군":89.99,
            "중학군":38.16,
            "학군총점":48.526,
            "인구수":27.88,
            "인구증감":-2.14,
            "인구총점":18.874,
            "일자리":15.62,
            "소득수준":57.1,
            "일자리총점":28.064,
            "가치 총점":32.6665,
            "매매실거래년":20201229.0,
            "매매실거래가":4000.0,
            "전세실거래년":20200430.0,
            "전세실거래가":2000.0,
            "전세가율":50.0,
            "장기전세가율평균":77.07,
            "전세가율거품지수":27.07,
            "검색코드":5057,
            "세대수":499.0,
            "준공년월":"1991-05-25",
            "준공년차":32.0,
            "가까운역이름":"NA",
            "가까운역거리":"NA",
            "역세권여부":"NA",
            "30분이내주요거점역":"NA",
            "30분거점역이름":"NA",
            "1시간이내주요거점역":"NA",
            "1시간거점역이름":"NA",
            "3km이내백화점수":0,
            "5km이내아울렛몰수":1,
            "1km이내대형먀트수":0,
            "500m이내은행수":0,
            "500m이내병원수":8,
            "5km이내대형병원수":2,
            "500m이내공원수":1,
            "3km이내혐오시설수":0,
            "초등학교학업성취도":89.99,
            "중학교학업성취도":63.0,
            "용적률":0,
            "건폐율":0,
            "Y":35.97727,
            "X":126.68353,
            "rank":111.0,
            "area_info":"17평(57.53), 19평(63.44), 21평(70.17), 23평(78.42), 24평(80.74), 26평(88.31), 31평(102.82)",
            "last_sales":"2020-12-29,4000.0,17평(57.53)",
            "rank_history":[
                [
                    "202202",
                    111
                ],
                [
                    "202201",
                    112
                ]
            ],
            "rank_gap":1
        },
        {
            "index":8,
            "아파트명":"오르빌",
            "투자타입":"일반",
            "전용면적(m2)":"90.34",
            "전용면적(평)":"27평",
            "법정동주소":"전라북도 군산시 경장동 511-6",
            "도로명주소":"전라북도 군산시 번영로 86",
            "세대수":0,
            "입주년차":40,
            "용적률점수":"--",
            "건폐율점수":"--",
            "세대당주차수":0,
            "난방방식":30,
            "공급면적":"--",
            "전용률":"--",
            "욕실수":50,
            "현관타입":10,
            "주거총점":17.0,
            "지역구공급총점":0.0,
            "역세권":"NA",
            "30분내 이동가능 거점":"NA",
            "1시간내 이동가능 거점":"NA",
            "교통총점":"NA",
            "백화점":0,
            "아울렛몰":80,
            "대형마트":0,
            "은행":0,
            "병원":0,
            "종합병원":100,
            "공원":100,
            "혐오시설":0,
            "인프라총점":31.0,
            "초등학군":90.0,
            "중학군":49.0,
            "학군총점":57.2,
            "인구수":27.88,
            "인구증감":-2.14,
            "인구총점":18.874,
            "일자리":15.62,
            "소득수준":57.1,
            "일자리총점":28.064,
            "가치 총점":32.65,
            "매매실거래년":20220125.0,
            "매매실거래가":8000.0,
            "전세실거래년":20211208.0,
            "전세실거래가":8500.0,
            "전세가율":106.25,
            "장기전세가율평균":77.07,
            "전세가율거품지수":-29.18,
            "검색코드":100924,
            "세대수":173.0,
            "준공년월":"2004-05-01",
            "준공년차":19.0,
            "가까운역이름":"NA",
            "가까운역거리":"NA",
            "역세권여부":"NA",
            "30분이내주요거점역":"NA",
            "30분거점역이름":"NA",
            "1시간이내주요거점역":"NA",
            "1시간거점역이름":"NA",
            "3km이내백화점수":0,
            "5km이내아울렛몰수":1,
            "1km이내대형먀트수":0,
            "500m이내은행수":0,
            "500m이내병원수":1,
            "5km이내대형병원수":2,
            "500m이내공원수":9,
            "3km이내혐오시설수":0,
            "초등학교학업성취도":90.0,
            "중학교학업성취도":79.8,
            "용적률":433,
            "건폐율":31,
            "Y":35.969745,
            "X":126.730202,
            "rank":112.0,
            "area_info":"27평(90.34), 28평(93.27)",
            "last_sales":"2022-01-25,8000.0,27평(90.34)",
            "rank_history":[
                [
                    "202202",
                    112
                ],
                [
                    "202201",
                    111
                ]
            ],
            "rank_gap":-1
        },
        {
            "index":60,
            "아파트명":"동신진주",
            "투자타입":"일반",
            "전용면적(m2)":"74.4",
            "전용면적(평)":"22평",
            "법정동주소":"전라북도 군산시 나운동 733-1",
            "도로명주소":"전라북도 군산시 상신7길 15",
            "세대수":0,
            "입주년차":0,
            "용적률점수":"--",
            "건폐율점수":"--",
            "세대당주차수":0,
            "난방방식":30,
            "공급면적":"--",
            "전용률":"--",
            "욕실수":50,
            "현관타입":100,
            "주거총점":18.0,
            "지역구공급총점":0.0,
            "역세권":"NA",
            "30분내 이동가능 거점":"NA",
            "1시간내 이동가능 거점":"NA",
            "교통총점":"NA",
            "백화점":0,
            "아울렛몰":80,
            "대형마트":0,
            "은행":0,
            "병원":10,
            "종합병원":100,
            "공원":100,
            "혐오시설":0,
            "인프라총점":32.0,
            "초등학군":90.02,
            "중학군":45.12,
            "학군총점":54.1,
            "인구수":27.88,
            "인구증감":-2.14,
            "인구총점":18.874,
            "일자리":15.62,
            "소득수준":57.1,
            "일자리총점":28.064,
            "가치 총점":32.625,
            "매매실거래년":20220125.0,
            "매매실거래가":5100.0,
            "전세실거래년":20211127.0,
            "전세실거래가":5500.0,
            "전세가율":107.84,
            "장기전세가율평균":77.07,
            "전세가율거품지수":-30.77,
            "검색코드":4964,
            "세대수":246.0,
            "준공년월":"1993-12-24",
            "준공년차":30.0,
            "가까운역이름":"NA",
            "가까운역거리":"NA",
            "역세권여부":"NA",
            "30분이내주요거점역":"NA",
            "30분거점역이름":"NA",
            "1시간이내주요거점역":"NA",
            "1시간거점역이름":"NA",
            "3km이내백화점수":0,
            "5km이내아울렛몰수":1,
            "1km이내대형먀트수":0,
            "500m이내은행수":0,
            "500m이내병원수":3,
            "5km이내대형병원수":2,
            "500m이내공원수":3,
            "3km이내혐오시설수":0,
            "초등학교학업성취도":90.02,
            "중학교학업성취도":74.0,
            "용적률":0,
            "건폐율":0,
            "Y":35.974542,
            "X":126.695283,
            "rank":113.0,
            "area_info":"22평(74.4), 24평(81.62), 24평(82.15), 31평(103.74)",
            "last_sales":"2022-01-25,5100.0,22평(74.4)",
            "rank_history":[
                [
                    "202202",
                    113
                ],
                [
                    "202201",
                    108
                ]
            ],
            "rank_gap":-5
        },
        {
            "index":185,
            "아파트명":"미룡대명1차",
            "투자타입":"일반",
            "전용면적(m2)":"53.9",
            "전용면적(평)":"16평",
            "법정동주소":"전라북도 군산시 미룡동 858",
            "도로명주소":"전라북도 군산시 칠성4길 20",
            "세대수":50,
            "입주년차":0,
            "용적률점수":"--",
            "건폐율점수":"--",
            "세대당주차수":0,
            "난방방식":30,
            "공급면적":"--",
            "전용률":"--",
            "욕실수":50,
            "현관타입":100,
            "주거총점":35.5,
            "지역구공급총점":0.0,
            "역세권":"NA",
            "30분내 이동가능 거점":"NA",
            "1시간내 이동가능 거점":"NA",
            "교통총점":"NA",
            "백화점":0,
            "아울렛몰":0,
            "대형마트":0,
            "은행":0,
            "병원":0,
            "종합병원":80,
            "공원":100,
            "혐오시설":0,
            "인프라총점":19.0,
            "초등학군":89.99,
            "중학군":39.96,
            "학군총점":49.966,
            "인구수":27.88,
            "인구증감":-2.14,
            "인구총점":18.874,
            "일자리":15.62,
            "소득수준":57.1,
            "일자리총점":28.064,
            "가치 총점":32.5165,
            "매매실거래년":20220105.0,
            "매매실거래가":2900.0,
            "전세실거래년":20211023.0,
            "전세실거래가":3000.0,
            "전세가율":103.45,
            "장기전세가율평균":77.07,
            "전세가율거품지수":-26.38,
            "검색코드":104842,
            "세대수":498.0,
            "준공년월":"1998-06-01",
            "준공년차":25.0,
            "가까운역이름":"NA",
            "가까운역거리":"NA",
            "역세권여부":"NA",
            "30분이내주요거점역":"NA",
            "30분거점역이름":"NA",
            "1시간이내주요거점역":"NA",
            "1시간거점역이름":"NA",
            "3km이내백화점수":0,
            "5km이내아울렛몰수":0,
            "1km이내대형먀트수":0,
            "500m이내은행수":0,
            "500m이내병원수":0,
            "5km이내대형병원수":1,
            "500m이내공원수":3,
            "3km이내혐오시설수":0,
            "초등학교학업성취도":89.99,
            "중학교학업성취도":64.8,
            "용적률":0,
            "건폐율":0,
            "Y":35.956494,
            "X":126.676553,
            "rank":114.0,
            "area_info":"16평(53.9)",
            "last_sales":"2022-01-05,2900.0,16평(53.9)",
            "rank_history":[
                [
                    "202202",
                    114
                ],
                [
                    "202201",
                    113
                ]
            ],
            "rank_gap":-1
        },
        {
            "index":260,
            "아파트명":"산북부향하나로4차",
            "투자타입":"일반",
            "전용면적(m2)":"40.31",
            "전용면적(평)":"12평",
            "법정동주소":"전라북도 군산시 산북동 3637",
            "도로명주소":"전라북도 군산시 칠성안5길 40",
            "세대수":50,
            "입주년차":0,
            "용적률점수":"--",
            "건폐율점수":"--",
            "세대당주차수":0,
            "난방방식":30,
            "공급면적":"--",
            "전용률":"--",
            "욕실수":50,
            "현관타입":100,
            "주거총점":35.5,
            "지역구공급총점":0.0,
            "역세권":"NA",
            "30분내 이동가능 거점":"NA",
            "1시간내 이동가능 거점":"NA",
            "교통총점":"NA",
            "백화점":0,
            "아울렛몰":0,
            "대형마트":0,
            "은행":0,
            "병원":0,
            "종합병원":80,
            "공원":100,
            "혐오시설":0,
            "인프라총점":19.0,
            "초등학군":89.99,
            "중학군":39.96,
            "학군총점":49.966,
            "인구수":27.88,
            "인구증감":-2.14,
            "인구총점":18.874,
            "일자리":15.62,
            "소득수준":57.1,
            "일자리총점":28.064,
            "가치 총점":32.5165,
            "매매실거래년":20211229.0,
            "매매실거래가":1750.0,
            "전세실거래년":20210625.0,
            "전세실거래가":1100.0,
            "전세가율":100.0,
            "장기전세가율평균":77.07,
            "전세가율거품지수":-22.93,
            "검색코드":16993,
            "세대수":404.0,
            "준공년월":"1997-12-27",
            "준공년차":26.0,
            "가까운역이름":"NA",
            "가까운역거리":"NA",
            "역세권여부":"NA",
            "30분이내주요거점역":"NA",
            "30분거점역이름":"NA",
            "1시간이내주요거점역":"NA",
            "1시간거점역이름":"NA",
            "3km이내백화점수":0,
            "5km이내아울렛몰수":0,
            "1km이내대형먀트수":0,
            "500m이내은행수":0,
            "500m이내병원수":0,
            "5km이내대형병원수":1,
            "500m이내공원수":3,
            "3km이내혐오시설수":0,
            "초등학교학업성취도":89.99,
            "중학교학업성취도":64.8,
            "용적률":346,
            "건폐율":31,
            "Y":35.956788,
            "X":126.673766,
            "rank":114.0,
            "area_info":"12평(40.31), 15평(52.06)",
            "last_sales":"2021-12-29,1750.0,15평(52.06)",
            "rank_history":[
                [
                    "202202",
                    114
                ],
                [
                    "202201",
                    113
                ]
            ],
            "rank_gap":-1
        },
        {
            "index":273,
            "아파트명":"코오롱",
            "투자타입":"일반",
            "전용면적(m2)":"75.9",
            "전용면적(평)":"22평",
            "법정동주소":"전라북도 군산시 산북동 3538",
            "도로명주소":"전라북도 군산시 소룡안3길 24",
            "세대수":30,
            "입주년차":0,
            "용적률점수":"--",
            "건폐율점수":"--",
            "세대당주차수":0,
            "난방방식":30,
            "공급면적":"--",
            "전용률":"--",
            "욕실수":50,
            "현관타입":100,
            "주거총점":28.5,
            "지역구공급총점":0.0,
            "역세권":"NA",
            "30분내 이동가능 거점":"NA",
            "1시간내 이동가능 거점":"NA",
            "교통총점":"NA",
            "백화점":0,
            "아울렛몰":0,
            "대형마트":0,
            "은행":0,
            "병원":60,
            "종합병원":80,
            "공원":100,
            "혐오시설":0,
            "인프라총점":25.0,
            "초등학군":89.99,
            "중학군":39.96,
            "학군총점":49.966,
            "인구수":27.88,
            "인구증감":-2.14,
            "인구총점":18.874,
            "일자리":15.62,
            "소득수준":57.1,
            "일자리총점":28.064,
            "가치 총점":32.4665,
            "매매실거래년":20220111.0,
            "매매실거래가":7300.0,
            "전세실거래년":20210618.0,
            "전세실거래가":6500.0,
            "전세가율":89.04,
            "장기전세가율평균":77.07,
            "전세가율거품지수":-11.97,
            "검색코드":5046,
            "세대수":380.0,
            "준공년월":"1994-11-01",
            "준공년차":29.0,
            "가까운역이름":"NA",
            "가까운역거리":"NA",
            "역세권여부":"NA",
            "30분이내주요거점역":"NA",
            "30분거점역이름":"NA",
            "1시간이내주요거점역":"NA",
            "1시간거점역이름":"NA",
            "3km이내백화점수":0,
            "5km이내아울렛몰수":0,
            "1km이내대형먀트수":0,
            "500m이내은행수":1,
            "500m이내병원수":13,
            "5km이내대형병원수":1,
            "500m이내공원수":5,
            "3km이내혐오시설수":0,
            "초등학교학업성취도":89.99,
            "중학교학업성취도":64.8,
            "용적률":217,
            "건폐율":92,
            "Y":35.968873,
            "X":126.681867,
            "rank":115.0,
            "area_info":"22평(75.9), 31평(102.85)",
            "last_sales":"2022-01-11,7300.0,22평(75.9)",
            "rank_history":[
                [
                    "202202",
                    115
                ],
                [
                    "202201",
                    114
                ]
            ],
            "rank_gap":-1
        },
        {
            "index":99,
            "아파트명":"아리랑",
            "투자타입":"재건축",
            "전용면적(m2)":"67.48",
            "전용면적(평)":"20평",
            "법정동주소":"전라북도 군산시 나운동 1189-1",
            "도로명주소":"전라북도 군산시 한밭3길 9",
            "세대수":0,
            "입주년차":"--",
            "용적률점수":0,
            "건폐율점수":0,
            "세대당주차수":"--",
            "난방방식":"--",
            "공급면적":50,
            "전용률":80,
            "욕실수":"--",
            "현관타입":"--",
            "주거총점":6.5,
            "지역구공급총점":0.0,
            "역세권":"NA",
            "30분내 이동가능 거점":"NA",
            "1시간내 이동가능 거점":"NA",
            "교통총점":"NA",
            "백화점":0,
            "아울렛몰":80,
            "대형마트":0,
            "은행":20,
            "병원":60,
            "종합병원":100,
            "공원":100,
            "혐오시설":0,
            "인프라총점":39.0,
            "초등학군":90.04,
            "중학군":48.14,
            "학군총점":56.52,
            "인구수":27.88,
            "인구증감":-2.14,
            "인구총점":18.874,
            "일자리":15.62,
            "소득수준":57.1,
            "일자리총점":28.064,
            "가치 총점":32.005,
            "매매실거래년":20220110.0,
            "매매실거래가":3900.0,
            "전세실거래년":20211027.0,
            "전세실거래가":3000.0,
            "전세가율":76.92,
            "장기전세가율평균":77.07,
            "전세가율거품지수":0.15,
            "검색코드":13526,
            "세대수":165.0,
            "준공년월":"1988-11-29",
            "준공년차":35.0,
            "가까운역이름":"NA",
            "가까운역거리":"NA",
            "역세권여부":"NA",
            "30분이내주요거점역":"NA",
            "30분거점역이름":"NA",
            "1시간이내주요거점역":"NA",
            "1시간거점역이름":"NA",
            "3km이내백화점수":0,
            "5km이내아울렛몰수":1,
            "1km이내대형먀트수":0,
            "500m이내은행수":2,
            "500m이내병원수":23,
            "5km이내대형병원수":2,
            "500m이내공원수":7,
            "3km이내혐오시설수":0,
            "초등학교학업성취도":90.04,
            "중학교학업성취도":79.3,
            "용적률":0,
            "건폐율":0,
            "Y":35.96123,
            "X":126.695053,
            "rank":116.0,
            "area_info":"20평(67.48), 24평(81.35)",
            "last_sales":"2022-01-10,3900.0,20평(67.48)",
            "rank_history":[
                [
                    "202202",
                    116
                ],
                [
                    "202201",
                    115
                ]
            ],
            "rank_gap":-1
        },
        {
            "index":80,
            "아파트명":"명성타운",
            "투자타입":"재건축",
            "전용면적(m2)":"64.22",
            "전용면적(평)":"19평",
            "법정동주소":"전라북도 군산시 나운동 786-1",
            "도로명주소":"전라북도 군산시 상나운로 59",
            "세대수":0,
            "입주년차":"--",
            "용적률점수":0,
            "건폐율점수":0,
            "세대당주차수":"--",
            "난방방식":"--",
            "공급면적":50,
            "전용률":80,
            "욕실수":"--",
            "현관타입":"--",
            "주거총점":6.5,
            "지역구공급총점":0.0,
            "역세권":"NA",
            "30분내 이동가능 거점":"NA",
            "1시간내 이동가능 거점":"NA",
            "교통총점":"NA",
            "백화점":0,
            "아울렛몰":80,
            "대형마트":0,
            "은행":20,
            "병원":60,
            "종합병원":100,
            "공원":100,
            "혐오시설":0,
            "인프라총점":39.0,
            "초등학군":90.02,
            "중학군":45.12,
            "학군총점":54.1,
            "인구수":27.88,
            "인구증감":-2.14,
            "인구총점":18.874,
            "일자리":15.62,
            "소득수준":57.1,
            "일자리총점":28.064,
            "가치 총점":31.4,
            "매매실거래년":20220110.0,
            "매매실거래가":3900.0,
            "전세실거래년":20210906.0,
            "전세실거래가":2800.0,
            "전세가율":93.33,
            "장기전세가율평균":77.07,
            "전세가율거품지수":-16.26,
            "검색코드":105136,
            "세대수":144.0,
            "준공년월":"1991-10-16",
            "준공년차":32.0,
            "가까운역이름":"NA",
            "가까운역거리":"NA",
            "역세권여부":"NA",
            "30분이내주요거점역":"NA",
            "30분거점역이름":"NA",
            "1시간이내주요거점역":"NA",
            "1시간거점역이름":"NA",
            "3km이내백화점수":0,
            "5km이내아울렛몰수":1,
            "1km이내대형먀트수":0,
            "500m이내은행수":2,
            "500m이내병원수":18,
            "5km이내대형병원수":2,
            "500m이내공원수":7,
            "3km이내혐오시설수":0,
            "초등학교학업성취도":90.02,
            "중학교학업성취도":74.0,
            "용적률":0,
            "건폐율":0,
            "Y":35.968538,
            "X":126.694124,
            "rank":117.0,
            "area_info":"19평(64.22), 22평(74.46), 24평(80.53)",
            "last_sales":"2022-01-10,3900.0,22평(74.46)",
            "rank_history":[
                [
                    "202202",
                    117
                ],
                [
                    "202201",
                    116
                ]
            ],
            "rank_gap":-1
        },
        {
            "index":65,
            "아파트명":"동원",
            "투자타입":"재건축",
            "전용면적(m2)":"43.87",
            "전용면적(평)":"13평",
            "법정동주소":"전라북도 군산시 나운동 803-2",
            "도로명주소":"전라북도 군산시 상나운로 9",
            "세대수":0,
            "입주년차":"--",
            "용적률점수":0,
            "건폐율점수":0,
            "세대당주차수":"--",
            "난방방식":"--",
            "공급면적":50,
            "전용률":100,
            "욕실수":"--",
            "현관타입":"--",
            "주거총점":7.5,
            "지역구공급총점":0.0,
            "역세권":"NA",
            "30분내 이동가능 거점":"NA",
            "1시간내 이동가능 거점":"NA",
            "교통총점":"NA",
            "백화점":0,
            "아울렛몰":80,
            "대형마트":0,
            "은행":20,
            "병원":60,
            "종합병원":100,
            "공원":100,
            "혐오시설":0,
            "인프라총점":39.0,
            "초등학군":90.04,
            "중학군":39.96,
            "학군총점":49.976,
            "인구수":27.88,
            "인구증감":-2.14,
            "인구총점":18.874,
            "일자리":15.62,
            "소득수준":57.1,
            "일자리총점":28.064,
            "가치 총점":30.719,
            "매매실거래년":"18000101",
            "매매실거래가":null,
            "전세실거래년":null,
            "전세실거래가":null,
            "전세가율":null,
            "장기전세가율평균":77.07,
            "전세가율거품지수":null,
            "검색코드":106426,
            "세대수":108.0,
            "준공년월":"1987-06-17",
            "준공년차":36.0,
            "가까운역이름":"NA",
            "가까운역거리":"NA",
            "역세권여부":"NA",
            "30분이내주요거점역":"NA",
            "30분거점역이름":"NA",
            "1시간이내주요거점역":"NA",
            "1시간거점역이름":"NA",
            "3km이내백화점수":0,
            "5km이내아울렛몰수":1,
            "1km이내대형먀트수":0,
            "500m이내은행수":2,
            "500m이내병원수":11,
            "5km이내대형병원수":2,
            "500m이내공원수":6,
            "3km이내혐오시설수":0,
            "초등학교학업성취도":90.04,
            "중학교학업성취도":64.8,
            "용적률":0,
            "건폐율":0,
            "Y":35.964508,
            "X":126.691507,
            "rank":118.0,
            "area_info":"13평(43.87), 14평(49.27)",
            "last_sales":"1800-01-01,nan,13평(43.87)",
            "rank_history":[
                [
                    "202202",
                    118
                ],
                [
                    "202201",
                    117
                ]
            ],
            "rank_gap":-1
        },
        {
            "index":200,
            "아파트명":"산북부향하나로3차",
            "투자타입":"일반",
            "전용면적(m2)":"45.24",
            "전용면적(평)":"13평",
            "법정동주소":"전라북도 군산시 미룡동 852",
            "도로명주소":"전라북도 군산시 칠성5길 30",
            "세대수":30,
            "입주년차":0,
            "용적률점수":"--",
            "건폐율점수":"--",
            "세대당주차수":0,
            "난방방식":30,
            "공급면적":"--",
            "전용률":"--",
            "욕실수":50,
            "현관타입":100,
            "주거총점":28.5,
            "지역구공급총점":0.0,
            "역세권":"NA",
            "30분내 이동가능 거점":"NA",
            "1시간내 이동가능 거점":"NA",
            "교통총점":"NA",
            "백화점":0,
            "아울렛몰":0,
            "대형마트":0,
            "은행":0,
            "병원":0,
            "종합병원":80,
            "공원":100,
            "혐오시설":0,
            "인프라총점":19.0,
            "초등학군":89.99,
            "중학군":39.96,
            "학군총점":49.966,
            "인구수":27.88,
            "인구증감":-2.14,
            "인구총점":18.874,
            "일자리":15.62,
            "소득수준":57.1,
            "일자리총점":28.064,
            "가치 총점":30.0665,
            "매매실거래년":20220113.0,
            "매매실거래가":1550.0,
            "전세실거래년":20191023.0,
            "전세실거래가":1010.0,
            "전세가율":45.91,
            "장기전세가율평균":77.07,
            "전세가율거품지수":31.16,
            "검색코드":114910,
            "세대수":346.0,
            "준공년월":"1998-04-11",
            "준공년차":25.0,
            "가까운역이름":"NA",
            "가까운역거리":"NA",
            "역세권여부":"NA",
            "30분이내주요거점역":"NA",
            "30분거점역이름":"NA",
            "1시간이내주요거점역":"NA",
            "1시간거점역이름":"NA",
            "3km이내백화점수":0,
            "5km이내아울렛몰수":0,
            "1km이내대형먀트수":0,
            "500m이내은행수":0,
            "500m이내병원수":0,
            "5km이내대형병원수":1,
            "500m이내공원수":2,
            "3km이내혐오시설수":0,
            "초등학교학업성취도":89.99,
            "중학교학업성취도":64.8,
            "용적률":369,
            "건폐율":34,
            "Y":35.957948,
            "X":126.67733,
            "rank":119.0,
            "area_info":"13평(45.24), 16평(55.08)",
            "last_sales":"2022-01-13,1550.0,16평(55.08)",
            "rank_history":[
                [
                    "202202",
                    119
                ],
                [
                    "202201",
                    119
                ]
            ],
            "rank_gap":0
        },
        {
            "index":31,
            "아파트명":"금호2차",
            "투자타입":"재건축",
            "전용면적(m2)":"71.3",
            "전용면적(평)":"21평",
            "법정동주소":"전라북도 군산시 나운동 1187-2",
            "도로명주소":"전라북도 군산시 한밭2길 10",
            "세대수":0,
            "입주년차":"--",
            "용적률점수":0,
            "건폐율점수":0,
            "세대당주차수":"--",
            "난방방식":"--",
            "공급면적":50,
            "전용률":80,
            "욕실수":"--",
            "현관타입":"--",
            "주거총점":6.5,
            "지역구공급총점":0.0,
            "역세권":"NA",
            "30분내 이동가능 거점":"NA",
            "1시간내 이동가능 거점":"NA",
            "교통총점":"NA",
            "백화점":0,
            "아울렛몰":80,
            "대형마트":0,
            "은행":20,
            "병원":10,
            "종합병원":100,
            "공원":100,
            "혐오시설":0,
            "인프라총점":34.0,
            "초등학군":90.04,
            "중학군":48.14,
            "학군총점":56.52,
            "인구수":27.88,
            "인구증감":-2.14,
            "인구총점":18.874,
            "일자리":15.62,
            "소득수준":57.1,
            "일자리총점":28.064,
            "가치 총점":30.005,
            "매매실거래년":20211201.0,
            "매매실거래가":6200.0,
            "전세실거래년":20210304.0,
            "전세실거래가":3000.0,
            "전세가율":48.39,
            "장기전세가율평균":77.07,
            "전세가율거품지수":28.68,
            "검색코드":14959,
            "세대수":100.0,
            "준공년월":"1987-09-30",
            "준공년차":36.0,
            "가까운역이름":"NA",
            "가까운역거리":"NA",
            "역세권여부":"NA",
            "30분이내주요거점역":"NA",
            "30분거점역이름":"NA",
            "1시간이내주요거점역":"NA",
            "1시간거점역이름":"NA",
            "3km이내백화점수":0,
            "5km이내아울렛몰수":1,
            "1km이내대형먀트수":0,
            "500m이내은행수":2,
            "500m이내병원수":4,
            "5km이내대형병원수":2,
            "500m이내공원수":7,
            "3km이내혐오시설수":0,
            "초등학교학업성취도":90.04,
            "중학교학업성취도":79.3,
            "용적률":0,
            "건폐율":0,
            "Y":35.960731,
            "X":126.693066,
            "rank":120.0,
            "area_info":"21평(71.3), 21평(71.08)",
            "last_sales":"2021-12-01,6200.0,21평(71.3)",
            "rank_history":[
                [
                    "202202",
                    120
                ],
                [
                    "202201",
                    120
                ]
            ],
            "rank_gap":0
        },
        {
            "index":459,
            "아파트명":"시영",
            "투자타입":"일반",
            "전용면적(m2)":"66.55",
            "전용면적(평)":"20평",
            "법정동주소":"전라북도 군산시 조촌동 903-1",
            "도로명주소":"전라북도 군산시 양안로 130",
            "세대수":0,
            "입주년차":0,
            "용적률점수":"--",
            "건폐율점수":"--",
            "세대당주차수":0,
            "난방방식":30,
            "공급면적":"--",
            "전용률":"--",
            "욕실수":50,
            "현관타입":10,
            "주거총점":9.0,
            "지역구공급총점":0.0,
            "역세권":"NA",
            "30분내 이동가능 거점":"NA",
            "1시간내 이동가능 거점":"NA",
            "교통총점":"NA",
            "백화점":0,
            "아울렛몰":80,
            "대형마트":0,
            "은행":0,
            "병원":30,
            "종합병원":100,
            "공원":100,
            "혐오시설":0,
            "인프라총점":34.0,
            "초등학군":89.99,
            "중학군":43.46,
            "학군총점":52.766,
            "인구수":27.88,
            "인구증감":-2.14,
            "인구총점":18.874,
            "일자리":15.62,
            "소득수준":57.1,
            "일자리총점":28.064,
            "가치 총점":29.9415,
            "매매실거래년":20220120.0,
            "매매실거래가":4800.0,
            "전세실거래년":20210913.0,
            "전세실거래가":5000.0,
            "전세가율":104.17,
            "장기전세가율평균":77.07,
            "전세가율거품지수":-27.1,
            "검색코드":5069,
            "세대수":270.0,
            "준공년월":"1993-12-22",
            "준공년차":30.0,
            "가까운역이름":"NA",
            "가까운역거리":"NA",
            "역세권여부":"NA",
            "30분이내주요거점역":"NA",
            "30분거점역이름":"NA",
            "1시간이내주요거점역":"NA",
            "1시간거점역이름":"NA",
            "3km이내백화점수":0,
            "5km이내아울렛몰수":1,
            "1km이내대형먀트수":0,
            "500m이내은행수":0,
            "500m이내병원수":9,
            "5km이내대형병원수":2,
            "500m이내공원수":3,
            "3km이내혐오시설수":0,
            "초등학교학업성취도":89.99,
            "중학교학업성취도":71.9,
            "용적률":189,
            "건폐율":15,
            "Y":35.973998,
            "X":126.744637,
            "rank":121.0,
            "area_info":"20평(66.55), 24평(79.42)",
            "last_sales":"2022-01-20,4800.0,20평(66.55)",
            "rank_history":[
                [
                    "202202",
                    121
                ],
                [
                    "202201",
                    118
                ]
            ],
            "rank_gap":-3
        },
        {
            "index":122,
            "아파트명":"현대1차",
            "투자타입":"재건축",
            "전용면적(m2)":"89.51",
            "전용면적(평)":"27평",
            "법정동주소":"전라북도 군산시 나운동 1255-8",
            "도로명주소":"전라북도 군산시 현충로 33",
            "세대수":50,
            "입주년차":"--",
            "용적률점수":0,
            "건폐율점수":0,
            "세대당주차수":"--",
            "난방방식":"--",
            "공급면적":70,
            "전용률":80,
            "욕실수":"--",
            "현관타입":"--",
            "주거총점":22.5,
            "지역구공급총점":0.0,
            "역세권":"NA",
            "30분내 이동가능 거점":"NA",
            "1시간내 이동가능 거점":"NA",
            "교통총점":"NA",
            "백화점":0,
            "아울렛몰":0,
            "대형마트":0,
            "은행":0,
            "병원":0,
            "종합병원":100,
            "공원":100,
            "혐오시설":0,
            "인프라총점":23.0,
            "초등학군":89.99,
            "중학군":39.96,
            "학군총점":49.966,
            "인구수":27.88,
            "인구증감":-2.14,
            "인구총점":18.874,
            "일자리":15.62,
            "소득수준":57.1,
            "일자리총점":28.064,
            "가치 총점":29.5665,
            "매매실거래년":20220104.0,
            "매매실거래가":9800.0,
            "전세실거래년":20210813.0,
            "전세실거래가":7500.0,
            "전세가율":108.7,
            "장기전세가율평균":77.07,
            "전세가율거품지수":-31.63,
            "검색코드":5014,
            "세대수":498.0,
            "준공년월":"1990-04-30",
            "준공년차":33.0,
            "가까운역이름":"NA",
            "가까운역거리":"NA",
            "역세권여부":"NA",
            "30분이내주요거점역":"NA",
            "30분거점역이름":"NA",
            "1시간이내주요거점역":"NA",
            "1시간거점역이름":"NA",
            "3km이내백화점수":0,
            "5km이내아울렛몰수":0,
            "1km이내대형먀트수":0,
            "500m이내은행수":0,
            "500m이내병원수":0,
            "5km이내대형병원수":2,
            "500m이내공원수":3,
            "3km이내혐오시설수":0,
            "초등학교학업성취도":89.99,
            "중학교학업성취도":64.8,
            "용적률":0,
            "건폐율":0,
            "Y":35.958574,
            "X":126.687016,
            "rank":122.0,
            "area_info":"27평(89.51), 31평(104.13), 45평(149.26)",
            "last_sales":"2022-01-04,9800.0,31평(104.13)",
            "rank_history":[
                [
                    "202202",
                    122
                ],
                [
                    "202201",
                    121
                ]
            ],
            "rank_gap":-1
        },
        {
            "index":266,
            "아파트명":"산북하늘가201동",
            "투자타입":"일반",
            "전용면적(m2)":"48.95",
            "전용면적(평)":"14평",
            "법정동주소":"전라북도 군산시 산북동 3560-1",
            "도로명주소":"전라북도 군산시 칠성로 126",
            "세대수":0,
            "입주년차":40,
            "용적률점수":"--",
            "건폐율점수":"--",
            "세대당주차수":0,
            "난방방식":30,
            "공급면적":"--",
            "전용률":"--",
            "욕실수":50,
            "현관타입":100,
            "주거총점":26.0,
            "지역구공급총점":0.0,
            "역세권":"NA",
            "30분내 이동가능 거점":"NA",
            "1시간내 이동가능 거점":"NA",
            "교통총점":"NA",
            "백화점":0,
            "아울렛몰":0,
            "대형마트":0,
            "은행":0,
            "병원":0,
            "종합병원":80,
            "공원":100,
            "혐오시설":0,
            "인프라총점":19.0,
            "초등학군":89.99,
            "중학군":39.96,
            "학군총점":49.966,
            "인구수":27.88,
            "인구증감":-2.14,
            "인구총점":18.874,
            "일자리":15.62,
            "소득수준":57.1,
            "일자리총점":28.064,
            "가치 총점":29.1915,
            "매매실거래년":20211128.0,
            "매매실거래가":2300.0,
            "전세실거래년":20211019.0,
            "전세실거래가":2300.0,
            "전세가율":100.0,
            "장기전세가율평균":77.07,
            "전세가율거품지수":-22.93,
            "검색코드":118058,
            "세대수":220.0,
            "준공년월":"2007-02-05",
            "준공년차":16.0,
            "가까운역이름":"NA",
            "가까운역거리":"NA",
            "역세권여부":"NA",
            "30분이내주요거점역":"NA",
            "30분거점역이름":"NA",
            "1시간이내주요거점역":"NA",
            "1시간거점역이름":"NA",
            "3km이내백화점수":0,
            "5km이내아울렛몰수":0,
            "1km이내대형먀트수":0,
            "500m이내은행수":0,
            "500m이내병원수":1,
            "5km이내대형병원수":1,
            "500m이내공원수":4,
            "3km이내혐오시설수":0,
            "초등학교학업성취도":89.99,
            "중학교학업성취도":64.8,
            "용적률":277,
            "건폐율":28,
            "Y":35.966053,
            "X":126.679149,
            "rank":123.0,
            "area_info":"14평(48.95)",
            "last_sales":"2021-11-28,2300.0,14평(48.95)",
            "rank_history":[
                [
                    "202202",
                    123
                ],
                [
                    "202201",
                    122
                ]
            ],
            "rank_gap":-1
        },
        {
            "index":388,
            "아파트명":"월명",
            "투자타입":"재건축",
            "전용면적(m2)":"61.98",
            "전용면적(평)":"18평",
            "법정동주소":"전라북도 군산시 신풍동 892-8",
            "도로명주소":"전라북도 군산시 신풍길 22",
            "세대수":0,
            "입주년차":"--",
            "용적률점수":0,
            "건폐율점수":0,
            "세대당주차수":"--",
            "난방방식":"--",
            "공급면적":50,
            "전용률":100,
            "욕실수":"--",
            "현관타입":"--",
            "주거총점":7.5,
            "지역구공급총점":0.0,
            "역세권":"NA",
            "30분내 이동가능 거점":"NA",
            "1시간내 이동가능 거점":"NA",
            "교통총점":"NA",
            "백화점":0,
            "아울렛몰":80,
            "대형마트":0,
            "은행":0,
            "병원":30,
            "종합병원":100,
            "공원":100,
            "혐오시설":0,
            "인프라총점":34.0,
            "초등학군":89.96,
            "중학군":41.62,
            "학군총점":51.288,
            "인구수":27.88,
            "인구증감":-2.14,
            "인구총점":18.874,
            "일자리":15.62,
            "소득수준":57.1,
            "일자리총점":28.064,
            "가치 총점":29.047,
            "매매실거래년":20220122.0,
            "매매실거래가":2700.0,
            "전세실거래년":20190722.0,
            "전세실거래가":1300.0,
            "전세가율":40.62,
            "장기전세가율평균":77.07,
            "전세가율거품지수":36.45,
            "검색코드":14976,
            "세대수":240.0,
            "준공년월":"1979-05-21",
            "준공년차":44.0,
            "가까운역이름":"NA",
            "가까운역거리":"NA",
            "역세권여부":"NA",
            "30분이내주요거점역":"NA",
            "30분거점역이름":"NA",
            "1시간이내주요거점역":"NA",
            "1시간거점역이름":"NA",
            "3km이내백화점수":0,
            "5km이내아울렛몰수":1,
            "1km이내대형먀트수":0,
            "500m이내은행수":1,
            "500m이내병원수":5,
            "5km이내대형병원수":2,
            "500m이내공원수":3,
            "3km이내혐오시설수":0,
            "초등학교학업성취도":89.96,
            "중학교학업성취도":67.7,
            "용적률":0,
            "건폐율":0,
            "Y":35.9804,
            "X":126.704229,
            "rank":124.0,
            "area_info":"18평(61.98), 21평(70.74), 23평(76.1), 23평(78.45), 24평(81.24), 25평(83.57)",
            "last_sales":"2022-01-22,2700.0,24평(81.24)",
            "rank_history":[
                [
                    "202202",
                    124
                ],
                [
                    "202201",
                    124
                ]
            ],
            "rank_gap":0
        },
        {
            "index":244,
            "아파트명":"예그린",
            "투자타입":"재건축",
            "전용면적(m2)":"75.9",
            "전용면적(평)":"22평",
            "법정동주소":"전라북도 군산시 미장동 52-1",
            "도로명주소":"전라북도 군산시 문화로 205",
            "세대수":0,
            "입주년차":"--",
            "용적률점수":0,
            "건폐율점수":0,
            "세대당주차수":"--",
            "난방방식":"--",
            "공급면적":50,
            "전용률":60,
            "욕실수":"--",
            "현관타입":"--",
            "주거총점":5.5,
            "지역구공급총점":0.0,
            "역세권":"NA",
            "30분내 이동가능 거점":"NA",
            "1시간내 이동가능 거점":"NA",
            "교통총점":"NA",
            "백화점":0,
            "아울렛몰":80,
            "대형마트":0,
            "은행":0,
            "병원":10,
            "종합병원":100,
            "공원":100,
            "혐오시설":0,
            "인프라총점":32.0,
            "초등학군":90.0,
            "중학군":49.0,
            "학군총점":57.2,
            "인구수":27.88,
            "인구증감":-2.14,
            "인구총점":18.874,
            "일자리":15.62,
            "소득수준":57.1,
            "일자리총점":28.064,
            "가치 총점":29.025,
            "매매실거래년":20211213.0,
            "매매실거래가":7000.0,
            "전세실거래년":null,
            "전세실거래가":null,
            "전세가율":null,
            "장기전세가율평균":77.07,
            "전세가율거품지수":null,
            "검색코드":27794,
            "세대수":198.0,
            "준공년월":"1992-06-13",
            "준공년차":31.0,
            "가까운역이름":"NA",
            "가까운역거리":"NA",
            "역세권여부":"NA",
            "30분이내주요거점역":"NA",
            "30분거점역이름":"NA",
            "1시간이내주요거점역":"NA",
            "1시간거점역이름":"NA",
            "3km이내백화점수":0,
            "5km이내아울렛몰수":1,
            "1km이내대형먀트수":0,
            "500m이내은행수":0,
            "500m이내병원수":4,
            "5km이내대형병원수":2,
            "500m이내공원수":2,
            "3km이내혐오시설수":0,
            "초등학교학업성취도":90.0,
            "중학교학업성취도":79.8,
            "용적률":0,
            "건폐율":0,
            "Y":35.970461,
            "X":126.727996,
            "rank":125.0,
            "area_info":"22평(75.9), 23평(78.18)",
            "last_sales":"2021-12-13,7000.0,23평(78.18)",
            "rank_history":[
                [
                    "202202",
                    125
                ],
                [
                    "202201",
                    123
                ]
            ],
            "rank_gap":-2
        },
        {
            "index":295,
            "아파트명":"그린서해맨션",
            "투자타입":"일반",
            "전용면적(m2)":"77.79",
            "전용면적(평)":"23평",
            "법정동주소":"전라북도 군산시 소룡동 857",
            "도로명주소":"전라북도 군산시 풍전3길 30",
            "세대수":30,
            "입주년차":0,
            "용적률점수":"--",
            "건폐율점수":"--",
            "세대당주차수":30,
            "난방방식":30,
            "공급면적":"--",
            "전용률":"--",
            "욕실수":50,
            "현관타입":10,
            "주거총점":24.0,
            "지역구공급총점":0.0,
            "역세권":"NA",
            "30분내 이동가능 거점":"NA",
            "1시간내 이동가능 거점":"NA",
            "교통총점":"NA",
            "백화점":0,
            "아울렛몰":0,
            "대형마트":0,
            "은행":0,
            "병원":30,
            "종합병원":80,
            "공원":0,
            "혐오시설":0,
            "인프라총점":19.0,
            "초등학군":89.99,
            "중학군":38.16,
            "학군총점":48.526,
            "인구수":27.88,
            "인구증감":-2.14,
            "인구총점":18.874,
            "일자리":15.62,
            "소득수준":57.1,
            "일자리총점":28.064,
            "가치 총점":28.1315,
            "매매실거래년":20220122.0,
            "매매실거래가":4600.0,
            "전세실거래년":20200427.0,
            "전세실거래가":3000.0,
            "전세가율":65.22,
            "장기전세가율평균":77.07,
            "전세가율거품지수":11.85,
            "검색코드":5054,
            "세대수":350.0,
            "준공년월":"1993-12-01",
            "준공년차":30.0,
            "가까운역이름":"NA",
            "가까운역거리":"NA",
            "역세권여부":"NA",
            "30분이내주요거점역":"NA",
            "30분거점역이름":"NA",
            "1시간이내주요거점역":"NA",
            "1시간거점역이름":"NA",
            "3km이내백화점수":0,
            "5km이내아울렛몰수":0,
            "1km이내대형먀트수":0,
            "500m이내은행수":0,
            "500m이내병원수":7,
            "5km이내대형병원수":1,
            "500m이내공원수":0,
            "3km이내혐오시설수":0,
            "초등학교학업성취도":89.99,
            "중학교학업성취도":63.0,
            "용적률":247,
            "건폐율":21,
            "Y":35.97996,
            "X":126.67973,
            "rank":126.0,
            "area_info":"23평(77.79), 23평(79.33), 27평(91.39), 30평(101.29), 31평(103.46), 34평(115.2)",
            "last_sales":"2022-01-22,4600.0,23평(77.79)",
            "rank_history":[
                [
                    "202202",
                    126
                ],
                [
                    "202201",
                    126
                ]
            ],
            "rank_gap":0
        },
        {
            "index":186,
            "아파트명":"미룡대명2차",
            "투자타입":"일반",
            "전용면적(m2)":"68.92",
            "전용면적(평)":"20평",
            "법정동주소":"전라북도 군산시 미룡동 857",
            "도로명주소":"전라북도 군산시 칠성3길 8",
            "세대수":0,
            "입주년차":20,
            "용적률점수":"--",
            "건폐율점수":"--",
            "세대당주차수":0,
            "난방방식":30,
            "공급면적":"--",
            "전용률":"--",
            "욕실수":50,
            "현관타입":100,
            "주거총점":22.0,
            "지역구공급총점":0.0,
            "역세권":"NA",
            "30분내 이동가능 거점":"NA",
            "1시간내 이동가능 거점":"NA",
            "교통총점":"NA",
            "백화점":0,
            "아울렛몰":0,
            "대형마트":0,
            "은행":0,
            "병원":0,
            "종합병원":80,
            "공원":100,
            "혐오시설":0,
            "인프라총점":19.0,
            "초등학군":89.99,
            "중학군":39.96,
            "학군총점":49.966,
            "인구수":27.88,
            "인구증감":-2.14,
            "인구총점":18.874,
            "일자리":15.62,
            "소득수준":57.1,
            "일자리총점":28.064,
            "가치 총점":27.7915,
            "매매실거래년":20220119.0,
            "매매실거래가":5600.0,
            "전세실거래년":20211005.0,
            "전세실거래가":4700.0,
            "전세가율":83.93,
            "장기전세가율평균":77.07,
            "전세가율거품지수":-6.86,
            "검색코드":104840,
            "세대수":276.0,
            "준공년월":"2002-05-30",
            "준공년차":21.0,
            "가까운역이름":"NA",
            "가까운역거리":"NA",
            "역세권여부":"NA",
            "30분이내주요거점역":"NA",
            "30분거점역이름":"NA",
            "1시간이내주요거점역":"NA",
            "1시간거점역이름":"NA",
            "3km이내백화점수":0,
            "5km이내아울렛몰수":0,
            "1km이내대형먀트수":0,
            "500m이내은행수":0,
            "500m이내병원수":0,
            "5km이내대형병원수":1,
            "500m이내공원수":3,
            "3km이내혐오시설수":0,
            "초등학교학업성취도":89.99,
            "중학교학업성취도":64.8,
            "용적률":0,
            "건폐율":0,
            "Y":35.956317,
            "X":126.676046,
            "rank":127.0,
            "area_info":"20평(68.92), 20평(69.25)",
            "last_sales":"2022-01-19,5600.0,20평(68.92)",
            "rank_history":[
                [
                    "202202",
                    127
                ],
                [
                    "202201",
                    125
                ]
            ],
            "rank_gap":-2
        },
        {
            "index":188,
            "아파트명":"미룡대명3차",
            "투자타입":"일반",
            "전용면적(m2)":"55.25",
            "전용면적(평)":"16평",
            "법정동주소":"전라북도 군산시 미룡동 854",
            "도로명주소":"전라북도 군산시 칠성3길 22",
            "세대수":0,
            "입주년차":20,
            "용적률점수":"--",
            "건폐율점수":"--",
            "세대당주차수":0,
            "난방방식":30,
            "공급면적":"--",
            "전용률":"--",
            "욕실수":50,
            "현관타입":100,
            "주거총점":22.0,
            "지역구공급총점":0.0,
            "역세권":"NA",
            "30분내 이동가능 거점":"NA",
            "1시간내 이동가능 거점":"NA",
            "교통총점":"NA",
            "백화점":0,
            "아울렛몰":0,
            "대형마트":0,
            "은행":0,
            "병원":0,
            "종합병원":80,
            "공원":100,
            "혐오시설":0,
            "인프라총점":19.0,
            "초등학군":89.99,
            "중학군":39.96,
            "학군총점":49.966,
            "인구수":27.88,
            "인구증감":-2.14,
            "인구총점":18.874,
            "일자리":15.62,
            "소득수준":57.1,
            "일자리총점":28.064,
            "가치 총점":27.7915,
            "매매실거래년":20211102.0,
            "매매실거래가":3100.0,
            "전세실거래년":20211109.0,
            "전세실거래가":3500.0,
            "전세가율":112.9,
            "장기전세가율평균":77.07,
            "전세가율거품지수":-35.83,
            "검색코드":109106,
            "세대수":188.0,
            "준공년월":"2002-05-30",
            "준공년차":21.0,
            "가까운역이름":"NA",
            "가까운역거리":"NA",
            "역세권여부":"NA",
            "30분이내주요거점역":"NA",
            "30분거점역이름":"NA",
            "1시간이내주요거점역":"NA",
            "1시간거점역이름":"NA",
            "3km이내백화점수":0,
            "5km이내아울렛몰수":0,
            "1km이내대형먀트수":0,
            "500m이내은행수":0,
            "500m이내병원수":0,
            "5km이내대형병원수":1,
            "500m이내공원수":3,
            "3km이내혐오시설수":0,
            "초등학교학업성취도":89.99,
            "중학교학업성취도":64.8,
            "용적률":204,
            "건폐율":13,
            "Y":35.957488,
            "X":126.675938,
            "rank":127.0,
            "area_info":"16평(55.25)",
            "last_sales":"2021-11-02,3100.0,16평(55.25)",
            "rank_history":[
                [
                    "202202",
                    127
                ],
                [
                    "202201",
                    125
                ]
            ],
            "rank_gap":-2
        },
        {
            "index":257,
            "아파트명":"부향하나로1차",
            "투자타입":"일반",
            "전용면적(m2)":"35.63",
            "전용면적(평)":"10평",
            "법정동주소":"전라북도 군산시 산북동 3616",
            "도로명주소":"전라북도 군산시 동아로 12",
            "세대수":30,
            "입주년차":0,
            "용적률점수":"--",
            "건폐율점수":"--",
            "세대당주차수":0,
            "난방방식":30,
            "공급면적":"--",
            "전용률":"--",
            "욕실수":50,
            "현관타입":10,
            "주거총점":19.5,
            "지역구공급총점":0.0,
            "역세권":"NA",
            "30분내 이동가능 거점":"NA",
            "1시간내 이동가능 거점":"NA",
            "교통총점":"NA",
            "백화점":0,
            "아울렛몰":0,
            "대형마트":0,
            "은행":0,
            "병원":0,
            "종합병원":80,
            "공원":100,
            "혐오시설":0,
            "인프라총점":19.0,
            "초등학군":89.99,
            "중학군":39.96,
            "학군총점":49.966,
            "인구수":27.88,
            "인구증감":-2.14,
            "인구총점":18.874,
            "일자리":15.62,
            "소득수준":57.1,
            "일자리총점":28.064,
            "가치 총점":26.9165,
            "매매실거래년":20211122.0,
            "매매실거래가":1600.0,
            "전세실거래년":20210203.0,
            "전세실거래가":993.0,
            "전세가율":70.93,
            "장기전세가율평균":77.07,
            "전세가율거품지수":6.14,
            "검색코드":118059,
            "세대수":349.0,
            "준공년월":"1997-03-04",
            "준공년차":26.0,
            "가까운역이름":"NA",
            "가까운역거리":"NA",
            "역세권여부":"NA",
            "30분이내주요거점역":"NA",
            "30분거점역이름":"NA",
            "1시간이내주요거점역":"NA",
            "1시간거점역이름":"NA",
            "3km이내백화점수":0,
            "5km이내아울렛몰수":0,
            "1km이내대형먀트수":0,
            "500m이내은행수":0,
            "500m이내병원수":0,
            "5km이내대형병원수":1,
            "500m이내공원수":3,
            "3km이내혐오시설수":0,
            "초등학교학업성취도":89.99,
            "중학교학업성취도":64.8,
            "용적률":347,
            "건폐율":31,
            "Y":35.960465,
            "X":126.675505,
            "rank":128.0,
            "area_info":"10평(35.63), 15평(51.46)",
            "last_sales":"2021-11-22,1600.0,15평(51.46)",
            "rank_history":[
                [
                    "202202",
                    128
                ],
                [
                    "202201",
                    127
                ]
            ],
            "rank_gap":-1
        },
        {
            "index":254,
            "아파트명":"금강맨션",
            "투자타입":"재건축",
            "전용면적(m2)":"84.42",
            "전용면적(평)":"25평",
            "법정동주소":"전라북도 군산시 산북동 3540",
            "도로명주소":"전라북도 군산시 소룡길 86-5",
            "세대수":0,
            "입주년차":"--",
            "용적률점수":0,
            "건폐율점수":0,
            "세대당주차수":"--",
            "난방방식":"--",
            "공급면적":70,
            "전용률":80,
            "욕실수":"--",
            "현관타입":"--",
            "주거총점":7.5,
            "지역구공급총점":0.0,
            "역세권":"NA",
            "30분내 이동가능 거점":"NA",
            "1시간내 이동가능 거점":"NA",
            "교통총점":"NA",
            "백화점":0,
            "아울렛몰":0,
            "대형마트":0,
            "은행":0,
            "병원":60,
            "종합병원":100,
            "공원":100,
            "혐오시설":0,
            "인프라총점":29.0,
            "초등학군":89.99,
            "중학군":39.96,
            "학군총점":49.966,
            "인구수":27.88,
            "인구증감":-2.14,
            "인구총점":18.874,
            "일자리":15.62,
            "소득수준":57.1,
            "일자리총점":28.064,
            "가치 총점":26.7165,
            "매매실거래년":20211112.0,
            "매매실거래가":6500.0,
            "전세실거래년":20211211.0,
            "전세실거래가":4000.0,
            "전세가율":61.54,
            "장기전세가율평균":77.07,
            "전세가율거품지수":15.53,
            "검색코드":101157,
            "세대수":120.0,
            "준공년월":"1989-11-17",
            "준공년차":34.0,
            "가까운역이름":"NA",
            "가까운역거리":"NA",
            "역세권여부":"NA",
            "30분이내주요거점역":"NA",
            "30분거점역이름":"NA",
            "1시간이내주요거점역":"NA",
            "1시간거점역이름":"NA",
            "3km이내백화점수":0,
            "5km이내아울렛몰수":0,
            "1km이내대형먀트수":0,
            "500m이내은행수":1,
            "500m이내병원수":12,
            "5km이내대형병원수":2,
            "500m이내공원수":4,
            "3km이내혐오시설수":0,
            "초등학교학업성취도":89.99,
            "중학교학업성취도":64.8,
            "용적률":0,
            "건폐율":0,
            "Y":35.969031,
            "X":126.68314,
            "rank":129.0,
            "area_info":"25평(84.42), 27평(90.33), 27평(91.02)",
            "last_sales":"2021-11-12,6500.0,25평(84.42)",
            "rank_history":[
                [
                    "202202",
                    129
                ],
                [
                    "202201",
                    128
                ]
            ],
            "rank_gap":-1
        },
        {
            "index":326,
            "아파트명":"신흥무지개타운",
            "투자타입":"일반",
            "전용면적(m2)":"72.12",
            "전용면적(평)":"21평",
            "법정동주소":"전라북도 군산시 소룡동 1560-2",
            "도로명주소":"전라북도 군산시 소룡1길 26",
            "세대수":0,
            "입주년차":0,
            "용적률점수":"--",
            "건폐율점수":"--",
            "세대당주차수":0,
            "난방방식":30,
            "공급면적":"--",
            "전용률":"--",
            "욕실수":50,
            "현관타입":50,
            "주거총점":13.0,
            "지역구공급총점":0.0,
            "역세권":"NA",
            "30분내 이동가능 거점":"NA",
            "1시간내 이동가능 거점":"NA",
            "교통총점":"NA",
            "백화점":0,
            "아울렛몰":0,
            "대형마트":0,
            "은행":0,
            "병원":10,
            "종합병원":80,
            "공원":100,
            "혐오시설":0,
            "인프라총점":20.0,
            "초등학군":89.99,
            "중학군":38.16,
            "학군총점":48.526,
            "인구수":27.88,
            "인구증감":-2.14,
            "인구총점":18.874,
            "일자리":15.62,
            "소득수준":57.1,
            "일자리총점":28.064,
            "가치 총점":24.6815,
            "매매실거래년":20211127.0,
            "매매실거래가":4000.0,
            "전세실거래년":20210501.0,
            "전세실거래가":3000.0,
            "전세가율":75.0,
            "장기전세가율평균":77.07,
            "전세가율거품지수":2.07,
            "검색코드":106428,
            "세대수":112.0,
            "준공년월":"1993-06-09",
            "준공년차":30.0,
            "가까운역이름":"NA",
            "가까운역거리":"NA",
            "역세권여부":"NA",
            "30분이내주요거점역":"NA",
            "30분거점역이름":"NA",
            "1시간이내주요거점역":"NA",
            "1시간거점역이름":"NA",
            "3km이내백화점수":0,
            "5km이내아울렛몰수":0,
            "1km이내대형먀트수":0,
            "500m이내은행수":0,
            "500m이내병원수":2,
            "5km이내대형병원수":1,
            "500m이내공원수":3,
            "3km이내혐오시설수":0,
            "초등학교학업성취도":89.99,
            "중학교학업성취도":63.0,
            "용적률":101,
            "건폐율":13,
            "Y":35.970676,
            "X":126.676183,
            "rank":130.0,
            "area_info":"21평(72.12), 23평(78.44)",
            "last_sales":"2021-11-27,4000.0,21평(72.12)",
            "rank_history":[
                [
                    "202202",
                    130
                ],
                [
                    "202201",
                    130
                ]
            ],
            "rank_gap":0
        },
        {
            "index":259,
            "아파트명":"산북대명1차",
            "투자타입":"일반",
            "전용면적(m2)":"56.08",
            "전용면적(평)":"16평",
            "법정동주소":"전라북도 군산시 산북동 3579-1",
            "도로명주소":"전라북도 군산시 원산북2길 35",
            "세대수":0,
            "입주년차":0,
            "용적률점수":"--",
            "건폐율점수":"--",
            "세대당주차수":0,
            "난방방식":30,
            "공급면적":"--",
            "전용률":"--",
            "욕실수":50,
            "현관타입":50,
            "주거총점":13.0,
            "지역구공급총점":0.0,
            "역세권":"NA",
            "30분내 이동가능 거점":"NA",
            "1시간내 이동가능 거점":"NA",
            "교통총점":"NA",
            "백화점":0,
            "아울렛몰":0,
            "대형마트":0,
            "은행":0,
            "병원":0,
            "종합병원":80,
            "공원":100,
            "혐오시설":0,
            "인프라총점":19.0,
            "초등학군":89.99,
            "중학군":39.96,
            "학군총점":49.966,
            "인구수":27.88,
            "인구증감":-2.14,
            "인구총점":18.874,
            "일자리":15.62,
            "소득수준":57.1,
            "일자리총점":28.064,
            "가치 총점":24.6415,
            "매매실거래년":20220113.0,
            "매매실거래가":2900.0,
            "전세실거래년":20211019.0,
            "전세실거래가":3000.0,
            "전세가율":103.45,
            "장기전세가율평균":77.07,
            "전세가율거품지수":-26.38,
            "검색코드":107967,
            "세대수":225.0,
            "준공년월":"1997-09-29",
            "준공년차":26.0,
            "가까운역이름":"NA",
            "가까운역거리":"NA",
            "역세권여부":"NA",
            "30분이내주요거점역":"NA",
            "30분거점역이름":"NA",
            "1시간이내주요거점역":"NA",
            "1시간거점역이름":"NA",
            "3km이내백화점수":0,
            "5km이내아울렛몰수":0,
            "1km이내대형먀트수":0,
            "500m이내은행수":0,
            "500m이내병원수":1,
            "5km이내대형병원수":1,
            "500m이내공원수":3,
            "3km이내혐오시설수":0,
            "초등학교학업성취도":89.99,
            "중학교학업성취도":64.8,
            "용적률":298,
            "건폐율":26,
            "Y":35.963639,
            "X":126.679637,
            "rank":131.0,
            "area_info":"16평(56.08)",
            "last_sales":"2022-01-13,2900.0,16평(56.08)",
            "rank_history":[
                [
                    "202202",
                    131
                ],
                [
                    "202201",
                    131
                ]
            ],
            "rank_gap":0
        },
        {
            "index":279,
            "아파트명":"하늘가1차",
            "투자타입":"일반",
            "전용면적(m2)":"52.02",
            "전용면적(평)":"15평",
            "법정동주소":"전라북도 군산시 산북동 3589",
            "도로명주소":"전라북도 군산시 부원로 116",
            "세대수":0,
            "입주년차":20,
            "용적률점수":"--",
            "건폐율점수":"--",
            "세대당주차수":0,
            "난방방식":30,
            "공급면적":"--",
            "전용률":"--",
            "욕실수":50,
            "현관타입":10,
            "주거총점":13.0,
            "지역구공급총점":0.0,
            "역세권":"NA",
            "30분내 이동가능 거점":"NA",
            "1시간내 이동가능 거점":"NA",
            "교통총점":"NA",
            "백화점":0,
            "아울렛몰":0,
            "대형마트":0,
            "은행":0,
            "병원":0,
            "종합병원":80,
            "공원":100,
            "혐오시설":0,
            "인프라총점":19.0,
            "초등학군":89.99,
            "중학군":39.96,
            "학군총점":49.966,
            "인구수":27.88,
            "인구증감":-2.14,
            "인구총점":18.874,
            "일자리":15.62,
            "소득수준":57.1,
            "일자리총점":28.064,
            "가치 총점":24.6415,
            "매매실거래년":20220120.0,
            "매매실거래가":3100.0,
            "전세실거래년":20210813.0,
            "전세실거래가":1700.0,
            "전세가율":54.84,
            "장기전세가율평균":77.07,
            "전세가율거품지수":22.23,
            "검색코드":106888,
            "세대수":221.0,
            "준공년월":"2001-08-25",
            "준공년차":22.0,
            "가까운역이름":"NA",
            "가까운역거리":"NA",
            "역세권여부":"NA",
            "30분이내주요거점역":"NA",
            "30분거점역이름":"NA",
            "1시간이내주요거점역":"NA",
            "1시간거점역이름":"NA",
            "3km이내백화점수":0,
            "5km이내아울렛몰수":0,
            "1km이내대형먀트수":0,
            "500m이내은행수":0,
            "500m이내병원수":1,
            "5km이내대형병원수":1,
            "500m이내공원수":3,
            "3km이내혐오시설수":0,
            "초등학교학업성취도":89.99,
            "중학교학업성취도":64.8,
            "용적률":271,
            "건폐율":23,
            "Y":35.963054,
            "X":126.679736,
            "rank":131.0,
            "area_info":"15평(52.02)",
            "last_sales":"2022-01-20,3100.0,15평(52.02)",
            "rank_history":[
                [
                    "202202",
                    131
                ],
                [
                    "202201",
                    131
                ]
            ],
            "rank_gap":0
        },
        {
            "index":328,
            "아파트명":"이화",
            "투자타입":"재건축",
            "전용면적(m2)":"58.57",
            "전용면적(평)":"17평",
            "법정동주소":"전라북도 군산시 소룡동 1349-26",
            "도로명주소":"전라북도 군산시 설림2길 22-3",
            "세대수":0,
            "입주년차":"--",
            "용적률점수":0,
            "건폐율점수":0,
            "세대당주차수":"--",
            "난방방식":"--",
            "공급면적":50,
            "전용률":60,
            "욕실수":"--",
            "현관타입":"--",
            "주거총점":5.5,
            "지역구공급총점":0.0,
            "역세권":"NA",
            "30분내 이동가능 거점":"NA",
            "1시간내 이동가능 거점":"NA",
            "교통총점":"NA",
            "백화점":0,
            "아울렛몰":0,
            "대형마트":0,
            "은행":0,
            "병원":30,
            "종합병원":100,
            "공원":80,
            "혐오시설":0,
            "인프라총점":25.4,
            "초등학군":89.99,
            "중학군":38.16,
            "학군총점":48.526,
            "인구수":27.88,
            "인구증감":-2.14,
            "인구총점":18.874,
            "일자리":15.62,
            "소득수준":57.1,
            "일자리총점":28.064,
            "가치 총점":24.2165,
            "매매실거래년":20220113.0,
            "매매실거래가":2100.0,
            "전세실거래년":20201008.0,
            "전세실거래가":1800.0,
            "전세가율":85.71,
            "장기전세가율평균":77.07,
            "전세가율거품지수":-8.64,
            "검색코드":14975,
            "세대수":204.0,
            "준공년월":"1992-02-13",
            "준공년차":31.0,
            "가까운역이름":"NA",
            "가까운역거리":"NA",
            "역세권여부":"NA",
            "30분이내주요거점역":"NA",
            "30분거점역이름":"NA",
            "1시간이내주요거점역":"NA",
            "1시간거점역이름":"NA",
            "3km이내백화점수":0,
            "5km이내아울렛몰수":0,
            "1km이내대형먀트수":0,
            "500m이내은행수":0,
            "500m이내병원수":8,
            "5km이내대형병원수":2,
            "500m이내공원수":1,
            "3km이내혐오시설수":0,
            "초등학교학업성취도":89.99,
            "중학교학업성취도":63.0,
            "용적률":0,
            "건폐율":0,
            "Y":35.976559,
            "X":126.682627,
            "rank":132.0,
            "area_info":"17평(58.57), 20평(69.25), 22평(75.11)",
            "last_sales":"2022-01-13,2100.0,17평(58.57)",
            "rank_history":[
                [
                    "202202",
                    132
                ],
                [
                    "202201",
                    132
                ]
            ],
            "rank_gap":0
        },
        {
            "index":164,
            "아파트명":"대야보라무지개",
            "투자타입":"일반",
            "전용면적(m2)":"75.08",
            "전용면적(평)":"22평",
            "법정동주소":"전라북도 군산시 대야면 산월리 536-2",
            "도로명주소":"전라북도 군산시 수림로 7-10",
            "세대수":0,
            "입주년차":20,
            "용적률점수":"--",
            "건폐율점수":"--",
            "세대당주차수":0,
            "난방방식":30,
            "공급면적":"--",
            "전용률":"--",
            "욕실수":50,
            "현관타입":100,
            "주거총점":22.0,
            "지역구공급총점":0.0,
            "역세권":"NA",
            "30분내 이동가능 거점":"NA",
            "1시간내 이동가능 거점":"NA",
            "교통총점":"NA",
            "백화점":0,
            "아울렛몰":0,
            "대형마트":80,
            "은행":0,
            "병원":0,
            "종합병원":0,
            "공원":0,
            "혐오시설":0,
            "인프라총점":12.0,
            "초등학군":90.01,
            "중학군":35.64,
            "학군총점":46.514,
            "인구수":27.88,
            "인구증감":-2.14,
            "인구총점":18.874,
            "일자리":15.62,
            "소득수준":57.1,
            "일자리총점":28.064,
            "가치 총점":24.1285,
            "매매실거래년":20211220.0,
            "매매실거래가":5800.0,
            "전세실거래년":20200916.0,
            "전세실거래가":5500.0,
            "전세가율":94.83,
            "장기전세가율평균":77.07,
            "전세가율거품지수":-17.76,
            "검색코드":116583,
            "세대수":105.0,
            "준공년월":"2001-09-28",
            "준공년차":22.0,
            "가까운역이름":"NA",
            "가까운역거리":"NA",
            "역세권여부":"NA",
            "30분이내주요거점역":"NA",
            "30분거점역이름":"NA",
            "1시간이내주요거점역":"NA",
            "1시간거점역이름":"NA",
            "3km이내백화점수":0,
            "5km이내아울렛몰수":0,
            "1km이내대형먀트수":1,
            "500m이내은행수":0,
            "500m이내병원수":0,
            "5km이내대형병원수":0,
            "500m이내공원수":0,
            "3km이내혐오시설수":0,
            "초등학교학업성취도":90.01,
            "중학교학업성취도":59.4,
            "용적률":249,
            "건폐율":20,
            "Y":35.949092,
            "X":126.821391,
            "rank":133.0,
            "area_info":"22평(75.08), 31평(104.68)",
            "last_sales":"2021-12-20,5800.0,22평(75.08)",
            "rank_history":[
                [
                    "202202",
                    133
                ],
                [
                    "202201",
                    129
                ]
            ],
            "rank_gap":-4
        },
        {
            "index":307,
            "아파트명":"명성타운",
            "투자타입":"재건축",
            "전용면적(m2)":"67.92",
            "전용면적(평)":"20평",
            "법정동주소":"전라북도 군산시 소룡동 1552-4",
            "도로명주소":"전라북도 군산시 칠성4길 186",
            "세대수":0,
            "입주년차":"--",
            "용적률점수":0,
            "건폐율점수":0,
            "세대당주차수":"--",
            "난방방식":"--",
            "공급면적":50,
            "전용률":60,
            "욕실수":"--",
            "현관타입":"--",
            "주거총점":5.5,
            "지역구공급총점":0.0,
            "역세권":"NA",
            "30분내 이동가능 거점":"NA",
            "1시간내 이동가능 거점":"NA",
            "교통총점":"NA",
            "백화점":0,
            "아울렛몰":0,
            "대형마트":0,
            "은행":0,
            "병원":60,
            "종합병원":80,
            "공원":100,
            "혐오시설":0,
            "인프라총점":25.0,
            "초등학군":89.99,
            "중학군":38.16,
            "학군총점":48.526,
            "인구수":27.88,
            "인구증감":-2.14,
            "인구총점":18.874,
            "일자리":15.62,
            "소득수준":57.1,
            "일자리총점":28.064,
            "가치 총점":24.0565,
            "매매실거래년":20211210.0,
            "매매실거래가":3500.0,
            "전세실거래년":20210322.0,
            "전세실거래가":2500.0,
            "전세가율":71.43,
            "장기전세가율평균":77.07,
            "전세가율거품지수":5.64,
            "검색코드":5052,
            "세대수":141.0,
            "준공년월":"1992-03-05",
            "준공년차":31.0,
            "가까운역이름":"NA",
            "가까운역거리":"NA",
            "역세권여부":"NA",
            "30분이내주요거점역":"NA",
            "30분거점역이름":"NA",
            "1시간이내주요거점역":"NA",
            "1시간거점역이름":"NA",
            "3km이내백화점수":0,
            "5km이내아울렛몰수":0,
            "1km이내대형먀트수":0,
            "500m이내은행수":1,
            "500m이내병원수":10,
            "5km이내대형병원수":1,
            "500m이내공원수":4,
            "3km이내혐오시설수":0,
            "초등학교학업성취도":89.99,
            "중학교학업성취도":63.0,
            "용적률":0,
            "건폐율":0,
            "Y":35.97189,
            "X":126.678413,
            "rank":134.0,
            "area_info":"20평(67.92), 23평(76.53), 28평(95.35), 30평(102.03), 35평(118.92)",
            "last_sales":"2021-12-10,3500.0,20평(67.92)",
            "rank_history":[
                [
                    "202202",
                    134
                ],
                [
                    "202201",
                    133
                ]
            ],
            "rank_gap":-1
        },
        {
            "index":402,
            "아파트명":"드림빌",
            "투자타입":"일반",
            "전용면적(m2)":"63.27",
            "전용면적(평)":"19평",
            "법정동주소":"전라북도 군산시 옥서면 선연리 1562-1",
            "도로명주소":"전라북도 군산시 옥구저수지로 307",
            "세대수":0,
            "입주년차":40,
            "용적률점수":"--",
            "건폐율점수":"--",
            "세대당주차수":0,
            "난방방식":30,
            "공급면적":"--",
            "전용률":"--",
            "욕실수":50,
            "현관타입":100,
            "주거총점":26.0,
            "지역구공급총점":0.0,
            "역세권":"NA",
            "30분내 이동가능 거점":"NA",
            "1시간내 이동가능 거점":"NA",
            "교통총점":"NA",
            "백화점":0,
            "아울렛몰":0,
            "대형마트":80,
            "은행":0,
            "병원":0,
            "종합병원":0,
            "공원":0,
            "혐오시설":0,
            "인프라총점":12.0,
            "초등학군":89.96,
            "중학군":27.0,
            "학군총점":39.592,
            "인구수":27.88,
            "인구증감":-2.14,
            "인구총점":18.874,
            "일자리":15.62,
            "소득수준":57.1,
            "일자리총점":28.064,
            "가치 총점":23.798,
            "매매실거래년":"18000101",
            "매매실거래가":null,
            "전세실거래년":null,
            "전세실거래가":null,
            "전세가율":null,
            "장기전세가율평균":77.07,
            "전세가율거품지수":null,
            "검색코드":137450,
            "세대수":184.0,
            "준공년월":"2007-02-08",
            "준공년차":16.0,
            "가까운역이름":"NA",
            "가까운역거리":"NA",
            "역세권여부":"NA",
            "30분이내주요거점역":"NA",
            "30분거점역이름":"NA",
            "1시간이내주요거점역":"NA",
            "1시간거점역이름":"NA",
            "3km이내백화점수":0,
            "5km이내아울렛몰수":0,
            "1km이내대형먀트수":1,
            "500m이내은행수":0,
            "500m이내병원수":0,
            "5km이내대형병원수":0,
            "500m이내공원수":0,
            "3km이내혐오시설수":0,
            "초등학교학업성취도":89.96,
            "중학교학업성취도":45.0,
            "용적률":121,
            "건폐율":34,
            "Y":35.921216,
            "X":126.635034,
            "rank":135.0,
            "area_info":"19평(63.27), 19평(64.8), 21평(70.98), 23평(76.2)",
            "last_sales":"1800-01-01,nan,19평(63.27)",
            "rank_history":[
                [
                    "202202",
                    135
                ],
                [
                    "202201",
                    135
                ]
            ],
            "rank_gap":0
        },
        {
            "index":267,
            "아파트명":"시영1단지",
            "투자타입":"재건축",
            "전용면적(m2)":"43.87",
            "전용면적(평)":"13평",
            "법정동주소":"전라북도 군산시 산북동 3551-1",
            "도로명주소":"전라북도 군산시 칠성안1길 16",
            "세대수":0,
            "입주년차":"--",
            "용적률점수":0,
            "건폐율점수":0,
            "세대당주차수":"--",
            "난방방식":"--",
            "공급면적":50,
            "전용률":60,
            "욕실수":"--",
            "현관타입":"--",
            "주거총점":5.5,
            "지역구공급총점":0.0,
            "역세권":"NA",
            "30분내 이동가능 거점":"NA",
            "1시간내 이동가능 거점":"NA",
            "교통총점":"NA",
            "백화점":0,
            "아울렛몰":0,
            "대형마트":0,
            "은행":0,
            "병원":0,
            "종합병원":80,
            "공원":100,
            "혐오시설":0,
            "인프라총점":19.0,
            "초등학군":89.99,
            "중학군":39.96,
            "학군총점":49.966,
            "인구수":27.88,
            "인구증감":-2.14,
            "인구총점":18.874,
            "일자리":15.62,
            "소득수준":57.1,
            "일자리총점":28.064,
            "가치 총점":22.0165,
            "매매실거래년":20220106.0,
            "매매실거래가":2900.0,
            "전세실거래년":20210407.0,
            "전세실거래가":1000.0,
            "전세가율":80.0,
            "장기전세가율평균":77.07,
            "전세가율거품지수":-2.93,
            "검색코드":5044,
            "세대수":280.0,
            "준공년월":"1990-12-13",
            "준공년차":33.0,
            "가까운역이름":"NA",
            "가까운역거리":"NA",
            "역세권여부":"NA",
            "30분이내주요거점역":"NA",
            "30분거점역이름":"NA",
            "1시간이내주요거점역":"NA",
            "1시간거점역이름":"NA",
            "3km이내백화점수":0,
            "5km이내아울렛몰수":0,
            "1km이내대형먀트수":0,
            "500m이내은행수":0,
            "500m이내병원수":1,
            "5km이내대형병원수":1,
            "500m이내공원수":3,
            "3km이내혐오시설수":0,
            "초등학교학업성취도":89.99,
            "중학교학업성취도":64.8,
            "용적률":0,
            "건폐율":0,
            "Y":35.968005,
            "X":126.676738,
            "rank":136.0,
            "area_info":"13평(43.87), 13평(44.14), 16평(53.43), 16평(54.03)",
            "last_sales":"2022-01-06,2900.0,16평(54.03)",
            "rank_history":[
                [
                    "202202",
                    136
                ],
                [
                    "202201",
                    134
                ]
            ],
            "rank_gap":-2
        },
        {
            "index":271,
            "아파트명":"시영2단지",
            "투자타입":"재건축",
            "전용면적(m2)":"44.54",
            "전용면적(평)":"13평",
            "법정동주소":"전라북도 군산시 산북동 3551",
            "도로명주소":"전라북도 군산시 산북로 162",
            "세대수":0,
            "입주년차":"--",
            "용적률점수":0,
            "건폐율점수":0,
            "세대당주차수":"--",
            "난방방식":"--",
            "공급면적":50,
            "전용률":60,
            "욕실수":"--",
            "현관타입":"--",
            "주거총점":5.5,
            "지역구공급총점":0.0,
            "역세권":"NA",
            "30분내 이동가능 거점":"NA",
            "1시간내 이동가능 거점":"NA",
            "교통총점":"NA",
            "백화점":0,
            "아울렛몰":0,
            "대형마트":0,
            "은행":0,
            "병원":0,
            "종합병원":80,
            "공원":100,
            "혐오시설":0,
            "인프라총점":19.0,
            "초등학군":89.99,
            "중학군":39.96,
            "학군총점":49.966,
            "인구수":27.88,
            "인구증감":-2.14,
            "인구총점":18.874,
            "일자리":15.62,
            "소득수준":57.1,
            "일자리총점":28.064,
            "가치 총점":22.0165,
            "매매실거래년":20211212.0,
            "매매실거래가":3400.0,
            "전세실거래년":20211218.0,
            "전세실거래가":2500.0,
            "전세가율":100.0,
            "장기전세가율평균":77.07,
            "전세가율거품지수":-22.93,
            "검색코드":5045,
            "세대수":200.0,
            "준공년월":"1991-11-30",
            "준공년차":32.0,
            "가까운역이름":"NA",
            "가까운역거리":"NA",
            "역세권여부":"NA",
            "30분이내주요거점역":"NA",
            "30분거점역이름":"NA",
            "1시간이내주요거점역":"NA",
            "1시간거점역이름":"NA",
            "3km이내백화점수":0,
            "5km이내아울렛몰수":0,
            "1km이내대형먀트수":0,
            "500m이내은행수":0,
            "500m이내병원수":1,
            "5km이내대형병원수":1,
            "500m이내공원수":2,
            "3km이내혐오시설수":0,
            "초등학교학업성취도":89.99,
            "중학교학업성취도":64.8,
            "용적률":0,
            "건폐율":0,
            "Y":35.967983,
            "X":126.675596,
            "rank":136.0,
            "area_info":"13평(44.54), 18평(59.91)",
            "last_sales":"2021-12-12,3400.0,18평(59.91)",
            "rank_history":[
                [
                    "202202",
                    136
                ],
                [
                    "202201",
                    134
                ]
            ],
            "rank_gap":-2
        }
    ]
}