{
    "schema":{
        "fields":[
            {
                "name":"index",
                "type":"integer"
            },
            {
                "name":"아파트명",
                "type":"string"
            },
            {
                "name":"투자타입",
                "type":"string"
            },
            {
                "name":"전용면적(m2)",
                "type":"string"
            },
            {
                "name":"전용면적(평)",
                "type":"string"
            },
            {
                "name":"법정동주소",
                "type":"string"
            },
            {
                "name":"도로명주소",
                "type":"string"
            },
            {
                "name":"세대수",
                "type":"integer"
            },
            {
                "name":"입주년차",
                "type":"string"
            },
            {
                "name":"용적률점수",
                "type":"string"
            },
            {
                "name":"건폐율점수",
                "type":"string"
            },
            {
                "name":"세대당주차수",
                "type":"string"
            },
            {
                "name":"난방방식",
                "type":"string"
            },
            {
                "name":"공급면적",
                "type":"string"
            },
            {
                "name":"전용률",
                "type":"string"
            },
            {
                "name":"욕실수",
                "type":"string"
            },
            {
                "name":"현관타입",
                "type":"string"
            },
            {
                "name":"주거총점",
                "type":"number"
            },
            {
                "name":"지역구공급총점",
                "type":"number"
            },
            {
                "name":"역세권",
                "type":"string"
            },
            {
                "name":"30분내 이동가능 거점",
                "type":"string"
            },
            {
                "name":"1시간내 이동가능 거점",
                "type":"string"
            },
            {
                "name":"교통총점",
                "type":"string"
            },
            {
                "name":"백화점",
                "type":"integer"
            },
            {
                "name":"아울렛몰",
                "type":"integer"
            },
            {
                "name":"대형마트",
                "type":"integer"
            },
            {
                "name":"은행",
                "type":"integer"
            },
            {
                "name":"병원",
                "type":"integer"
            },
            {
                "name":"종합병원",
                "type":"integer"
            },
            {
                "name":"공원",
                "type":"integer"
            },
            {
                "name":"혐오시설",
                "type":"integer"
            },
            {
                "name":"인프라총점",
                "type":"number"
            },
            {
                "name":"초등학군",
                "type":"number"
            },
            {
                "name":"중학군",
                "type":"number"
            },
            {
                "name":"학군총점",
                "type":"number"
            },
            {
                "name":"인구수",
                "type":"number"
            },
            {
                "name":"인구증감",
                "type":"number"
            },
            {
                "name":"인구총점",
                "type":"number"
            },
            {
                "name":"일자리",
                "type":"number"
            },
            {
                "name":"소득수준",
                "type":"number"
            },
            {
                "name":"일자리총점",
                "type":"number"
            },
            {
                "name":"가치 총점",
                "type":"number"
            },
            {
                "name":"매매실거래년",
                "type":"string"
            },
            {
                "name":"매매실거래가",
                "type":"number"
            },
            {
                "name":"전세실거래년",
                "type":"number"
            },
            {
                "name":"전세실거래가",
                "type":"number"
            },
            {
                "name":"전세가율",
                "type":"number"
            },
            {
                "name":"장기전세가율평균",
                "type":"number"
            },
            {
                "name":"전세가율거품지수",
                "type":"number"
            },
            {
                "name":"검색코드",
                "type":"integer"
            },
            {
                "name":"세대수",
                "type":"number"
            },
            {
                "name":"준공년월",
                "type":"string"
            },
            {
                "name":"준공년차",
                "type":"number"
            },
            {
                "name":"가까운역이름",
                "type":"string"
            },
            {
                "name":"가까운역거리",
                "type":"string"
            },
            {
                "name":"역세권여부",
                "type":"string"
            },
            {
                "name":"30분이내주요거점역",
                "type":"string"
            },
            {
                "name":"30분거점역이름",
                "type":"string"
            },
            {
                "name":"1시간이내주요거점역",
                "type":"string"
            },
            {
                "name":"1시간거점역이름",
                "type":"string"
            },
            {
                "name":"3km이내백화점수",
                "type":"integer"
            },
            {
                "name":"5km이내아울렛몰수",
                "type":"integer"
            },
            {
                "name":"1km이내대형먀트수",
                "type":"integer"
            },
            {
                "name":"500m이내은행수",
                "type":"integer"
            },
            {
                "name":"500m이내병원수",
                "type":"integer"
            },
            {
                "name":"5km이내대형병원수",
                "type":"integer"
            },
            {
                "name":"500m이내공원수",
                "type":"integer"
            },
            {
                "name":"3km이내혐오시설수",
                "type":"integer"
            },
            {
                "name":"초등학교학업성취도",
                "type":"number"
            },
            {
                "name":"중학교학업성취도",
                "type":"number"
            },
            {
                "name":"용적률",
                "type":"integer"
            },
            {
                "name":"건폐율",
                "type":"integer"
            },
            {
                "name":"Y",
                "type":"number"
            },
            {
                "name":"X",
                "type":"number"
            },
            {
                "name":"rank",
                "type":"number"
            },
            {
                "name":"area_info",
                "type":"string"
            },
            {
                "name":"last_sales",
                "type":"string"
            },
            {
                "name":"rank_history",
                "type":"string"
            },
            {
                "name":"rank_gap",
                "type":"integer"
            }
        ],
        "primaryKey":[
            "index"
        ],
        "pandas_version":"1.4.0"
    },
    "data":[
        {
            "index":309,
            "아파트명":"여수웅천포레나2단지",
            "투자타입":"일반",
            "전용면적(m2)":"99.62",
            "전용면적(평)":"30평",
            "법정동주소":"전라남도 여수시 웅천동 1889-1",
            "도로명주소":"전라남도 여수시 웅천남8로 23",
            "세대수":90,
            "입주년차":100,
            "용적률점수":"--",
            "건폐율점수":"--",
            "세대당주차수":60,
            "난방방식":30,
            "공급면적":"--",
            "전용률":"--",
            "욕실수":100,
            "현관타입":100,
            "주거총점":83.5,
            "지역구공급총점":0.0,
            "역세권":"NA",
            "30분내 이동가능 거점":"NA",
            "1시간내 이동가능 거점":"NA",
            "교통총점":"NA",
            "백화점":0,
            "아울렛몰":80,
            "대형마트":0,
            "은행":0,
            "병원":10,
            "종합병원":80,
            "공원":100,
            "혐오시설":0,
            "인프라총점":28.0,
            "초등학군":90.0,
            "중학군":44.94,
            "학군총점":53.952,
            "인구수":29.26,
            "인구증감":-5.22,
            "인구총점":18.916,
            "일자리":19.79,
            "소득수준":68.34,
            "일자리총점":34.355,
            "가치 총점":53.913,
            "매매실거래년":20220119.0,
            "매매실거래가":45000.0,
            "전세실거래년":20220106.0,
            "전세실거래가":18900.0,
            "전세가율":42.0,
            "장기전세가율평균":71.3,
            "전세가율거품지수":29.3,
            "검색코드":115986,
            "세대수":1448.0,
            "준공년월":"2019-03-26",
            "준공년차":4.0,
            "가까운역이름":"NA",
            "가까운역거리":"NA",
            "역세권여부":"NA",
            "30분이내주요거점역":"NA",
            "30분거점역이름":"NA",
            "1시간이내주요거점역":"NA",
            "1시간거점역이름":"NA",
            "3km이내백화점수":0,
            "5km이내아울렛몰수":1,
            "1km이내대형먀트수":0,
            "500m이내은행수":0,
            "500m이내병원수":2,
            "5km이내대형병원수":1,
            "500m이내공원수":2,
            "3km이내혐오시설수":0,
            "초등학교학업성취도":90.0,
            "중학교학업성취도":74.9,
            "용적률":399,
            "건폐율":26,
            "Y":34.739323,
            "X":127.680792,
            "rank":1.0,
            "area_info":"30평(99.62), 30평(100.93), 33평(111.12), 33평(112.22), 33평(112.05), 39평(130.59), 39평(131.97)",
            "last_sales":"2022-01-19,45000.0,30평(99.62)",
            "rank_history":[
                [
                    "202202",
                    1
                ],
                [
                    "202201",
                    1
                ]
            ],
            "rank_gap":0
        },
        {
            "index":36,
            "아파트명":"서희스타힐스",
            "투자타입":"일반",
            "전용면적(m2)":"81.73",
            "전용면적(평)":"24평",
            "법정동주소":"전라남도 여수시 국동 438",
            "도로명주소":"전라남도 여수시 신월로 655",
            "세대수":90,
            "입주년차":60,
            "용적률점수":"--",
            "건폐율점수":"--",
            "세대당주차수":0,
            "난방방식":30,
            "공급면적":"--",
            "전용률":"--",
            "욕실수":100,
            "현관타입":100,
            "주거총점":66.5,
            "지역구공급총점":0.0,
            "역세권":"NA",
            "30분내 이동가능 거점":"NA",
            "1시간내 이동가능 거점":"NA",
            "교통총점":"NA",
            "백화점":0,
            "아울렛몰":80,
            "대형마트":80,
            "은행":0,
            "병원":60,
            "종합병원":80,
            "공원":100,
            "혐오시설":0,
            "인프라총점":45.0,
            "초등학군":90.01,
            "중학군":37.98,
            "학군총점":48.386,
            "인구수":29.26,
            "인구증감":-5.22,
            "인구총점":18.916,
            "일자리":19.79,
            "소득수준":68.34,
            "일자리총점":34.355,
            "가치 총점":53.3715,
            "매매실거래년":20220104.0,
            "매매실거래가":24500.0,
            "전세실거래년":20211124.0,
            "전세실거래가":17500.0,
            "전세가율":71.43,
            "장기전세가율평균":71.3,
            "전세가율거품지수":-0.13,
            "검색코드":109224,
            "세대수":1008.0,
            "준공년월":"2013-01-28",
            "준공년차":10.0,
            "가까운역이름":"NA",
            "가까운역거리":"NA",
            "역세권여부":"NA",
            "30분이내주요거점역":"NA",
            "30분거점역이름":"NA",
            "1시간이내주요거점역":"NA",
            "1시간거점역이름":"NA",
            "3km이내백화점수":0,
            "5km이내아울렛몰수":1,
            "1km이내대형먀트수":1,
            "500m이내은행수":0,
            "500m이내병원수":11,
            "5km이내대형병원수":1,
            "500m이내공원수":8,
            "3km이내혐오시설수":0,
            "초등학교학업성취도":90.01,
            "중학교학업성취도":63.3,
            "용적률":314,
            "건폐율":22,
            "Y":34.730934,
            "X":127.715955,
            "rank":2.0,
            "area_info":"24평(81.73), 29평(98.19), 33평(111.79), 48평(160.63)",
            "last_sales":"2022-01-04,24500.0,24평(81.73)",
            "rank_history":[
                [
                    "202202",
                    2
                ],
                [
                    "202201",
                    6
                ]
            ],
            "rank_gap":4
        },
        {
            "index":91,
            "아파트명":"대성베르힐",
            "투자타입":"일반",
            "전용면적(m2)":"109.66",
            "전용면적(평)":"33평",
            "법정동주소":"전라남도 여수시 문수동 929",
            "도로명주소":"전라남도 여수시 여문2로 128-38",
            "세대수":80,
            "입주년차":100,
            "용적률점수":"--",
            "건폐율점수":"--",
            "세대당주차수":30,
            "난방방식":30,
            "공급면적":"--",
            "전용률":"--",
            "욕실수":100,
            "현관타입":100,
            "주거총점":75.5,
            "지역구공급총점":0.0,
            "역세권":"NA",
            "30분내 이동가능 거점":"NA",
            "1시간내 이동가능 거점":"NA",
            "교통총점":"NA",
            "백화점":0,
            "아울렛몰":80,
            "대형마트":0,
            "은행":0,
            "병원":30,
            "종합병원":80,
            "공원":100,
            "혐오시설":0,
            "인프라총점":30.0,
            "초등학군":90.0,
            "중학군":44.94,
            "학군총점":53.952,
            "인구수":29.26,
            "인구증감":-5.22,
            "인구총점":18.916,
            "일자리":19.79,
            "소득수준":68.34,
            "일자리총점":34.355,
            "가치 총점":51.913,
            "매매실거래년":20201025.0,
            "매매실거래가":32510.0,
            "전세실거래년":null,
            "전세실거래가":null,
            "전세가율":null,
            "장기전세가율평균":71.3,
            "전세가율거품지수":null,
            "검색코드":119976,
            "세대수":722.0,
            "준공년월":"2020-10-28",
            "준공년차":3.0,
            "가까운역이름":"NA",
            "가까운역거리":"NA",
            "역세권여부":"NA",
            "30분이내주요거점역":"NA",
            "30분거점역이름":"NA",
            "1시간이내주요거점역":"NA",
            "1시간거점역이름":"NA",
            "3km이내백화점수":0,
            "5km이내아울렛몰수":1,
            "1km이내대형먀트수":0,
            "500m이내은행수":0,
            "500m이내병원수":9,
            "5km이내대형병원수":1,
            "500m이내공원수":12,
            "3km이내혐오시설수":0,
            "초등학교학업성취도":90.0,
            "중학교학업성취도":74.9,
            "용적률":186,
            "건폐율":21,
            "Y":34.752614,
            "X":127.696339,
            "rank":3.0,
            "area_info":"33평(109.66), 34평(113.39), 34평(114.17)",
            "last_sales":"2020-10-25,32510.0,34평(114.17)",
            "rank_history":[
                [
                    "202202",
                    3
                ],
                [
                    "202201",
                    3
                ]
            ],
            "rank_gap":0
        },
        {
            "index":296,
            "아파트명":"여수웅천부영2차",
            "투자타입":"일반",
            "전용면적(m2)":"80.52",
            "전용면적(평)":"24평",
            "법정동주소":"전라남도 여수시 웅천동 1846",
            "도로명주소":"전라남도 여수시 웅천로 261",
            "세대수":90,
            "입주년차":80,
            "용적률점수":"--",
            "건폐율점수":"--",
            "세대당주차수":30,
            "난방방식":30,
            "공급면적":"--",
            "전용률":"--",
            "욕실수":100,
            "현관타입":100,
            "주거총점":75.0,
            "지역구공급총점":0.0,
            "역세권":"NA",
            "30분내 이동가능 거점":"NA",
            "1시간내 이동가능 거점":"NA",
            "교통총점":"NA",
            "백화점":0,
            "아울렛몰":80,
            "대형마트":0,
            "은행":0,
            "병원":0,
            "종합병원":80,
            "공원":100,
            "혐오시설":0,
            "인프라총점":27.0,
            "초등학군":90.0,
            "중학군":44.94,
            "학군총점":53.952,
            "인구수":29.26,
            "인구증감":-5.22,
            "인구총점":18.916,
            "일자리":19.79,
            "소득수준":68.34,
            "일자리총점":34.355,
            "가치 총점":50.538,
            "매매실거래년":20211216.0,
            "매매실거래가":33150.0,
            "전세실거래년":20220110.0,
            "전세실거래가":13966.0,
            "전세가율":null,
            "장기전세가율평균":71.3,
            "전세가율거품지수":null,
            "검색코드":145577,
            "세대수":1080.0,
            "준공년월":"2015-07-27",
            "준공년차":8.0,
            "가까운역이름":"NA",
            "가까운역거리":"NA",
            "역세권여부":"NA",
            "30분이내주요거점역":"NA",
            "30분거점역이름":"NA",
            "1시간이내주요거점역":"NA",
            "1시간거점역이름":"NA",
            "3km이내백화점수":0,
            "5km이내아울렛몰수":1,
            "1km이내대형먀트수":0,
            "500m이내은행수":0,
            "500m이내병원수":0,
            "5km이내대형병원수":1,
            "500m이내공원수":6,
            "3km이내혐오시설수":0,
            "초등학교학업성취도":90.0,
            "중학교학업성취도":74.9,
            "용적률":177,
            "건폐율":21,
            "Y":34.743593,
            "X":127.686465,
            "rank":4.0,
            "area_info":"24평(80.52), 32평(108.72)",
            "last_sales":"2021-12-16,33150.0,32평(108.72)",
            "rank_history":[
                [
                    "202202",
                    4
                ],
                [
                    "202201",
                    5
                ]
            ],
            "rank_gap":1
        },
        {
            "index":219,
            "아파트명":"신기주공3단지",
            "투자타입":"재건축",
            "전용면적(m2)":"49.48",
            "전용면적(평)":"14평",
            "법정동주소":"전라남도 여수시 신기동 6",
            "도로명주소":"전라남도 여수시 신기북7길 60",
            "세대수":50,
            "입주년차":"--",
            "용적률점수":100,
            "건폐율점수":100,
            "세대당주차수":"--",
            "난방방식":"--",
            "공급면적":50,
            "전용률":60,
            "욕실수":"--",
            "현관타입":"--",
            "주거총점":80.5,
            "지역구공급총점":0.0,
            "역세권":"NA",
            "30분내 이동가능 거점":"NA",
            "1시간내 이동가능 거점":"NA",
            "교통총점":"NA",
            "백화점":0,
            "아울렛몰":0,
            "대형마트":0,
            "은행":0,
            "병원":10,
            "종합병원":80,
            "공원":100,
            "혐오시설":0,
            "인프라총점":20.0,
            "초등학군":89.97,
            "중학군":44.94,
            "학군총점":53.946,
            "인구수":29.26,
            "인구증감":-5.22,
            "인구총점":18.916,
            "일자리":19.79,
            "소득수준":68.34,
            "일자리총점":34.355,
            "가치 총점":49.6615,
            "매매실거래년":20211207.0,
            "매매실거래가":12650.0,
            "전세실거래년":20211203.0,
            "전세실거래가":3500.0,
            "전세가율":27.67,
            "장기전세가율평균":71.3,
            "전세가율거품지수":43.63,
            "검색코드":4861,
            "세대수":450.0,
            "준공년월":"1989-05-22",
            "준공년차":34.0,
            "가까운역이름":"NA",
            "가까운역거리":"NA",
            "역세권여부":"NA",
            "30분이내주요거점역":"NA",
            "30분거점역이름":"NA",
            "1시간이내주요거점역":"NA",
            "1시간거점역이름":"NA",
            "3km이내백화점수":0,
            "5km이내아울렛몰수":0,
            "1km이내대형먀트수":0,
            "500m이내은행수":0,
            "500m이내병원수":2,
            "5km이내대형병원수":1,
            "500m이내공원수":4,
            "3km이내혐오시설수":0,
            "초등학교학업성취도":89.97,
            "중학교학업성취도":74.9,
            "용적률":83,
            "건폐율":15,
            "Y":34.763067,
            "X":127.680911,
            "rank":5.0,
            "area_info":"14평(49.48), 15평(49.91), 17평(57.93), 17평(57.57)",
            "last_sales":"2021-12-07,12650.0,14평(49.48)",
            "rank_history":[
                [
                    "202202",
                    5
                ],
                [
                    "202201",
                    7
                ]
            ],
            "rank_gap":2
        },
        {
            "index":214,
            "아파트명":"신기주공2단지",
            "투자타입":"재건축",
            "전용면적(m2)":"32.4",
            "전용면적(평)":"9평",
            "법정동주소":"전라남도 여수시 신기동 3-5",
            "도로명주소":"전라남도 여수시 쌍봉로 219",
            "세대수":50,
            "입주년차":"--",
            "용적률점수":100,
            "건폐율점수":100,
            "세대당주차수":"--",
            "난방방식":"--",
            "공급면적":50,
            "전용률":60,
            "욕실수":"--",
            "현관타입":"--",
            "주거총점":80.5,
            "지역구공급총점":0.0,
            "역세권":"NA",
            "30분내 이동가능 거점":"NA",
            "1시간내 이동가능 거점":"NA",
            "교통총점":"NA",
            "백화점":0,
            "아울렛몰":0,
            "대형마트":0,
            "은행":0,
            "병원":10,
            "종합병원":80,
            "공원":100,
            "혐오시설":0,
            "인프라총점":20.0,
            "초등학군":89.97,
            "중학군":44.94,
            "학군총점":53.946,
            "인구수":29.26,
            "인구증감":-5.22,
            "인구총점":18.916,
            "일자리":19.79,
            "소득수준":68.34,
            "일자리총점":34.355,
            "가치 총점":49.6615,
            "매매실거래년":20201228.0,
            "매매실거래가":8707.0,
            "전세실거래년":20180616.0,
            "전세실거래가":3000.0,
            "전세가율":61.21,
            "장기전세가율평균":71.3,
            "전세가율거품지수":10.09,
            "검색코드":4860,
            "세대수":500.0,
            "준공년월":"1986-03-07",
            "준공년차":37.0,
            "가까운역이름":"NA",
            "가까운역거리":"NA",
            "역세권여부":"NA",
            "30분이내주요거점역":"NA",
            "30분거점역이름":"NA",
            "1시간이내주요거점역":"NA",
            "1시간거점역이름":"NA",
            "3km이내백화점수":0,
            "5km이내아울렛몰수":0,
            "1km이내대형먀트수":0,
            "500m이내은행수":0,
            "500m이내병원수":2,
            "5km이내대형병원수":1,
            "500m이내공원수":6,
            "3km이내혐오시설수":0,
            "초등학교학업성취도":89.97,
            "중학교학업성취도":74.9,
            "용적률":45,
            "건폐율":17,
            "Y":34.764589,
            "X":127.680206,
            "rank":5.0,
            "area_info":"9평(32.4), 12평(41.46), 15평(51.07), 17평(57.93), 17평(57.57)",
            "last_sales":"2020-12-28,8707.0,17평(57.57)",
            "rank_history":[
                [
                    "202202",
                    5
                ],
                [
                    "202201",
                    7
                ]
            ],
            "rank_gap":2
        },
        {
            "index":371,
            "아파트명":"신동아파밀리에",
            "투자타입":"일반",
            "전용면적(m2)":"80.36",
            "전용면적(평)":"24평",
            "법정동주소":"전라남도 여수시 학동 54",
            "도로명주소":"전라남도 여수시 무선로 50",
            "세대수":100,
            "입주년차":40,
            "용적률점수":"--",
            "건폐율점수":"--",
            "세대당주차수":30,
            "난방방식":30,
            "공급면적":"--",
            "전용률":"--",
            "욕실수":100,
            "현관타입":100,
            "주거총점":70.5,
            "지역구공급총점":0.0,
            "역세권":"NA",
            "30분내 이동가능 거점":"NA",
            "1시간내 이동가능 거점":"NA",
            "교통총점":"NA",
            "백화점":0,
            "아울렛몰":0,
            "대형마트":100,
            "은행":20,
            "병원":80,
            "종합병원":0,
            "공원":100,
            "혐오시설":0,
            "인프라총점":28.0,
            "초등학군":90.0,
            "중학군":45.52,
            "학군총점":54.416,
            "인구수":29.26,
            "인구증감":-5.22,
            "인구총점":18.916,
            "일자리":19.79,
            "소득수준":68.34,
            "일자리총점":34.355,
            "가치 총점":49.479,
            "매매실거래년":20220127.0,
            "매매실거래가":31500.0,
            "전세실거래년":20211215.0,
            "전세실거래가":18000.0,
            "전세가율":65.45,
            "장기전세가율평균":71.3,
            "전세가율거품지수":5.85,
            "검색코드":101219,
            "세대수":1830.0,
            "준공년월":"2008-06-27",
            "준공년차":15.0,
            "가까운역이름":"NA",
            "가까운역거리":"NA",
            "역세권여부":"NA",
            "30분이내주요거점역":"NA",
            "30분거점역이름":"NA",
            "1시간이내주요거점역":"NA",
            "1시간거점역이름":"NA",
            "3km이내백화점수":0,
            "5km이내아울렛몰수":0,
            "1km이내대형먀트수":2,
            "500m이내은행수":2,
            "500m이내병원수":39,
            "5km이내대형병원수":0,
            "500m이내공원수":4,
            "3km이내혐오시설수":0,
            "초등학교학업성취도":90.0,
            "중학교학업성취도":75.2,
            "용적률":306,
            "건폐율":21,
            "Y":34.765375,
            "X":127.657699,
            "rank":6.0,
            "area_info":"24평(80.36), 33평(110.96), 47평(156.24), 51평(171.05)",
            "last_sales":"2022-01-27,31500.0,33평(110.96)",
            "rank_history":[
                [
                    "202202",
                    6
                ],
                [
                    "202201",
                    4
                ]
            ],
            "rank_gap":-2
        },
        {
            "index":46,
            "아파트명":"엑스포힐스테이트1단지",
            "투자타입":"일반",
            "전용면적(m2)":"106.17",
            "전용면적(평)":"32평",
            "법정동주소":"전라남도 여수시 덕충동 2038",
            "도로명주소":"전라남도 여수시 박람회길 61",
            "세대수":90,
            "입주년차":60,
            "용적률점수":"--",
            "건폐율점수":"--",
            "세대당주차수":60,
            "난방방식":30,
            "공급면적":"--",
            "전용률":"--",
            "욕실수":100,
            "현관타입":100,
            "주거총점":75.5,
            "지역구공급총점":0.0,
            "역세권":"NA",
            "30분내 이동가능 거점":"NA",
            "1시간내 이동가능 거점":"NA",
            "교통총점":"NA",
            "백화점":0,
            "아울렛몰":80,
            "대형마트":0,
            "은행":0,
            "병원":0,
            "종합병원":80,
            "공원":100,
            "혐오시설":0,
            "인프라총점":27.0,
            "초등학군":90.01,
            "중학군":37.56,
            "학군총점":48.05,
            "인구수":29.26,
            "인구증감":-5.22,
            "인구총점":18.916,
            "일자리":19.79,
            "소득수준":68.34,
            "일자리총점":34.355,
            "가치 총점":49.2375,
            "매매실거래년":20211105.0,
            "매매실거래가":50000.0,
            "전세실거래년":20201022.0,
            "전세실거래가":25000.0,
            "전세가율":67.57,
            "장기전세가율평균":71.3,
            "전세가율거품지수":3.73,
            "검색코드":103495,
            "세대수":1080.0,
            "준공년월":"2012-11-21",
            "준공년차":11.0,
            "가까운역이름":"NA",
            "가까운역거리":"NA",
            "역세권여부":"NA",
            "30분이내주요거점역":"NA",
            "30분거점역이름":"NA",
            "1시간이내주요거점역":"NA",
            "1시간거점역이름":"NA",
            "3km이내백화점수":0,
            "5km이내아울렛몰수":1,
            "1km이내대형먀트수":0,
            "500m이내은행수":0,
            "500m이내병원수":1,
            "5km이내대형병원수":1,
            "500m이내공원수":9,
            "3km이내혐오시설수":0,
            "초등학교학업성취도":90.01,
            "중학교학업성취도":62.6,
            "용적률":130,
            "건폐율":16,
            "Y":34.75252,
            "X":127.741833,
            "rank":7.0,
            "area_info":"32평(106.17), 32평(106.78), 32평(106.97), 32평(107.04), 38평(127.81), 38평(127.86), 38평(128.0), 38평(128.28), 38평(128.34), 38평(128.08), 45평(149.79), 45평(149.65), 57평(189.84), 57평(189.04)",
            "last_sales":"2021-11-05,50000.0,45평(149.65)",
            "rank_history":[
                [
                    "202202",
                    7
                ],
                [
                    "202201",
                    9
                ]
            ],
            "rank_gap":2
        },
        {
            "index":356,
            "아파트명":"e편한세상여수더퍼스트",
            "투자타입":"일반",
            "전용면적(m2)":"81.72",
            "전용면적(평)":"24평",
            "법정동주소":"전라남도 여수시 학동 1",
            "도로명주소":"전라남도 여수시 학동북4길 7",
            "세대수":80,
            "입주년차":100,
            "용적률점수":"--",
            "건폐율점수":"--",
            "세대당주차수":30,
            "난방방식":30,
            "공급면적":"--",
            "전용률":"--",
            "욕실수":100,
            "현관타입":100,
            "주거총점":75.5,
            "지역구공급총점":0.0,
            "역세권":"NA",
            "30분내 이동가능 거점":"NA",
            "1시간내 이동가능 거점":"NA",
            "교통총점":"NA",
            "백화점":0,
            "아울렛몰":0,
            "대형마트":80,
            "은행":0,
            "병원":60,
            "종합병원":0,
            "공원":100,
            "혐오시설":0,
            "인프라총점":21.0,
            "초등학군":90.0,
            "중학군":45.52,
            "학군총점":54.416,
            "인구수":29.26,
            "인구증감":-5.22,
            "인구총점":18.916,
            "일자리":19.79,
            "소득수준":68.34,
            "일자리총점":34.355,
            "가치 총점":48.429,
            "매매실거래년":"18000101",
            "매매실거래가":null,
            "전세실거래년":20220115.0,
            "전세실거래가":21000.0,
            "전세가율":null,
            "장기전세가율평균":71.3,
            "전세가율거품지수":null,
            "검색코드":144591,
            "세대수":821.0,
            "준공년월":"2021-12-01",
            "준공년차":2.0,
            "가까운역이름":"NA",
            "가까운역거리":"NA",
            "역세권여부":"NA",
            "30분이내주요거점역":"NA",
            "30분거점역이름":"NA",
            "1시간이내주요거점역":"NA",
            "1시간거점역이름":"NA",
            "3km이내백화점수":0,
            "5km이내아울렛몰수":0,
            "1km이내대형먀트수":1,
            "500m이내은행수":0,
            "500m이내병원수":21,
            "5km이내대형병원수":0,
            "500m이내공원수":6,
            "3km이내혐오시설수":0,
            "초등학교학업성취도":90.0,
            "중학교학업성취도":75.2,
            "용적률":244,
            "건폐율":18,
            "Y":34.767787,
            "X":127.657131,
            "rank":8.0,
            "area_info":"24평(81.72), 29평(97.91), 29평(98.82), 33평(109.28), 33평(110.0)",
            "last_sales":"1800-01-01,nan,24평(81.72)",
            "rank_history":[
                [
                    "202202",
                    8
                ],
                [
                    "202201",
                    2
                ]
            ],
            "rank_gap":-6
        },
        {
            "index":75,
            "아파트명":"여수돌산청솔1차",
            "투자타입":"일반",
            "전용면적(m2)":"81.94",
            "전용면적(평)":"24평",
            "법정동주소":"전라남도 여수시 돌산읍 우두리 1046-1",
            "도로명주소":"전라남도 여수시 강남8길 20",
            "세대수":80,
            "입주년차":20,
            "용적률점수":"--",
            "건폐율점수":"--",
            "세대당주차수":30,
            "난방방식":30,
            "공급면적":"--",
            "전용률":"--",
            "욕실수":50,
            "현관타입":100,
            "주거총점":54.5,
            "지역구공급총점":0.0,
            "역세권":"NA",
            "30분내 이동가능 거점":"NA",
            "1시간내 이동가능 거점":"NA",
            "교통총점":"NA",
            "백화점":0,
            "아울렛몰":80,
            "대형마트":80,
            "은행":0,
            "병원":0,
            "종합병원":80,
            "공원":100,
            "혐오시설":0,
            "인프라총점":39.0,
            "초등학군":90.0,
            "중학군":44.28,
            "학군총점":53.424,
            "인구수":29.26,
            "인구증감":-5.22,
            "인구총점":18.916,
            "일자리":19.79,
            "소득수준":68.34,
            "일자리총점":34.355,
            "가치 총점":48.031,
            "매매실거래년":20220107.0,
            "매매실거래가":13800.0,
            "전세실거래년":20211217.0,
            "전세실거래가":8500.0,
            "전세가율":61.59,
            "장기전세가율평균":71.3,
            "전세가율거품지수":9.71,
            "검색코드":103146,
            "세대수":750.0,
            "준공년월":"2000-09-09",
            "준공년차":23.0,
            "가까운역이름":"NA",
            "가까운역거리":"NA",
            "역세권여부":"NA",
            "30분이내주요거점역":"NA",
            "30분거점역이름":"NA",
            "1시간이내주요거점역":"NA",
            "1시간거점역이름":"NA",
            "3km이내백화점수":0,
            "5km이내아울렛몰수":1,
            "1km이내대형먀트수":1,
            "500m이내은행수":0,
            "500m이내병원수":0,
            "5km이내대형병원수":1,
            "500m이내공원수":2,
            "3km이내혐오시설수":0,
            "초등학교학업성취도":90.0,
            "중학교학업성취도":73.8,
            "용적률":109,
            "건폐율":10,
            "Y":34.720213,
            "X":127.747513,
            "rank":9.0,
            "area_info":"24평(81.94)",
            "last_sales":"2022-01-07,13800.0,24평(81.94)",
            "rank_history":[
                [
                    "202202",
                    9
                ],
                [
                    "202201",
                    29
                ]
            ],
            "rank_gap":20
        },
        {
            "index":106,
            "아파트명":"피오레",
            "투자타입":"일반",
            "전용면적(m2)":"130.62",
            "전용면적(평)":"39평",
            "법정동주소":"전라남도 여수시 문수동 928",
            "도로명주소":"전라남도 여수시 문수1길 26",
            "세대수":0,
            "입주년차":60,
            "용적률점수":"--",
            "건폐율점수":"--",
            "세대당주차수":60,
            "난방방식":30,
            "공급면적":"--",
            "전용률":"--",
            "욕실수":100,
            "현관타입":100,
            "주거총점":44.0,
            "지역구공급총점":0.0,
            "역세권":"NA",
            "30분내 이동가능 거점":"NA",
            "1시간내 이동가능 거점":"NA",
            "교통총점":"NA",
            "백화점":0,
            "아울렛몰":80,
            "대형마트":80,
            "은행":0,
            "병원":60,
            "종합병원":80,
            "공원":100,
            "혐오시설":0,
            "인프라총점":45.0,
            "초등학군":89.99,
            "중학군":44.94,
            "학군총점":53.95,
            "인구수":29.26,
            "인구증감":-5.22,
            "인구총점":18.916,
            "일자리":19.79,
            "소득수준":68.34,
            "일자리총점":34.355,
            "가치 총점":46.8875,
            "매매실거래년":20211113.0,
            "매매실거래가":40700.0,
            "전세실거래년":20210629.0,
            "전세실거래가":28000.0,
            "전세가율":76.71,
            "장기전세가율평균":71.3,
            "전세가율거품지수":-5.41,
            "검색코드":109084,
            "세대수":299.0,
            "준공년월":"2009-08-31",
            "준공년차":14.0,
            "가까운역이름":"NA",
            "가까운역거리":"NA",
            "역세권여부":"NA",
            "30분이내주요거점역":"NA",
            "30분거점역이름":"NA",
            "1시간이내주요거점역":"NA",
            "1시간거점역이름":"NA",
            "3km이내백화점수":0,
            "5km이내아울렛몰수":1,
            "1km이내대형먀트수":1,
            "500m이내은행수":1,
            "500m이내병원수":18,
            "5km이내대형병원수":1,
            "500m이내공원수":4,
            "3km이내혐오시설수":0,
            "초등학교학업성취도":89.99,
            "중학교학업성취도":74.9,
            "용적률":168,
            "건폐율":21,
            "Y":34.757194,
            "X":127.704123,
            "rank":10.0,
            "area_info":"39평(130.62), 43평(143.75), 48평(159.37), 56평(186.36)",
            "last_sales":"2021-11-13,40700.0,43평(143.75)",
            "rank_history":[
                [
                    "202202",
                    10
                ],
                [
                    "202201",
                    10
                ]
            ],
            "rank_gap":0
        },
        {
            "index":180,
            "아파트명":"힐스테이트죽림젠트리스",
            "투자타입":"일반",
            "전용면적(m2)":"79.69",
            "전용면적(평)":"24평",
            "법정동주소":"전라남도 여수시 소라면 죽림리 579",
            "도로명주소":"전라남도 여수시 덕양로 21-18",
            "세대수":90,
            "입주년차":100,
            "용적률점수":"--",
            "건폐율점수":"--",
            "세대당주차수":30,
            "난방방식":30,
            "공급면적":"--",
            "전용률":"--",
            "욕실수":100,
            "현관타입":100,
            "주거총점":79.0,
            "지역구공급총점":0.0,
            "역세권":"NA",
            "30분내 이동가능 거점":"NA",
            "1시간내 이동가능 거점":"NA",
            "교통총점":"NA",
            "백화점":0,
            "아울렛몰":0,
            "대형마트":80,
            "은행":0,
            "병원":10,
            "종합병원":0,
            "공원":100,
            "혐오시설":0,
            "인프라총점":16.0,
            "초등학군":90.0,
            "중학군":41.22,
            "학군총점":50.976,
            "인구수":29.26,
            "인구증감":-5.22,
            "인구총점":18.916,
            "일자리":19.79,
            "소득수준":68.34,
            "일자리총점":34.355,
            "가치 총점":46.794,
            "매매실거래년":20210311.0,
            "매매실거래가":23000.0,
            "전세실거래년":null,
            "전세실거래가":null,
            "전세가율":null,
            "장기전세가율평균":71.3,
            "전세가율거품지수":null,
            "검색코드":128286,
            "세대수":989.0,
            "준공년월":"2021-11-01",
            "준공년차":2.0,
            "가까운역이름":"NA",
            "가까운역거리":"NA",
            "역세권여부":"NA",
            "30분이내주요거점역":"NA",
            "30분거점역이름":"NA",
            "1시간이내주요거점역":"NA",
            "1시간거점역이름":"NA",
            "3km이내백화점수":0,
            "5km이내아울렛몰수":0,
            "1km이내대형먀트수":1,
            "500m이내은행수":0,
            "500m이내병원수":2,
            "5km이내대형병원수":0,
            "500m이내공원수":18,
            "3km이내혐오시설수":0,
            "초등학교학업성취도":90.0,
            "중학교학업성취도":68.7,
            "용적률":197,
            "건폐율":21,
            "Y":34.764903,
            "X":127.633284,
            "rank":11.0,
            "area_info":"24평(79.69), 30평(100.74), 33평(109.81)",
            "last_sales":"2021-03-11,23000.0,24평(79.69)",
            "rank_history":[
                [
                    "202202",
                    11
                ],
                [
                    "202201",
                    12
                ]
            ],
            "rank_gap":1
        },
        {
            "index":338,
            "아파트명":"포레나여수웅천더테라스2단지",
            "투자타입":"일반",
            "전용면적(m2)":"106.71",
            "전용면적(평)":"32평",
            "법정동주소":"전라남도 여수시 웅천동 1866-1",
            "도로명주소":"전라남도 여수시 웅천남1로 99",
            "세대수":30,
            "입주년차":100,
            "용적률점수":"--",
            "건폐율점수":"--",
            "세대당주차수":60,
            "난방방식":30,
            "공급면적":"--",
            "전용률":"--",
            "욕실수":100,
            "현관타입":100,
            "주거총점":62.5,
            "지역구공급총점":0.0,
            "역세권":"NA",
            "30분내 이동가능 거점":"NA",
            "1시간내 이동가능 거점":"NA",
            "교통총점":"NA",
            "백화점":0,
            "아울렛몰":80,
            "대형마트":0,
            "은행":0,
            "병원":10,
            "종합병원":80,
            "공원":100,
            "혐오시설":0,
            "인프라총점":28.0,
            "초등학군":90.0,
            "중학군":44.94,
            "학군총점":53.952,
            "인구수":29.26,
            "인구증감":-5.22,
            "인구총점":18.916,
            "일자리":19.79,
            "소득수준":68.34,
            "일자리총점":34.355,
            "가치 총점":46.563,
            "매매실거래년":20190603.0,
            "매매실거래가":32830.0,
            "전세실거래년":null,
            "전세실거래가":null,
            "전세가율":null,
            "장기전세가율평균":71.3,
            "전세가율거품지수":null,
            "검색코드":125730,
            "세대수":308.0,
            "준공년월":"2020-02-27",
            "준공년차":3.0,
            "가까운역이름":"NA",
            "가까운역거리":"NA",
            "역세권여부":"NA",
            "30분이내주요거점역":"NA",
            "30분거점역이름":"NA",
            "1시간이내주요거점역":"NA",
            "1시간거점역이름":"NA",
            "3km이내백화점수":0,
            "5km이내아울렛몰수":1,
            "1km이내대형먀트수":0,
            "500m이내은행수":0,
            "500m이내병원수":2,
            "5km이내대형병원수":1,
            "500m이내공원수":4,
            "3km이내혐오시설수":0,
            "초등학교학업성취도":90.0,
            "중학교학업성취도":74.9,
            "용적률":80,
            "건폐율":33,
            "Y":34.741987,
            "X":127.6815,
            "rank":12.0,
            "area_info":"32평(106.71), 32평(106.73), 32평(108.35), 32평(108.27), 41평(138.82), 41평(138.29), 43평(143.98), 43평(143.59), 48평(161.9), 51평(169.21), 51평(169.8)",
            "last_sales":"2019-06-03,32830.0,32평(108.27)",
            "rank_history":[
                [
                    "202202",
                    12
                ],
                [
                    "202201",
                    11
                ]
            ],
            "rank_gap":-1
        },
        {
            "index":294,
            "아파트명":"여수웅천부영1차",
            "투자타입":"일반",
            "전용면적(m2)":"80.67",
            "전용면적(평)":"24평",
            "법정동주소":"전라남도 여수시 웅천동 1851",
            "도로명주소":"전라남도 여수시 웅천로 189",
            "세대수":50,
            "입주년차":80,
            "용적률점수":"--",
            "건폐율점수":"--",
            "세대당주차수":30,
            "난방방식":30,
            "공급면적":"--",
            "전용률":"--",
            "욕실수":100,
            "현관타입":100,
            "주거총점":61.0,
            "지역구공급총점":0.0,
            "역세권":"NA",
            "30분내 이동가능 거점":"NA",
            "1시간내 이동가능 거점":"NA",
            "교통총점":"NA",
            "백화점":0,
            "아울렛몰":80,
            "대형마트":0,
            "은행":0,
            "병원":0,
            "종합병원":80,
            "공원":100,
            "혐오시설":0,
            "인프라총점":27.0,
            "초등학군":90.0,
            "중학군":44.94,
            "학군총점":53.952,
            "인구수":29.26,
            "인구증감":-5.22,
            "인구총점":18.916,
            "일자리":19.79,
            "소득수준":68.34,
            "일자리총점":34.355,
            "가치 총점":45.638,
            "매매실거래년":20211204.0,
            "매매실거래가":25500.0,
            "전세실거래년":20211129.0,
            "전세실거래가":13898.0,
            "전세가율":54.5,
            "장기전세가율평균":71.3,
            "전세가율거품지수":16.8,
            "검색코드":137545,
            "세대수":424.0,
            "준공년월":"2015-05-11",
            "준공년차":8.0,
            "가까운역이름":"NA",
            "가까운역거리":"NA",
            "역세권여부":"NA",
            "30분이내주요거점역":"NA",
            "30분거점역이름":"NA",
            "1시간이내주요거점역":"NA",
            "1시간거점역이름":"NA",
            "3km이내백화점수":0,
            "5km이내아울렛몰수":1,
            "1km이내대형먀트수":0,
            "500m이내은행수":0,
            "500m이내병원수":0,
            "5km이내대형병원수":1,
            "500m이내공원수":2,
            "3km이내혐오시설수":0,
            "초등학교학업성취도":90.0,
            "중학교학업성취도":74.9,
            "용적률":149,
            "건폐율":19,
            "Y":34.74059,
            "X":127.684092,
            "rank":13.0,
            "area_info":"24평(80.67), 32평(108.58)",
            "last_sales":"2021-12-04,25500.0,24평(80.67)",
            "rank_history":[
                [
                    "202202",
                    13
                ],
                [
                    "202201",
                    13
                ]
            ],
            "rank_gap":0
        },
        {
            "index":164,
            "아파트명":"여수죽림사랑으로부영1차",
            "투자타입":"일반",
            "전용면적(m2)":"80.63",
            "전용면적(평)":"24평",
            "법정동주소":"전라남도 여수시 소라면 죽림리 1130",
            "도로명주소":"전라남도 여수시 죽림로 10",
            "세대수":90,
            "입주년차":80,
            "용적률점수":"--",
            "건폐율점수":"--",
            "세대당주차수":30,
            "난방방식":30,
            "공급면적":"--",
            "전용률":"--",
            "욕실수":100,
            "현관타입":100,
            "주거총점":75.0,
            "지역구공급총점":0.0,
            "역세권":"NA",
            "30분내 이동가능 거점":"NA",
            "1시간내 이동가능 거점":"NA",
            "교통총점":"NA",
            "백화점":0,
            "아울렛몰":0,
            "대형마트":80,
            "은행":0,
            "병원":10,
            "종합병원":0,
            "공원":100,
            "혐오시설":0,
            "인프라총점":16.0,
            "초등학군":90.0,
            "중학군":41.22,
            "학군총점":50.976,
            "인구수":29.26,
            "인구증감":-5.22,
            "인구총점":18.916,
            "일자리":19.79,
            "소득수준":68.34,
            "일자리총점":34.355,
            "가치 총점":45.394,
            "매매실거래년":20220106.0,
            "매매실거래가":31000.0,
            "전세실거래년":20210925.0,
            "전세실거래가":18000.0,
            "전세가율":72.58,
            "장기전세가율평균":71.3,
            "전세가율거품지수":-1.28,
            "검색코드":128246,
            "세대수":1340.0,
            "준공년월":"2014-02-21",
            "준공년차":9.0,
            "가까운역이름":"NA",
            "가까운역거리":"NA",
            "역세권여부":"NA",
            "30분이내주요거점역":"NA",
            "30분거점역이름":"NA",
            "1시간이내주요거점역":"NA",
            "1시간거점역이름":"NA",
            "3km이내백화점수":0,
            "5km이내아울렛몰수":0,
            "1km이내대형먀트수":1,
            "500m이내은행수":1,
            "500m이내병원수":4,
            "5km이내대형병원수":0,
            "500m이내공원수":4,
            "3km이내혐오시설수":0,
            "초등학교학업성취도":90.0,
            "중학교학업성취도":68.7,
            "용적률":199,
            "건폐율":19,
            "Y":34.762219,
            "X":127.641436,
            "rank":14.0,
            "area_info":"24평(80.63), 32평(108.41), 33평(109.77), 33평(109.74)",
            "last_sales":"2022-01-06,31000.0,33평(109.74)",
            "rank_history":[
                [
                    "202202",
                    14
                ],
                [
                    "202201",
                    15
                ]
            ],
            "rank_gap":1
        },
        {
            "index":303,
            "아파트명":"여수웅천포레나1단지",
            "투자타입":"일반",
            "전용면적(m2)":"111.62",
            "전용면적(평)":"33평",
            "법정동주소":"전라남도 여수시 웅천동 1888-1",
            "도로명주소":"전라남도 여수시 웅천남8로 24",
            "세대수":30,
            "입주년차":100,
            "용적률점수":"--",
            "건폐율점수":"--",
            "세대당주차수":60,
            "난방방식":30,
            "공급면적":"--",
            "전용률":"--",
            "욕실수":100,
            "현관타입":100,
            "주거총점":62.5,
            "지역구공급총점":0.0,
            "역세권":"NA",
            "30분내 이동가능 거점":"NA",
            "1시간내 이동가능 거점":"NA",
            "교통총점":"NA",
            "백화점":0,
            "아울렛몰":80,
            "대형마트":0,
            "은행":0,
            "병원":10,
            "종합병원":80,
            "공원":0,
            "혐오시설":0,
            "인프라총점":25.0,
            "초등학군":90.0,
            "중학군":44.94,
            "학군총점":53.952,
            "인구수":29.26,
            "인구증감":-5.22,
            "인구총점":18.916,
            "일자리":19.79,
            "소득수준":68.34,
            "일자리총점":34.355,
            "가치 총점":45.363,
            "매매실거래년":20211029.0,
            "매매실거래가":76000.0,
            "전세실거래년":20211027.0,
            "전세실거래가":34500.0,
            "전세가율":63.89,
            "장기전세가율평균":71.3,
            "전세가율거품지수":7.41,
            "검색코드":115985,
            "세대수":333.0,
            "준공년월":"2019-03-26",
            "준공년차":4.0,
            "가까운역이름":"NA",
            "가까운역거리":"NA",
            "역세권여부":"NA",
            "30분이내주요거점역":"NA",
            "30분거점역이름":"NA",
            "1시간이내주요거점역":"NA",
            "1시간거점역이름":"NA",
            "3km이내백화점수":0,
            "5km이내아울렛몰수":1,
            "1km이내대형먀트수":0,
            "500m이내은행수":0,
            "500m이내병원수":2,
            "5km이내대형병원수":1,
            "500m이내공원수":0,
            "3km이내혐오시설수":0,
            "초등학교학업성취도":90.0,
            "중학교학업성취도":74.9,
            "용적률":399,
            "건폐율":59,
            "Y":34.739202,
            "X":127.680186,
            "rank":15.0,
            "area_info":"33평(111.62), 34평(112.72), 39평(131.19), 43평(145.12), 52평(173.34), 53평(178.08)",
            "last_sales":"2021-10-29,76000.0,39평(131.19)",
            "rank_history":[
                [
                    "202202",
                    15
                ],
                [
                    "202201",
                    14
                ]
            ],
            "rank_gap":-1
        },
        {
            "index":241,
            "아파트명":"부영5차",
            "투자타입":"일반",
            "전용면적(m2)":"78.68",
            "전용면적(평)":"23평",
            "법정동주소":"전라남도 여수시 안산동 440",
            "도로명주소":"전라남도 여수시 도원로 204",
            "세대수":80,
            "입주년차":40,
            "용적률점수":"--",
            "건폐율점수":"--",
            "세대당주차수":30,
            "난방방식":30,
            "공급면적":"--",
            "전용률":"--",
            "욕실수":100,
            "현관타입":100,
            "주거총점":63.5,
            "지역구공급총점":0.0,
            "역세권":"NA",
            "30분내 이동가능 거점":"NA",
            "1시간내 이동가능 거점":"NA",
            "교통총점":"NA",
            "백화점":0,
            "아울렛몰":0,
            "대형마트":80,
            "은행":0,
            "병원":60,
            "종합병원":0,
            "공원":100,
            "혐오시설":0,
            "인프라총점":21.0,
            "초등학군":90.0,
            "중학군":51.06,
            "학군총점":58.848,
            "인구수":29.26,
            "인구증감":-5.22,
            "인구총점":18.916,
            "일자리":19.79,
            "소득수준":68.34,
            "일자리총점":34.355,
            "가치 총점":45.337,
            "매매실거래년":20220112.0,
            "매매실거래가":24000.0,
            "전세실거래년":20211216.0,
            "전세실거래가":15000.0,
            "전세가율":78.95,
            "장기전세가율평균":71.3,
            "전세가율거품지수":-7.65,
            "검색코드":109086,
            "세대수":784.0,
            "준공년월":"2004-12-13",
            "준공년차":19.0,
            "가까운역이름":"NA",
            "가까운역거리":"NA",
            "역세권여부":"NA",
            "30분이내주요거점역":"NA",
            "30분거점역이름":"NA",
            "1시간이내주요거점역":"NA",
            "1시간거점역이름":"NA",
            "3km이내백화점수":0,
            "5km이내아울렛몰수":0,
            "1km이내대형먀트수":1,
            "500m이내은행수":0,
            "500m이내병원수":15,
            "5km이내대형병원수":0,
            "500m이내공원수":6,
            "3km이내혐오시설수":0,
            "초등학교학업성취도":90.0,
            "중학교학업성취도":84.9,
            "용적률":247,
            "건폐율":17,
            "Y":34.760369,
            "X":127.653732,
            "rank":16.0,
            "area_info":"23평(78.68), 32평(105.94)",
            "last_sales":"2022-01-12,24000.0,32평(105.94)",
            "rank_history":[
                [
                    "202202",
                    16
                ],
                [
                    "202201",
                    16
                ]
            ],
            "rank_gap":0
        },
        {
            "index":97,
            "아파트명":"문수그린",
            "투자타입":"일반",
            "전용면적(m2)":"72.82",
            "전용면적(평)":"22평",
            "법정동주소":"전라남도 여수시 문수동 8-8",
            "도로명주소":"전라남도 여수시 문수북5길 16",
            "세대수":50,
            "입주년차":20,
            "용적률점수":"--",
            "건폐율점수":"--",
            "세대당주차수":0,
            "난방방식":30,
            "공급면적":"--",
            "전용률":"--",
            "욕실수":50,
            "현관타입":100,
            "주거총점":39.5,
            "지역구공급총점":0.0,
            "역세권":"NA",
            "30분내 이동가능 거점":"NA",
            "1시간내 이동가능 거점":"NA",
            "교통총점":"NA",
            "백화점":0,
            "아울렛몰":80,
            "대형마트":80,
            "은행":20,
            "병원":30,
            "종합병원":80,
            "공원":100,
            "혐오시설":0,
            "인프라총점":44.0,
            "초등학군":90.0,
            "중학군":44.94,
            "학군총점":53.952,
            "인구수":29.26,
            "인구증감":-5.22,
            "인구총점":18.916,
            "일자리":19.79,
            "소득수준":68.34,
            "일자리총점":34.355,
            "가치 총점":44.913,
            "매매실거래년":20220119.0,
            "매매실거래가":11950.0,
            "전세실거래년":20211218.0,
            "전세실거래가":9000.0,
            "전세가율":75.31,
            "장기전세가율평균":71.3,
            "전세가율거품지수":-4.01,
            "검색코드":16900,
            "세대수":483.0,
            "준공년월":"2002-03-25",
            "준공년차":21.0,
            "가까운역이름":"NA",
            "가까운역거리":"NA",
            "역세권여부":"NA",
            "30분이내주요거점역":"NA",
            "30분거점역이름":"NA",
            "1시간이내주요거점역":"NA",
            "1시간거점역이름":"NA",
            "3km이내백화점수":0,
            "5km이내아울렛몰수":1,
            "1km이내대형먀트수":1,
            "500m이내은행수":2,
            "500m이내병원수":9,
            "5km이내대형병원수":1,
            "500m이내공원수":2,
            "3km이내혐오시설수":0,
            "초등학교학업성취도":90.0,
            "중학교학업성취도":74.9,
            "용적률":255,
            "건폐율":23,
            "Y":34.756875,
            "X":127.710252,
            "rank":17.0,
            "area_info":"22평(72.82), 32평(105.8)",
            "last_sales":"2022-01-19,11950.0,22평(72.82)",
            "rank_history":[
                [
                    "202202",
                    17
                ],
                [
                    "202201",
                    21
                ]
            ],
            "rank_gap":4
        },
        {
            "index":171,
            "아파트명":"죽림양우내안애",
            "투자타입":"일반",
            "전용면적(m2)":"84.47",
            "전용면적(평)":"25평",
            "법정동주소":"전라남도 여수시 소라면 죽림리 1247",
            "도로명주소":"전라남도 여수시 도원로 80",
            "세대수":80,
            "입주년차":80,
            "용적률점수":"--",
            "건폐율점수":"--",
            "세대당주차수":30,
            "난방방식":30,
            "공급면적":"--",
            "전용률":"--",
            "욕실수":100,
            "현관타입":100,
            "주거총점":71.5,
            "지역구공급총점":0.0,
            "역세권":"NA",
            "30분내 이동가능 거점":"NA",
            "1시간내 이동가능 거점":"NA",
            "교통총점":"NA",
            "백화점":0,
            "아울렛몰":0,
            "대형마트":80,
            "은행":0,
            "병원":10,
            "종합병원":0,
            "공원":100,
            "혐오시설":0,
            "인프라총점":16.0,
            "초등학군":90.0,
            "중학군":41.22,
            "학군총점":50.976,
            "인구수":29.26,
            "인구증감":-5.22,
            "인구총점":18.916,
            "일자리":19.79,
            "소득수준":68.34,
            "일자리총점":34.355,
            "가치 총점":44.169,
            "매매실거래년":20210927.0,
            "매매실거래가":43900.0,
            "전세실거래년":20210830.0,
            "전세실거래가":27000.0,
            "전세가율":84.38,
            "장기전세가율평균":71.3,
            "전세가율거품지수":-13.08,
            "검색코드":121141,
            "세대수":813.0,
            "준공년월":"2017-08-14",
            "준공년차":6.0,
            "가까운역이름":"NA",
            "가까운역거리":"NA",
            "역세권여부":"NA",
            "30분이내주요거점역":"NA",
            "30분거점역이름":"NA",
            "1시간이내주요거점역":"NA",
            "1시간거점역이름":"NA",
            "3km이내백화점수":0,
            "5km이내아울렛몰수":0,
            "1km이내대형먀트수":1,
            "500m이내은행수":0,
            "500m이내병원수":3,
            "5km이내대형병원수":0,
            "500m이내공원수":8,
            "3km이내혐오시설수":0,
            "초등학교학업성취도":90.0,
            "중학교학업성취도":68.7,
            "용적률":178,
            "건폐율":17,
            "Y":34.759851,
            "X":127.6414,
            "rank":18.0,
            "area_info":"25평(84.47), 25평(84.49), 28평(95.19), 30평(100.8), 30평(100.77), 34평(112.91), 34평(112.75)",
            "last_sales":"2021-09-27,43900.0,34평(112.75)",
            "rank_history":[
                [
                    "202202",
                    18
                ],
                [
                    "202201",
                    18
                ]
            ],
            "rank_gap":0
        },
        {
            "index":157,
            "아파트명":"선원금호타운",
            "투자타입":"재건축",
            "전용면적(m2)":"90.35",
            "전용면적(평)":"27평",
            "법정동주소":"전라남도 여수시 선원동 53",
            "도로명주소":"전라남도 여수시 시청로 82",
            "세대수":50,
            "입주년차":"--",
            "용적률점수":60,
            "건폐율점수":100,
            "세대당주차수":"--",
            "난방방식":"--",
            "공급면적":70,
            "전용률":80,
            "욕실수":"--",
            "현관타입":"--",
            "주거총점":66.5,
            "지역구공급총점":0.0,
            "역세권":"NA",
            "30분내 이동가능 거점":"NA",
            "1시간내 이동가능 거점":"NA",
            "교통총점":"NA",
            "백화점":0,
            "아울렛몰":0,
            "대형마트":80,
            "은행":0,
            "병원":60,
            "종합병원":0,
            "공원":0,
            "혐오시설":0,
            "인프라총점":18.0,
            "초등학군":90.01,
            "중학군":45.52,
            "학군총점":54.418,
            "인구수":29.26,
            "인구증감":-5.22,
            "인구총점":18.916,
            "일자리":19.79,
            "소득수준":68.34,
            "일자리총점":34.355,
            "가치 총점":44.0795,
            "매매실거래년":20220106.0,
            "매매실거래가":17950.0,
            "전세실거래년":20211201.0,
            "전세실거래가":13000.0,
            "전세가율":72.42,
            "장기전세가율평균":71.3,
            "전세가율거품지수":-1.12,
            "검색코드":4847,
            "세대수":570.0,
            "준공년월":"1990-03-24",
            "준공년차":33.0,
            "가까운역이름":"NA",
            "가까운역거리":"NA",
            "역세권여부":"NA",
            "30분이내주요거점역":"NA",
            "30분거점역이름":"NA",
            "1시간이내주요거점역":"NA",
            "1시간거점역이름":"NA",
            "3km이내백화점수":0,
            "5km이내아울렛몰수":0,
            "1km이내대형먀트수":1,
            "500m이내은행수":1,
            "500m이내병원수":26,
            "5km이내대형병원수":0,
            "500m이내공원수":0,
            "3km이내혐오시설수":0,
            "초등학교학업성취도":90.01,
            "중학교학업성취도":75.2,
            "용적률":192,
            "건폐율":17,
            "Y":34.768916,
            "X":127.663638,
            "rank":19.0,
            "area_info":"27평(90.35), 31평(103.57), 43평(143.74)",
            "last_sales":"2022-01-06,17950.0,27평(90.35)",
            "rank_history":[
                [
                    "202202",
                    19
                ],
                [
                    "202201",
                    8
                ]
            ],
            "rank_gap":-11
        },
        {
            "index":73,
            "아파트명":"돌산청솔2단지",
            "투자타입":"일반",
            "전용면적(m2)":"80.87",
            "전용면적(평)":"24평",
            "법정동주소":"전라남도 여수시 돌산읍 우두리 1132-1",
            "도로명주소":"전라남도 여수시 강남동로 46-25",
            "세대수":50,
            "입주년차":20,
            "용적률점수":"--",
            "건폐율점수":"--",
            "세대당주차수":0,
            "난방방식":30,
            "공급면적":"--",
            "전용률":"--",
            "욕실수":50,
            "현관타입":100,
            "주거총점":39.5,
            "지역구공급총점":0.0,
            "역세권":"NA",
            "30분내 이동가능 거점":"NA",
            "1시간내 이동가능 거점":"NA",
            "교통총점":"NA",
            "백화점":0,
            "아울렛몰":80,
            "대형마트":80,
            "은행":0,
            "병원":10,
            "종합병원":80,
            "공원":100,
            "혐오시설":0,
            "인프라총점":40.0,
            "초등학군":90.0,
            "중학군":44.28,
            "학군총점":53.424,
            "인구수":29.26,
            "인구증감":-5.22,
            "인구총점":18.916,
            "일자리":19.79,
            "소득수준":68.34,
            "일자리총점":34.355,
            "가치 총점":43.181,
            "매매실거래년":20220119.0,
            "매매실거래가":11400.0,
            "전세실거래년":20211220.0,
            "전세실거래가":8000.0,
            "전세가율":70.18,
            "장기전세가율평균":71.3,
            "전세가율거품지수":1.12,
            "검색코드":103147,
            "세대수":560.0,
            "준공년월":"2003-01-29",
            "준공년차":20.0,
            "가까운역이름":"NA",
            "가까운역거리":"NA",
            "역세권여부":"NA",
            "30분이내주요거점역":"NA",
            "30분거점역이름":"NA",
            "1시간이내주요거점역":"NA",
            "1시간거점역이름":"NA",
            "3km이내백화점수":0,
            "5km이내아울렛몰수":1,
            "1km이내대형먀트수":1,
            "500m이내은행수":0,
            "500m이내병원수":3,
            "5km이내대형병원수":1,
            "500m이내공원수":8,
            "3km이내혐오시설수":0,
            "초등학교학업성취도":90.0,
            "중학교학업성취도":73.8,
            "용적률":171,
            "건폐율":17,
            "Y":34.71762,
            "X":127.758176,
            "rank":20.0,
            "area_info":"24평(80.87)",
            "last_sales":"2022-01-19,11400.0,24평(80.87)",
            "rank_history":[
                [
                    "202202",
                    20
                ],
                [
                    "202201",
                    57
                ]
            ],
            "rank_gap":37
        },
        {
            "index":74,
            "아파트명":"돌산청솔3단지",
            "투자타입":"일반",
            "전용면적(m2)":"80.91",
            "전용면적(평)":"24평",
            "법정동주소":"전라남도 여수시 돌산읍 우두리 1134-2",
            "도로명주소":"전라남도 여수시 강남동로 46-7",
            "세대수":50,
            "입주년차":20,
            "용적률점수":"--",
            "건폐율점수":"--",
            "세대당주차수":0,
            "난방방식":30,
            "공급면적":"--",
            "전용률":"--",
            "욕실수":50,
            "현관타입":100,
            "주거총점":39.5,
            "지역구공급총점":0.0,
            "역세권":"NA",
            "30분내 이동가능 거점":"NA",
            "1시간내 이동가능 거점":"NA",
            "교통총점":"NA",
            "백화점":0,
            "아울렛몰":80,
            "대형마트":80,
            "은행":0,
            "병원":10,
            "종합병원":80,
            "공원":100,
            "혐오시설":0,
            "인프라총점":40.0,
            "초등학군":90.0,
            "중학군":44.28,
            "학군총점":53.424,
            "인구수":29.26,
            "인구증감":-5.22,
            "인구총점":18.916,
            "일자리":19.79,
            "소득수준":68.34,
            "일자리총점":34.355,
            "가치 총점":43.181,
            "매매실거래년":20211118.0,
            "매매실거래가":11200.0,
            "전세실거래년":20220120.0,
            "전세실거래가":6800.0,
            "전세가율":60.71,
            "장기전세가율평균":71.3,
            "전세가율거품지수":10.59,
            "검색코드":103145,
            "세대수":568.0,
            "준공년월":"2003-02-27",
            "준공년차":20.0,
            "가까운역이름":"NA",
            "가까운역거리":"NA",
            "역세권여부":"NA",
            "30분이내주요거점역":"NA",
            "30분거점역이름":"NA",
            "1시간이내주요거점역":"NA",
            "1시간거점역이름":"NA",
            "3km이내백화점수":0,
            "5km이내아울렛몰수":1,
            "1km이내대형먀트수":1,
            "500m이내은행수":0,
            "500m이내병원수":3,
            "5km이내대형병원수":1,
            "500m이내공원수":8,
            "3km이내혐오시설수":0,
            "초등학교학업성취도":90.0,
            "중학교학업성취도":73.8,
            "용적률":177,
            "건폐율":17,
            "Y":34.719421,
            "X":127.757243,
            "rank":20.0,
            "area_info":"24평(80.91)",
            "last_sales":"2021-11-18,11200.0,24평(80.91)",
            "rank_history":[
                [
                    "202202",
                    20
                ],
                [
                    "202201",
                    57
                ]
            ],
            "rank_gap":37
        },
        {
            "index":322,
            "아파트명":"포레나여수웅천더테라스1단지",
            "투자타입":"일반",
            "전용면적(m2)":"106.4",
            "전용면적(평)":"32평",
            "법정동주소":"전라남도 여수시 웅천동 1867-1",
            "도로명주소":"전라남도 여수시 웅천남1로 100",
            "세대수":0,
            "입주년차":100,
            "용적률점수":"--",
            "건폐율점수":"--",
            "세대당주차수":60,
            "난방방식":30,
            "공급면적":"--",
            "전용률":"--",
            "욕실수":100,
            "현관타입":100,
            "주거총점":52.0,
            "지역구공급총점":0.0,
            "역세권":"NA",
            "30분내 이동가능 거점":"NA",
            "1시간내 이동가능 거점":"NA",
            "교통총점":"NA",
            "백화점":0,
            "아울렛몰":80,
            "대형마트":0,
            "은행":0,
            "병원":10,
            "종합병원":80,
            "공원":100,
            "혐오시설":0,
            "인프라총점":28.0,
            "초등학군":90.0,
            "중학군":44.94,
            "학군총점":53.952,
            "인구수":29.26,
            "인구증감":-5.22,
            "인구총점":18.916,
            "일자리":19.79,
            "소득수준":68.34,
            "일자리총점":34.355,
            "가치 총점":42.888,
            "매매실거래년":20190508.0,
            "매매실거래가":42640.0,
            "전세실거래년":null,
            "전세실거래가":null,
            "전세가율":null,
            "장기전세가율평균":71.3,
            "전세가율거품지수":null,
            "검색코드":125731,
            "세대수":144.0,
            "준공년월":"2020-02-27",
            "준공년차":3.0,
            "가까운역이름":"NA",
            "가까운역거리":"NA",
            "역세권여부":"NA",
            "30분이내주요거점역":"NA",
            "30분거점역이름":"NA",
            "1시간이내주요거점역":"NA",
            "1시간거점역이름":"NA",
            "3km이내백화점수":0,
            "5km이내아울렛몰수":1,
            "1km이내대형먀트수":0,
            "500m이내은행수":0,
            "500m이내병원수":3,
            "5km이내대형병원수":1,
            "500m이내공원수":4,
            "3km이내혐오시설수":0,
            "초등학교학업성취도":90.0,
            "중학교학업성취도":74.9,
            "용적률":82,
            "건폐율":34,
            "Y":34.741255,
            "X":127.67991,
            "rank":21.0,
            "area_info":"32평(106.4), 32평(106.42), 32평(107.96), 32평(107.47), 32평(107.26), 32평(107.57), 32평(107.57), 32평(108.03), 41평(137.89), 41평(138.41), 43평(143.56), 43평(143.17), 48평(161.43), 48평(161.26), 51평(168.71), 51평(169.3)",
            "last_sales":"2019-05-08,42640.0,41평(137.89)",
            "rank_history":[
                [
                    "202202",
                    21
                ],
                [
                    "202201",
                    22
                ]
            ],
            "rank_gap":1
        },
        {
            "index":168,
            "아파트명":"여수죽림사랑으로부영2차",
            "투자타입":"일반",
            "전용면적(m2)":"80.31",
            "전용면적(평)":"24평",
            "법정동주소":"전라남도 여수시 소라면 죽림리 1111",
            "도로명주소":"전라남도 여수시 덕양로 114",
            "세대수":80,
            "입주년차":80,
            "용적률점수":"--",
            "건폐율점수":"--",
            "세대당주차수":0,
            "난방방식":30,
            "공급면적":"--",
            "전용률":"--",
            "욕실수":100,
            "현관타입":100,
            "주거총점":67.0,
            "지역구공급총점":0.0,
            "역세권":"NA",
            "30분내 이동가능 거점":"NA",
            "1시간내 이동가능 거점":"NA",
            "교통총점":"NA",
            "백화점":0,
            "아울렛몰":0,
            "대형마트":80,
            "은행":0,
            "병원":10,
            "종합병원":0,
            "공원":100,
            "혐오시설":0,
            "인프라총점":16.0,
            "초등학군":90.0,
            "중학군":41.22,
            "학군총점":50.976,
            "인구수":29.26,
            "인구증감":-5.22,
            "인구총점":18.916,
            "일자리":19.79,
            "소득수준":68.34,
            "일자리총점":34.355,
            "가치 총점":42.594,
            "매매실거래년":20220119.0,
            "매매실거래가":20500.0,
            "전세실거래년":20220125.0,
            "전세실거래가":17000.0,
            "전세가율":82.93,
            "장기전세가율평균":71.3,
            "전세가율거품지수":-11.63,
            "검색코드":128493,
            "세대수":866.0,
            "준공년월":"2014-04-29",
            "준공년차":9.0,
            "가까운역이름":"NA",
            "가까운역거리":"NA",
            "역세권여부":"NA",
            "30분이내주요거점역":"NA",
            "30분거점역이름":"NA",
            "1시간이내주요거점역":"NA",
            "1시간거점역이름":"NA",
            "3km이내백화점수":0,
            "5km이내아울렛몰수":0,
            "1km이내대형먀트수":1,
            "500m이내은행수":0,
            "500m이내병원수":2,
            "5km이내대형병원수":0,
            "500m이내공원수":6,
            "3km이내혐오시설수":0,
            "초등학교학업성취도":90.0,
            "중학교학업성취도":68.7,
            "용적률":198,
            "건폐율":20,
            "Y":34.769097,
            "X":127.638402,
            "rank":22.0,
            "area_info":"24평(80.31), 24평(80.13), 24평(81.01)",
            "last_sales":"2022-01-19,20500.0,24평(80.31)",
            "rank_history":[
                [
                    "202202",
                    22
                ],
                [
                    "202201",
                    26
                ]
            ],
            "rank_gap":4
        },
        {
            "index":208,
            "아파트명":"신기우림필유",
            "투자타입":"일반",
            "전용면적(m2)":"109.26",
            "전용면적(평)":"33평",
            "법정동주소":"전라남도 여수시 신기동 75",
            "도로명주소":"전라남도 여수시 여천체육공원길 52",
            "세대수":50,
            "입주년차":40,
            "용적률점수":"--",
            "건폐율점수":"--",
            "세대당주차수":60,
            "난방방식":30,
            "공급면적":"--",
            "전용률":"--",
            "욕실수":100,
            "현관타입":100,
            "주거총점":57.5,
            "지역구공급총점":0.0,
            "역세권":"NA",
            "30분내 이동가능 거점":"NA",
            "1시간내 이동가능 거점":"NA",
            "교통총점":"NA",
            "백화점":0,
            "아울렛몰":0,
            "대형마트":0,
            "은행":0,
            "병원":30,
            "종합병원":80,
            "공원":100,
            "혐오시설":0,
            "인프라총점":22.0,
            "초등학군":89.97,
            "중학군":45.52,
            "학군총점":54.41,
            "인구수":29.26,
            "인구증감":-5.22,
            "인구총점":18.916,
            "일자리":19.79,
            "소득수준":68.34,
            "일자리총점":34.355,
            "가치 총점":42.5275,
            "매매실거래년":20220119.0,
            "매매실거래가":50000.0,
            "전세실거래년":20190331.0,
            "전세실거래가":8000.0,
            "전세가율":16.0,
            "장기전세가율평균":71.3,
            "전세가율거품지수":55.3,
            "검색코드":106604,
            "세대수":418.0,
            "준공년월":"2008-09-26",
            "준공년차":15.0,
            "가까운역이름":"NA",
            "가까운역거리":"NA",
            "역세권여부":"NA",
            "30분이내주요거점역":"NA",
            "30분거점역이름":"NA",
            "1시간이내주요거점역":"NA",
            "1시간거점역이름":"NA",
            "3km이내백화점수":0,
            "5km이내아울렛몰수":0,
            "1km이내대형먀트수":0,
            "500m이내은행수":0,
            "500m이내병원수":8,
            "5km이내대형병원수":1,
            "500m이내공원수":10,
            "3km이내혐오시설수":0,
            "초등학교학업성취도":89.97,
            "중학교학업성취도":75.2,
            "용적률":249,
            "건폐율":21,
            "Y":34.759567,
            "X":127.676587,
            "rank":23.0,
            "area_info":"33평(109.26), 47평(155.48), 52평(174.29)",
            "last_sales":"2022-01-19,50000.0,33평(109.26)",
            "rank_history":[
                [
                    "202202",
                    23
                ],
                [
                    "202201",
                    25
                ]
            ],
            "rank_gap":2
        },
        {
            "index":316,
            "아파트명":"웅천지구골드클래스테라스힐",
            "투자타입":"일반",
            "전용면적(m2)":"110.45",
            "전용면적(평)":"33평",
            "법정동주소":"전라남도 여수시 웅천동 1815-1번지외 3필지",
            "도로명주소":"전라남도 여수시 웅천북2로 81",
            "세대수":0,
            "입주년차":100,
            "용적률점수":"--",
            "건폐율점수":"--",
            "세대당주차수":60,
            "난방방식":30,
            "공급면적":"--",
            "전용률":"--",
            "욕실수":100,
            "현관타입":100,
            "주거총점":52.0,
            "지역구공급총점":0.0,
            "역세권":"NA",
            "30분내 이동가능 거점":"NA",
            "1시간내 이동가능 거점":"NA",
            "교통총점":"NA",
            "백화점":0,
            "아울렛몰":80,
            "대형마트":0,
            "은행":0,
            "병원":0,
            "종합병원":80,
            "공원":100,
            "혐오시설":0,
            "인프라총점":27.0,
            "초등학군":89.99,
            "중학군":44.94,
            "학군총점":53.95,
            "인구수":29.26,
            "인구증감":-5.22,
            "인구총점":18.916,
            "일자리":19.79,
            "소득수준":68.34,
            "일자리총점":34.355,
            "가치 총점":42.4875,
            "매매실거래년":"18000101",
            "매매실거래가":null,
            "전세실거래년":null,
            "전세실거래가":null,
            "전세가율":null,
            "장기전세가율평균":71.3,
            "전세가율거품지수":null,
            "검색코드":125665,
            "세대수":262.0,
            "준공년월":"2021-10-01",
            "준공년차":2.0,
            "가까운역이름":"NA",
            "가까운역거리":"NA",
            "역세권여부":"NA",
            "30분이내주요거점역":"NA",
            "30분거점역이름":"NA",
            "1시간이내주요거점역":"NA",
            "1시간거점역이름":"NA",
            "3km이내백화점수":0,
            "5km이내아울렛몰수":1,
            "1km이내대형먀트수":0,
            "500m이내은행수":0,
            "500m이내병원수":0,
            "5km이내대형병원수":1,
            "500m이내공원수":10,
            "3km이내혐오시설수":0,
            "초등학교학업성취도":89.99,
            "중학교학업성취도":74.9,
            "용적률":84,
            "건폐율":49,
            "Y":34.750709,
            "X":127.68505,
            "rank":24.0,
            "area_info":"33평(110.45), 33평(110.45), 33평(110.45)",
            "last_sales":"1800-01-01,nan,33평(110.45)",
            "rank_history":[
                [
                    "202202",
                    24
                ],
                [
                    "202201",
                    24
                ]
            ],
            "rank_gap":0
        },
        {
            "index":4,
            "아파트명":"여수엑스포골드클래스",
            "투자타입":"일반",
            "전용면적(m2)":"98.1",
            "전용면적(평)":"29평",
            "법정동주소":"전라남도 여수시 관문동 1156",
            "도로명주소":"전라남도 여수시 관문6길 10",
            "세대수":0,
            "입주년차":100,
            "용적률점수":"--",
            "건폐율점수":"--",
            "세대당주차수":30,
            "난방방식":30,
            "공급면적":"--",
            "전용률":"--",
            "욕실수":100,
            "현관타입":100,
            "주거총점":47.5,
            "지역구공급총점":0.0,
            "역세권":"NA",
            "30분내 이동가능 거점":"NA",
            "1시간내 이동가능 거점":"NA",
            "교통총점":"NA",
            "백화점":0,
            "아울렛몰":80,
            "대형마트":0,
            "은행":0,
            "병원":30,
            "종합병원":80,
            "공원":100,
            "혐오시설":0,
            "인프라총점":30.0,
            "초등학군":90.01,
            "중학군":44.28,
            "학군총점":53.426,
            "인구수":29.26,
            "인구증감":-5.22,
            "인구총점":18.916,
            "일자리":19.79,
            "소득수준":68.34,
            "일자리총점":34.355,
            "가치 총점":41.9815,
            "매매실거래년":20191002.0,
            "매매실거래가":27826.0,
            "전세실거래년":null,
            "전세실거래가":null,
            "전세가율":null,
            "장기전세가율평균":71.3,
            "전세가율거품지수":null,
            "검색코드":115530,
            "세대수":286.0,
            "준공년월":"2019-08-01",
            "준공년차":4.0,
            "가까운역이름":"NA",
            "가까운역거리":"NA",
            "역세권여부":"NA",
            "30분이내주요거점역":"NA",
            "30분거점역이름":"NA",
            "1시간이내주요거점역":"NA",
            "1시간거점역이름":"NA",
            "3km이내백화점수":0,
            "5km이내아울렛몰수":1,
            "1km이내대형먀트수":0,
            "500m이내은행수":1,
            "500m이내병원수":7,
            "5km이내대형병원수":1,
            "500m이내공원수":6,
            "3km이내혐오시설수":0,
            "초등학교학업성취도":90.01,
            "중학교학업성취도":73.8,
            "용적률":0,
            "건폐율":0,
            "Y":34.743426,
            "X":127.743204,
            "rank":25.0,
            "area_info":"29평(98.1), 33평(110.24), 33평(110.47), 33평(110.21), 33평(110.51), 33평(111.43)",
            "last_sales":"2019-10-02,27826.0,33평(111.43)",
            "rank_history":[
                [
                    "202202",
                    25
                ],
                [
                    "202201",
                    34
                ]
            ],
            "rank_gap":9
        },
        {
            "index":160,
            "아파트명":"우미이노스빌",
            "투자타입":"일반",
            "전용면적(m2)":"83.87",
            "전용면적(평)":"25평",
            "법정동주소":"전라남도 여수시 선원동 1341",
            "도로명주소":"전라남도 여수시 선원4길 67",
            "세대수":50,
            "입주년차":40,
            "용적률점수":"--",
            "건폐율점수":"--",
            "세대당주차수":30,
            "난방방식":30,
            "공급면적":"--",
            "전용률":"--",
            "욕실수":100,
            "현관타입":100,
            "주거총점":53.0,
            "지역구공급총점":0.0,
            "역세권":"NA",
            "30분내 이동가능 거점":"NA",
            "1시간내 이동가능 거점":"NA",
            "교통총점":"NA",
            "백화점":0,
            "아울렛몰":0,
            "대형마트":80,
            "은행":0,
            "병원":60,
            "종합병원":0,
            "공원":100,
            "혐오시설":0,
            "인프라총점":21.0,
            "초등학군":90.0,
            "중학군":49.62,
            "학군총점":57.696,
            "인구수":29.26,
            "인구증감":-5.22,
            "인구총점":18.916,
            "일자리":19.79,
            "소득수준":68.34,
            "일자리총점":34.355,
            "가치 총점":41.374,
            "매매실거래년":20220104.0,
            "매매실거래가":32000.0,
            "전세실거래년":20210628.0,
            "전세실거래가":8500.0,
            "전세가율":33.33,
            "장기전세가율평균":71.3,
            "전세가율거품지수":37.97,
            "검색코드":17439,
            "세대수":411.0,
            "준공년월":"2004-06-04",
            "준공년차":19.0,
            "가까운역이름":"NA",
            "가까운역거리":"NA",
            "역세권여부":"NA",
            "30분이내주요거점역":"NA",
            "30분거점역이름":"NA",
            "1시간이내주요거점역":"NA",
            "1시간거점역이름":"NA",
            "3km이내백화점수":0,
            "5km이내아울렛몰수":0,
            "1km이내대형먀트수":1,
            "500m이내은행수":0,
            "500m이내병원수":14,
            "5km이내대형병원수":0,
            "500m이내공원수":2,
            "3km이내혐오시설수":0,
            "초등학교학업성취도":90.0,
            "중학교학업성취도":82.5,
            "용적률":172,
            "건폐율":14,
            "Y":34.762751,
            "X":127.651265,
            "rank":26.0,
            "area_info":"25평(83.87), 33평(111.99), 45평(151.15), 50평(165.46)",
            "last_sales":"2022-01-04,32000.0,33평(111.99)",
            "rank_history":[
                [
                    "202202",
                    26
                ],
                [
                    "202201",
                    36
                ]
            ],
            "rank_gap":10
        },
        {
            "index":261,
            "아파트명":"금호",
            "투자타입":"재건축",
            "전용면적(m2)":"89.84",
            "전용면적(평)":"27평",
            "법정동주소":"전라남도 여수시 여서동 373",
            "도로명주소":"전라남도 여수시 여서2로 20",
            "세대수":80,
            "입주년차":"--",
            "용적률점수":0,
            "건폐율점수":0,
            "세대당주차수":"--",
            "난방방식":"--",
            "공급면적":70,
            "전용률":80,
            "욕실수":"--",
            "현관타입":"--",
            "주거총점":31.5,
            "지역구공급총점":0.0,
            "역세권":"NA",
            "30분내 이동가능 거점":"NA",
            "1시간내 이동가능 거점":"NA",
            "교통총점":"NA",
            "백화점":0,
            "아울렛몰":80,
            "대형마트":0,
            "은행":70,
            "병원":80,
            "종합병원":80,
            "공원":100,
            "혐오시설":0,
            "인프라총점":42.0,
            "초등학군":89.99,
            "중학군":44.94,
            "학군총점":53.95,
            "인구수":29.26,
            "인구증감":-5.22,
            "인구총점":18.916,
            "일자리":19.79,
            "소득수준":68.34,
            "일자리총점":34.355,
            "가치 총점":41.3125,
            "매매실거래년":20220120.0,
            "매매실거래가":16500.0,
            "전세실거래년":20210820.0,
            "전세실거래가":16000.0,
            "전세가율":96.97,
            "장기전세가율평균":71.3,
            "전세가율거품지수":-25.67,
            "검색코드":4877,
            "세대수":750.0,
            "준공년월":"1990-10-26",
            "준공년차":33.0,
            "가까운역이름":"NA",
            "가까운역거리":"NA",
            "역세권여부":"NA",
            "30분이내주요거점역":"NA",
            "30분거점역이름":"NA",
            "1시간이내주요거점역":"NA",
            "1시간거점역이름":"NA",
            "3km이내백화점수":0,
            "5km이내아울렛몰수":1,
            "1km이내대형먀트수":0,
            "500m이내은행수":3,
            "500m이내병원수":34,
            "5km이내대형병원수":1,
            "500m이내공원수":8,
            "3km이내혐오시설수":0,
            "초등학교학업성취도":89.99,
            "중학교학업성취도":74.9,
            "용적률":0,
            "건폐율":0,
            "Y":34.750634,
            "X":127.705282,
            "rank":27.0,
            "area_info":"27평(89.84), 31평(103.11), 42평(141.46)",
            "last_sales":"2022-01-20,16500.0,27평(89.84)",
            "rank_history":[
                [
                    "202202",
                    27
                ],
                [
                    "202201",
                    40
                ]
            ],
            "rank_gap":13
        },
        {
            "index":238,
            "아파트명":"신월코아루",
            "투자타입":"일반",
            "전용면적(m2)":"113.77",
            "전용면적(평)":"34평",
            "법정동주소":"전라남도 여수시 신월동 51",
            "도로명주소":"전라남도 여수시 신월2길 11",
            "세대수":50,
            "입주년차":40,
            "용적률점수":"--",
            "건폐율점수":"--",
            "세대당주차수":30,
            "난방방식":30,
            "공급면적":"--",
            "전용률":"--",
            "욕실수":100,
            "현관타입":100,
            "주거총점":53.0,
            "지역구공급총점":0.0,
            "역세권":"NA",
            "30분내 이동가능 거점":"NA",
            "1시간내 이동가능 거점":"NA",
            "교통총점":"NA",
            "백화점":0,
            "아울렛몰":80,
            "대형마트":0,
            "은행":0,
            "병원":10,
            "종합병원":80,
            "공원":0,
            "혐오시설":0,
            "인프라총점":25.0,
            "초등학군":90.0,
            "중학군":37.98,
            "학군총점":48.384,
            "인구수":29.26,
            "인구증감":-5.22,
            "인구총점":18.916,
            "일자리":19.79,
            "소득수준":68.34,
            "일자리총점":34.355,
            "가치 총점":40.646,
            "매매실거래년":20211110.0,
            "매매실거래가":33500.0,
            "전세실거래년":20210422.0,
            "전세실거래가":17000.0,
            "전세가율":50.75,
            "장기전세가율평균":71.3,
            "전세가율거품지수":20.55,
            "검색코드":17649,
            "세대수":420.0,
            "준공년월":"2006-04-20",
            "준공년차":17.0,
            "가까운역이름":"NA",
            "가까운역거리":"NA",
            "역세권여부":"NA",
            "30분이내주요거점역":"NA",
            "30분거점역이름":"NA",
            "1시간이내주요거점역":"NA",
            "1시간거점역이름":"NA",
            "3km이내백화점수":0,
            "5km이내아울렛몰수":1,
            "1km이내대형먀트수":0,
            "500m이내은행수":0,
            "500m이내병원수":2,
            "5km이내대형병원수":1,
            "500m이내공원수":0,
            "3km이내혐오시설수":0,
            "초등학교학업성취도":90.0,
            "중학교학업성취도":63.3,
            "용적률":164,
            "건폐율":14,
            "Y":34.72755,
            "X":127.710572,
            "rank":28.0,
            "area_info":"34평(113.77), 46평(152.21)",
            "last_sales":"2021-11-10,33500.0,34평(113.77)",
            "rank_history":[
                [
                    "202202",
                    28
                ],
                [
                    "202201",
                    43
                ]
            ],
            "rank_gap":15
        },
        {
            "index":135,
            "아파트명":"선경3단지",
            "투자타입":"일반",
            "전용면적(m2)":"74.63",
            "전용면적(평)":"22평",
            "법정동주소":"전라남도 여수시 미평동 807",
            "도로명주소":"전라남도 여수시 양지1길 5",
            "세대수":90,
            "입주년차":0,
            "용적률점수":"--",
            "건폐율점수":"--",
            "세대당주차수":0,
            "난방방식":30,
            "공급면적":"--",
            "전용률":"--",
            "욕실수":50,
            "현관타입":100,
            "주거총점":49.5,
            "지역구공급총점":0.0,
            "역세권":"NA",
            "30분내 이동가능 거점":"NA",
            "1시간내 이동가능 거점":"NA",
            "교통총점":"NA",
            "백화점":0,
            "아울렛몰":0,
            "대형마트":0,
            "은행":0,
            "병원":10,
            "종합병원":80,
            "공원":100,
            "혐오시설":0,
            "인프라총점":20.0,
            "초등학군":89.98,
            "중학군":53.1,
            "학군총점":60.476,
            "인구수":29.26,
            "인구증감":-5.22,
            "인구총점":18.916,
            "일자리":19.79,
            "소득수준":68.34,
            "일자리총점":34.355,
            "가치 총점":40.444,
            "매매실거래년":20220118.0,
            "매매실거래가":14000.0,
            "전세실거래년":20220108.0,
            "전세실거래가":12000.0,
            "전세가율":85.71,
            "장기전세가율평균":71.3,
            "전세가율거품지수":-14.41,
            "검색코드":4832,
            "세대수":976.0,
            "준공년월":"1995-04-29",
            "준공년차":28.0,
            "가까운역이름":"NA",
            "가까운역거리":"NA",
            "역세권여부":"NA",
            "30분이내주요거점역":"NA",
            "30분거점역이름":"NA",
            "1시간이내주요거점역":"NA",
            "1시간거점역이름":"NA",
            "3km이내백화점수":0,
            "5km이내아울렛몰수":0,
            "1km이내대형먀트수":0,
            "500m이내은행수":0,
            "500m이내병원수":3,
            "5km이내대형병원수":1,
            "500m이내공원수":10,
            "3km이내혐오시설수":0,
            "초등학교학업성취도":89.98,
            "중학교학업성취도":88.5,
            "용적률":191,
            "건폐율":17,
            "Y":34.771141,
            "X":127.700861,
            "rank":29.0,
            "area_info":"22평(74.63), 30평(101.19), 41평(136.85)",
            "last_sales":"2022-01-18,14000.0,22평(74.63)",
            "rank_history":[
                [
                    "202202",
                    29
                ],
                [
                    "202201",
                    35
                ]
            ],
            "rank_gap":6
        },
        {
            "index":361,
            "아파트명":"부영1차",
            "투자타입":"일반",
            "전용면적(m2)":"77.19",
            "전용면적(평)":"23평",
            "법정동주소":"전라남도 여수시 학동 111",
            "도로명주소":"전라남도 여수시 소호로 658",
            "세대수":50,
            "입주년차":40,
            "용적률점수":"--",
            "건폐율점수":"--",
            "세대당주차수":0,
            "난방방식":30,
            "공급면적":"--",
            "전용률":"--",
            "욕실수":50,
            "현관타입":100,
            "주거총점":43.5,
            "지역구공급총점":0.0,
            "역세권":"NA",
            "30분내 이동가능 거점":"NA",
            "1시간내 이동가능 거점":"NA",
            "교통총점":"NA",
            "백화점":0,
            "아울렛몰":0,
            "대형마트":100,
            "은행":20,
            "병원":60,
            "종합병원":0,
            "공원":100,
            "혐오시설":0,
            "인프라총점":26.0,
            "초등학군":90.0,
            "중학군":51.06,
            "학군총점":58.848,
            "인구수":29.26,
            "인구증감":-5.22,
            "인구총점":18.916,
            "일자리":19.79,
            "소득수준":68.34,
            "일자리총점":34.355,
            "가치 총점":40.337,
            "매매실거래년":20220126.0,
            "매매실거래가":26700.0,
            "전세실거래년":20211214.0,
            "전세실거래가":14500.0,
            "전세가율":69.71,
            "장기전세가율평균":71.3,
            "전세가율거품지수":1.59,
            "검색코드":22415,
            "세대수":416.0,
            "준공년월":"2005-02-24",
            "준공년차":18.0,
            "가까운역이름":"NA",
            "가까운역거리":"NA",
            "역세권여부":"NA",
            "30분이내주요거점역":"NA",
            "30분거점역이름":"NA",
            "1시간이내주요거점역":"NA",
            "1시간거점역이름":"NA",
            "3km이내백화점수":0,
            "5km이내아울렛몰수":0,
            "1km이내대형먀트수":2,
            "500m이내은행수":2,
            "500m이내병원수":14,
            "5km이내대형병원수":0,
            "500m이내공원수":10,
            "3km이내혐오시설수":0,
            "초등학교학업성취도":90.0,
            "중학교학업성취도":84.9,
            "용적률":248,
            "건폐율":20,
            "Y":34.760243,
            "X":127.656824,
            "rank":30.0,
            "area_info":"23평(77.19), 31평(104.33)",
            "last_sales":"2022-01-26,26700.0,31평(104.33)",
            "rank_history":[
                [
                    "202202",
                    30
                ],
                [
                    "202201",
                    20
                ]
            ],
            "rank_gap":-10
        },
        {
            "index":265,
            "아파트명":"여서주공1단지",
            "투자타입":"재건축",
            "전용면적(m2)":"49.48",
            "전용면적(평)":"14평",
            "법정동주소":"전라남도 여수시 여서동 241",
            "도로명주소":"전라남도 여수시 여서2로 39",
            "세대수":30,
            "입주년차":"--",
            "용적률점수":0,
            "건폐율점수":0,
            "세대당주차수":"--",
            "난방방식":"--",
            "공급면적":50,
            "전용률":60,
            "욕실수":"--",
            "현관타입":"--",
            "주거총점":14.5,
            "지역구공급총점":0.0,
            "역세권":"NA",
            "30분내 이동가능 거점":"NA",
            "1시간내 이동가능 거점":"NA",
            "교통총점":"NA",
            "백화점":0,
            "아울렛몰":80,
            "대형마트":80,
            "은행":70,
            "병원":80,
            "종합병원":80,
            "공원":100,
            "혐오시설":0,
            "인프라총점":54.0,
            "초등학군":89.99,
            "중학군":44.94,
            "학군총점":53.95,
            "인구수":29.26,
            "인구증감":-5.22,
            "인구총점":18.916,
            "일자리":19.79,
            "소득수준":68.34,
            "일자리총점":34.355,
            "가치 총점":40.1625,
            "매매실거래년":20211215.0,
            "매매실거래가":13500.0,
            "전세실거래년":20200606.0,
            "전세실거래가":6500.0,
            "전세가율":47.1,
            "장기전세가율평균":71.3,
            "전세가율거품지수":24.2,
            "검색코드":4880,
            "세대수":360.0,
            "준공년월":"1989-04-27",
            "준공년차":34.0,
            "가까운역이름":"NA",
            "가까운역거리":"NA",
            "역세권여부":"NA",
            "30분이내주요거점역":"NA",
            "30분거점역이름":"NA",
            "1시간이내주요거점역":"NA",
            "1시간거점역이름":"NA",
            "3km이내백화점수":0,
            "5km이내아울렛몰수":1,
            "1km이내대형먀트수":1,
            "500m이내은행수":4,
            "500m이내병원수":30,
            "5km이내대형병원수":1,
            "500m이내공원수":6,
            "3km이내혐오시설수":0,
            "초등학교학업성취도":89.99,
            "중학교학업성취도":74.9,
            "용적률":0,
            "건폐율":0,
            "Y":34.752466,
            "X":127.706313,
            "rank":31.0,
            "area_info":"14평(49.48), 15평(49.91), 17평(57.57), 17평(57.93)",
            "last_sales":"2021-12-15,13500.0,17평(57.57)",
            "rank_history":[
                [
                    "202202",
                    31
                ],
                [
                    "202201",
                    79
                ]
            ],
            "rank_gap":48
        },
        {
            "index":87,
            "아파트명":"한려",
            "투자타입":"일반",
            "전용면적(m2)":"77.17",
            "전용면적(평)":"23평",
            "법정동주소":"전라남도 여수시 둔덕동 657",
            "도로명주소":"전라남도 여수시 쌍봉로 316",
            "세대수":90,
            "입주년차":0,
            "용적률점수":"--",
            "건폐율점수":"--",
            "세대당주차수":0,
            "난방방식":30,
            "공급면적":"--",
            "전용률":"--",
            "욕실수":50,
            "현관타입":100,
            "주거총점":49.5,
            "지역구공급총점":0.0,
            "역세권":"NA",
            "30분내 이동가능 거점":"NA",
            "1시간내 이동가능 거점":"NA",
            "교통총점":"NA",
            "백화점":0,
            "아울렛몰":0,
            "대형마트":0,
            "은행":0,
            "병원":0,
            "종합병원":80,
            "공원":100,
            "혐오시설":0,
            "인프라총점":19.0,
            "초등학군":89.98,
            "중학군":53.1,
            "학군총점":60.476,
            "인구수":29.26,
            "인구증감":-5.22,
            "인구총점":18.916,
            "일자리":19.79,
            "소득수준":68.34,
            "일자리총점":34.355,
            "가치 총점":40.044,
            "매매실거래년":20220124.0,
            "매매실거래가":12300.0,
            "전세실거래년":20211004.0,
            "전세실거래가":10000.0,
            "전세가율":81.3,
            "장기전세가율평균":71.3,
            "전세가율거품지수":-10.0,
            "검색코드":4808,
            "세대수":1026.0,
            "준공년월":"1997-05-07",
            "준공년차":26.0,
            "가까운역이름":"NA",
            "가까운역거리":"NA",
            "역세권여부":"NA",
            "30분이내주요거점역":"NA",
            "30분거점역이름":"NA",
            "1시간이내주요거점역":"NA",
            "1시간거점역이름":"NA",
            "3km이내백화점수":0,
            "5km이내아울렛몰수":0,
            "1km이내대형먀트수":0,
            "500m이내은행수":0,
            "500m이내병원수":1,
            "5km이내대형병원수":1,
            "500m이내공원수":6,
            "3km이내혐오시설수":0,
            "초등학교학업성취도":89.98,
            "중학교학업성취도":88.5,
            "용적률":0,
            "건폐율":0,
            "Y":34.766755,
            "X":127.691657,
            "rank":32.0,
            "area_info":"23평(77.17), 24평(80.93), 24평(80.86), 31평(103.94)",
            "last_sales":"2022-01-24,12300.0,23평(77.17)",
            "rank_history":[
                [
                    "202202",
                    32
                ],
                [
                    "202201",
                    39
                ]
            ],
            "rank_gap":7
        },
        {
            "index":104,
            "아파트명":"원앙파크맨션",
            "투자타입":"일반",
            "전용면적(m2)":"91.36",
            "전용면적(평)":"27평",
            "법정동주소":"전라남도 여수시 문수동 310-1",
            "도로명주소":"전라남도 여수시 여문1로 90",
            "세대수":80,
            "입주년차":0,
            "용적률점수":"--",
            "건폐율점수":"--",
            "세대당주차수":30,
            "난방방식":30,
            "공급면적":"--",
            "전용률":"--",
            "욕실수":50,
            "현관타입":10,
            "주거총점":41.5,
            "지역구공급총점":0.0,
            "역세권":"NA",
            "30분내 이동가능 거점":"NA",
            "1시간내 이동가능 거점":"NA",
            "교통총점":"NA",
            "백화점":0,
            "아울렛몰":80,
            "대형마트":0,
            "은행":0,
            "병원":30,
            "종합병원":80,
            "공원":100,
            "혐오시설":0,
            "인프라총점":30.0,
            "초등학군":89.99,
            "중학군":44.94,
            "학군총점":53.95,
            "인구수":29.26,
            "인구증감":-5.22,
            "인구총점":18.916,
            "일자리":19.79,
            "소득수준":68.34,
            "일자리총점":34.355,
            "가치 총점":40.0125,
            "매매실거래년":20220118.0,
            "매매실거래가":16800.0,
            "전세실거래년":20210927.0,
            "전세실거래가":14000.0,
            "전세가율":91.5,
            "장기전세가율평균":71.3,
            "전세가율거품지수":-20.2,
            "검색코드":4814,
            "세대수":780.0,
            "준공년월":"1994-04-30",
            "준공년차":29.0,
            "가까운역이름":"NA",
            "가까운역거리":"NA",
            "역세권여부":"NA",
            "30분이내주요거점역":"NA",
            "30분거점역이름":"NA",
            "1시간이내주요거점역":"NA",
            "1시간거점역이름":"NA",
            "3km이내백화점수":0,
            "5km이내아울렛몰수":1,
            "1km이내대형먀트수":0,
            "500m이내은행수":1,
            "500m이내병원수":8,
            "5km이내대형병원수":1,
            "500m이내공원수":4,
            "3km이내혐오시설수":0,
            "초등학교학업성취도":89.99,
            "중학교학업성취도":74.9,
            "용적률":205,
            "건폐율":17,
            "Y":34.757398,
            "X":127.70268,
            "rank":33.0,
            "area_info":"27평(91.36), 31평(103.96)",
            "last_sales":"2022-01-18,16800.0,31평(103.96)",
            "rank_history":[
                [
                    "202202",
                    33
                ],
                [
                    "202201",
                    37
                ]
            ],
            "rank_gap":4
        },
        {
            "index":99,
            "아파트명":"문수코아루수",
            "투자타입":"일반",
            "전용면적(m2)":"156.23",
            "전용면적(평)":"47평",
            "법정동주소":"전라남도 여수시 문수동 787",
            "도로명주소":"전라남도 여수시 여문2로 54-26",
            "세대수":0,
            "입주년차":40,
            "용적률점수":"--",
            "건폐율점수":"--",
            "세대당주차수":80,
            "난방방식":30,
            "공급면적":"--",
            "전용률":"--",
            "욕실수":100,
            "현관타입":100,
            "주거총점":43.0,
            "지역구공급총점":0.0,
            "역세권":"NA",
            "30분내 이동가능 거점":"NA",
            "1시간내 이동가능 거점":"NA",
            "교통총점":"NA",
            "백화점":0,
            "아울렛몰":80,
            "대형마트":0,
            "은행":0,
            "병원":10,
            "종합병원":80,
            "공원":100,
            "혐오시설":0,
            "인프라총점":28.0,
            "초등학군":89.99,
            "중학군":44.94,
            "학군총점":53.95,
            "인구수":29.26,
            "인구증감":-5.22,
            "인구총점":18.916,
            "일자리":19.79,
            "소득수준":68.34,
            "일자리총점":34.355,
            "가치 총점":39.7375,
            "매매실거래년":20211229.0,
            "매매실거래가":38500.0,
            "전세실거래년":20200919.0,
            "전세실거래가":30000.0,
            "전세가율":62.5,
            "장기전세가율평균":71.3,
            "전세가율거품지수":8.8,
            "검색코드":105723,
            "세대수":277.0,
            "준공년월":"2008-03-26",
            "준공년차":15.0,
            "가까운역이름":"NA",
            "가까운역거리":"NA",
            "역세권여부":"NA",
            "30분이내주요거점역":"NA",
            "30분거점역이름":"NA",
            "1시간이내주요거점역":"NA",
            "1시간거점역이름":"NA",
            "3km이내백화점수":0,
            "5km이내아울렛몰수":1,
            "1km이내대형먀트수":0,
            "500m이내은행수":0,
            "500m이내병원수":3,
            "5km이내대형병원수":1,
            "500m이내공원수":12,
            "3km이내혐오시설수":0,
            "초등학교학업성취도":89.99,
            "중학교학업성취도":74.9,
            "용적률":177,
            "건폐율":16,
            "Y":34.752851,
            "X":127.694188,
            "rank":34.0,
            "area_info":"47평(156.23), 54평(178.85), 67평(221.74)",
            "last_sales":"2021-12-29,38500.0,54평(178.85)",
            "rank_history":[
                [
                    "202202",
                    34
                ],
                [
                    "202201",
                    38
                ]
            ],
            "rank_gap":4
        },
        {
            "index":84,
            "아파트명":"중앙하이츠",
            "투자타입":"재건축",
            "전용면적(m2)":"78.69",
            "전용면적(평)":"23평",
            "법정동주소":"전라남도 여수시 둔덕동 583",
            "도로명주소":"전라남도 여수시 쌍봉로 366",
            "세대수":90,
            "입주년차":"--",
            "용적률점수":0,
            "건폐율점수":80,
            "세대당주차수":"--",
            "난방방식":"--",
            "공급면적":50,
            "전용률":60,
            "욕실수":"--",
            "현관타입":"--",
            "주거총점":48.5,
            "지역구공급총점":0.0,
            "역세권":"NA",
            "30분내 이동가능 거점":"NA",
            "1시간내 이동가능 거점":"NA",
            "교통총점":"NA",
            "백화점":0,
            "아울렛몰":0,
            "대형마트":0,
            "은행":0,
            "병원":0,
            "종합병원":80,
            "공원":100,
            "혐오시설":0,
            "인프라총점":19.0,
            "초등학군":89.98,
            "중학군":53.1,
            "학군총점":60.476,
            "인구수":29.26,
            "인구증감":-5.22,
            "인구총점":18.916,
            "일자리":19.79,
            "소득수준":68.34,
            "일자리총점":34.355,
            "가치 총점":39.694,
            "매매실거래년":20211201.0,
            "매매실거래가":16950.0,
            "전세실거래년":20220113.0,
            "전세실거래가":10000.0,
            "전세가율":76.92,
            "장기전세가율평균":71.3,
            "전세가율거품지수":-5.62,
            "검색코드":4807,
            "세대수":915.0,
            "준공년월":"1990-09-27",
            "준공년차":33.0,
            "가까운역이름":"NA",
            "가까운역거리":"NA",
            "역세권여부":"NA",
            "30분이내주요거점역":"NA",
            "30분거점역이름":"NA",
            "1시간이내주요거점역":"NA",
            "1시간거점역이름":"NA",
            "3km이내백화점수":0,
            "5km이내아울렛몰수":0,
            "1km이내대형먀트수":0,
            "500m이내은행수":0,
            "500m이내병원수":1,
            "5km이내대형병원수":1,
            "500m이내공원수":8,
            "3km이내혐오시설수":0,
            "초등학교학업성취도":89.98,
            "중학교학업성취도":88.5,
            "용적률":254,
            "건폐율":20,
            "Y":34.767941,
            "X":127.693881,
            "rank":35.0,
            "area_info":"23평(78.69), 27평(92.17), 31평(102.65)",
            "last_sales":"2021-12-01,16950.0,31평(102.65)",
            "rank_history":[
                [
                    "202202",
                    35
                ],
                [
                    "202201",
                    41
                ]
            ],
            "rank_gap":6
        },
        {
            "index":319,
            "아파트명":"웅천지웰",
            "투자타입":"일반",
            "전용면적(m2)":"83.32",
            "전용면적(평)":"25평",
            "법정동주소":"전라남도 여수시 웅천동 1687",
            "도로명주소":"전라남도 여수시 예울마루로 30",
            "세대수":90,
            "입주년차":60,
            "용적률점수":"--",
            "건폐율점수":"--",
            "세대당주차수":0,
            "난방방식":30,
            "공급면적":"--",
            "전용률":"--",
            "욕실수":100,
            "현관타입":100,
            "주거총점":66.5,
            "지역구공급총점":0.0,
            "역세권":"NA",
            "30분내 이동가능 거점":"NA",
            "1시간내 이동가능 거점":"NA",
            "교통총점":"NA",
            "백화점":0,
            "아울렛몰":0,
            "대형마트":0,
            "은행":0,
            "병원":10,
            "종합병원":0,
            "공원":100,
            "혐오시설":0,
            "인프라총점":4.0,
            "초등학군":89.99,
            "중학군":51.06,
            "학군총점":58.846,
            "인구수":29.26,
            "인구증감":-5.22,
            "인구총점":18.916,
            "일자리":19.79,
            "소득수준":68.34,
            "일자리총점":34.355,
            "가치 총점":39.5865,
            "매매실거래년":20220107.0,
            "매매실거래가":39700.0,
            "전세실거래년":20201024.0,
            "전세실거래가":25000.0,
            "전세가율":66.67,
            "장기전세가율평균":71.3,
            "전세가율거품지수":4.63,
            "검색코드":101892,
            "세대수":1084.0,
            "준공년월":"2010-06-29",
            "준공년차":13.0,
            "가까운역이름":"NA",
            "가까운역거리":"NA",
            "역세권여부":"NA",
            "30분이내주요거점역":"NA",
            "30분거점역이름":"NA",
            "1시간이내주요거점역":"NA",
            "1시간거점역이름":"NA",
            "3km이내백화점수":0,
            "5km이내아울렛몰수":0,
            "1km이내대형먀트수":0,
            "500m이내은행수":0,
            "500m이내병원수":2,
            "5km이내대형병원수":0,
            "500m이내공원수":2,
            "3km이내혐오시설수":0,
            "초등학교학업성취도":89.99,
            "중학교학업성취도":84.9,
            "용적률":214,
            "건폐율":22,
            "Y":34.748113,
            "X":127.671499,
            "rank":36.0,
            "area_info":"25평(83.32), 34평(114.39), 34평(115.14)",
            "last_sales":"2022-01-07,39700.0,34평(115.14)",
            "rank_history":[
                [
                    "202202",
                    36
                ],
                [
                    "202201",
                    17
                ]
            ],
            "rank_gap":-19
        },
        {
            "index":264,
            "아파트명":"여서부영5단지(243)",
            "투자타입":"재건축",
            "전용면적(m2)":"80.89",
            "전용면적(평)":"24평",
            "법정동주소":"전라남도 여수시 여서동 243",
            "도로명주소":"전라남도 여수시 여서2로 55",
            "세대수":30,
            "입주년차":"--",
            "용적률점수":0,
            "건폐율점수":0,
            "세대당주차수":"--",
            "난방방식":"--",
            "공급면적":50,
            "전용률":60,
            "욕실수":"--",
            "현관타입":"--",
            "주거총점":14.5,
            "지역구공급총점":0.0,
            "역세권":"NA",
            "30분내 이동가능 거점":"NA",
            "1시간내 이동가능 거점":"NA",
            "교통총점":"NA",
            "백화점":0,
            "아울렛몰":80,
            "대형마트":80,
            "은행":70,
            "병원":60,
            "종합병원":80,
            "공원":100,
            "혐오시설":0,
            "인프라총점":52.0,
            "초등학군":90.0,
            "중학군":44.94,
            "학군총점":53.952,
            "인구수":29.26,
            "인구증감":-5.22,
            "인구총점":18.916,
            "일자리":19.79,
            "소득수준":68.34,
            "일자리총점":34.355,
            "가치 총점":39.363,
            "매매실거래년":"18000101",
            "매매실거래가":null,
            "전세실거래년":20220126.0,
            "전세실거래가":6072.0,
            "전세가율":null,
            "장기전세가율평균":71.3,
            "전세가율거품지수":null,
            "검색코드":4879,
            "세대수":370.0,
            "준공년월":"1989-03-09",
            "준공년차":34.0,
            "가까운역이름":"NA",
            "가까운역거리":"NA",
            "역세권여부":"NA",
            "30분이내주요거점역":"NA",
            "30분거점역이름":"NA",
            "1시간이내주요거점역":"NA",
            "1시간거점역이름":"NA",
            "3km이내백화점수":0,
            "5km이내아울렛몰수":1,
            "1km이내대형먀트수":1,
            "500m이내은행수":3,
            "500m이내병원수":28,
            "5km이내대형병원수":1,
            "500m이내공원수":4,
            "3km이내혐오시설수":0,
            "초등학교학업성취도":90.0,
            "중학교학업성취도":74.9,
            "용적률":0,
            "건폐율":0,
            "Y":34.753554,
            "X":127.708767,
            "rank":37.0,
            "area_info":"24평(80.89)",
            "last_sales":"1800-01-01,nan,24평(80.89)",
            "rank_history":[
                [
                    "202202",
                    37
                ],
                [
                    "202201",
                    51
                ]
            ],
            "rank_gap":14
        },
        {
            "index":223,
            "아파트명":"신기주공4단지",
            "투자타입":"재건축",
            "전용면적(m2)":"57.93",
            "전용면적(평)":"17평",
            "법정동주소":"전라남도 여수시 신기동 39",
            "도로명주소":"전라남도 여수시 신기북7길 20",
            "세대수":0,
            "입주년차":"--",
            "용적률점수":100,
            "건폐율점수":100,
            "세대당주차수":"--",
            "난방방식":"--",
            "공급면적":50,
            "전용률":80,
            "욕실수":"--",
            "현관타입":"--",
            "주거총점":66.5,
            "지역구공급총점":0.0,
            "역세권":"NA",
            "30분내 이동가능 거점":"NA",
            "1시간내 이동가능 거점":"NA",
            "교통총점":"NA",
            "백화점":0,
            "아울렛몰":0,
            "대형마트":0,
            "은행":0,
            "병원":30,
            "종합병원":0,
            "공원":100,
            "혐오시설":0,
            "인프라총점":6.0,
            "초등학군":89.97,
            "중학군":45.52,
            "학군총점":54.41,
            "인구수":29.26,
            "인구증감":-5.22,
            "인구총점":18.916,
            "일자리":19.79,
            "소득수준":68.34,
            "일자리총점":34.355,
            "가치 총점":39.2775,
            "매매실거래년":20211016.0,
            "매매실거래가":12000.0,
            "전세실거래년":20171102.0,
            "전세실거래가":4800.0,
            "전세가율":40.0,
            "장기전세가율평균":71.3,
            "전세가율거품지수":31.3,
            "검색코드":4862,
            "세대수":150.0,
            "준공년월":"1990-03-28",
            "준공년차":33.0,
            "가까운역이름":"NA",
            "가까운역거리":"NA",
            "역세권여부":"NA",
            "30분이내주요거점역":"NA",
            "30분거점역이름":"NA",
            "1시간이내주요거점역":"NA",
            "1시간거점역이름":"NA",
            "3km이내백화점수":0,
            "5km이내아울렛몰수":0,
            "1km이내대형먀트수":0,
            "500m이내은행수":0,
            "500m이내병원수":8,
            "5km이내대형병원수":0,
            "500m이내공원수":14,
            "3km이내혐오시설수":0,
            "초등학교학업성취도":89.97,
            "중학교학업성취도":75.2,
            "용적률":71,
            "건폐율":14,
            "Y":34.762206,
            "X":127.675823,
            "rank":38.0,
            "area_info":"17평(57.93), 17평(57.57)",
            "last_sales":"2021-10-16,12000.0,17평(57.93)",
            "rank_history":[
                [
                    "202202",
                    38
                ],
                [
                    "202201",
                    19
                ]
            ],
            "rank_gap":-19
        },
        {
            "index":2,
            "아파트명":"한신",
            "투자타입":"일반",
            "전용면적(m2)":"80.85",
            "전용면적(평)":"24평",
            "법정동주소":"전라남도 여수시 고소동 42",
            "도로명주소":"전라남도 여수시 고소5길 74",
            "세대수":50,
            "입주년차":20,
            "용적률점수":"--",
            "건폐율점수":"--",
            "세대당주차수":0,
            "난방방식":30,
            "공급면적":"--",
            "전용률":"--",
            "욕실수":50,
            "현관타입":100,
            "주거총점":39.5,
            "지역구공급총점":0.0,
            "역세권":"NA",
            "30분내 이동가능 거점":"NA",
            "1시간내 이동가능 거점":"NA",
            "교통총점":"NA",
            "백화점":0,
            "아울렛몰":80,
            "대형마트":0,
            "은행":0,
            "병원":30,
            "종합병원":80,
            "공원":100,
            "혐오시설":0,
            "인프라총점":30.0,
            "초등학군":90.01,
            "중학군":44.28,
            "학군총점":53.426,
            "인구수":29.26,
            "인구증감":-5.22,
            "인구총점":18.916,
            "일자리":19.79,
            "소득수준":68.34,
            "일자리총점":34.355,
            "가치 총점":39.1815,
            "매매실거래년":20211113.0,
            "매매실거래가":14900.0,
            "전세실거래년":20211217.0,
            "전세실거래가":15000.0,
            "전세가율":100.67,
            "장기전세가율평균":71.3,
            "전세가율거품지수":-29.37,
            "검색코드":4770,
            "세대수":433.0,
            "준공년월":"1999-02-05",
            "준공년차":24.0,
            "가까운역이름":"NA",
            "가까운역거리":"NA",
            "역세권여부":"NA",
            "30분이내주요거점역":"NA",
            "30분거점역이름":"NA",
            "1시간이내주요거점역":"NA",
            "1시간거점역이름":"NA",
            "3km이내백화점수":0,
            "5km이내아울렛몰수":1,
            "1km이내대형먀트수":0,
            "500m이내은행수":0,
            "500m이내병원수":5,
            "5km이내대형병원수":1,
            "500m이내공원수":2,
            "3km이내혐오시설수":0,
            "초등학교학업성취도":90.01,
            "중학교학업성취도":73.8,
            "용적률":208,
            "건폐율":19,
            "Y":34.73924,
            "X":127.74182,
            "rank":39.0,
            "area_info":"24평(80.85), 32평(105.85)",
            "last_sales":"2021-11-13,14900.0,24평(80.85)",
            "rank_history":[
                [
                    "202202",
                    39
                ],
                [
                    "202201",
                    52
                ]
            ],
            "rank_gap":13
        },
        {
            "index":71,
            "아파트명":"여수엑스포시티프라디움(3-2BL)",
            "투자타입":"일반",
            "전용면적(m2)":"110.75",
            "전용면적(평)":"33평",
            "법정동주소":"전라남도 여수시 덕충동 2034",
            "도로명주소":"전라남도 여수시 덕충안길 84",
            "세대수":0,
            "입주년차":80,
            "용적률점수":"--",
            "건폐율점수":"--",
            "세대당주차수":30,
            "난방방식":30,
            "공급면적":"--",
            "전용률":"--",
            "욕실수":100,
            "현관타입":100,
            "주거총점":43.5,
            "지역구공급총점":0.0,
            "역세권":"NA",
            "30분내 이동가능 거점":"NA",
            "1시간내 이동가능 거점":"NA",
            "교통총점":"NA",
            "백화점":0,
            "아울렛몰":80,
            "대형마트":0,
            "은행":0,
            "병원":0,
            "종합병원":80,
            "공원":100,
            "혐오시설":0,
            "인프라총점":27.0,
            "초등학군":90.01,
            "중학군":41.76,
            "학군총점":51.41,
            "인구수":29.26,
            "인구증감":-5.22,
            "인구총점":18.916,
            "일자리":19.79,
            "소득수준":68.34,
            "일자리총점":34.355,
            "가치 총점":38.8775,
            "매매실거래년":20210817.0,
            "매매실거래가":48500.0,
            "전세실거래년":20210817.0,
            "전세실거래가":24000.0,
            "전세가율":49.48,
            "장기전세가율평균":71.3,
            "전세가율거품지수":21.82,
            "검색코드":115391,
            "세대수":176.0,
            "준공년월":"2018-05-15",
            "준공년차":5.0,
            "가까운역이름":"NA",
            "가까운역거리":"NA",
            "역세권여부":"NA",
            "30분이내주요거점역":"NA",
            "30분거점역이름":"NA",
            "1시간이내주요거점역":"NA",
            "1시간거점역이름":"NA",
            "3km이내백화점수":0,
            "5km이내아울렛몰수":1,
            "1km이내대형먀트수":0,
            "500m이내은행수":0,
            "500m이내병원수":1,
            "5km이내대형병원수":1,
            "500m이내공원수":12,
            "3km이내혐오시설수":0,
            "초등학교학업성취도":90.01,
            "중학교학업성취도":69.6,
            "용적률":238,
            "건폐율":68,
            "Y":34.753743,
            "X":127.744549,
            "rank":40.0,
            "area_info":"33평(110.75), 33평(110.72)",
            "last_sales":"2021-08-17,48500.0,33평(110.75)",
            "rank_history":[
                [
                    "202202",
                    40
                ],
                [
                    "202201",
                    53
                ]
            ],
            "rank_gap":13
        },
        {
            "index":69,
            "아파트명":"여수엑스포시티프라디움(3-1BL)",
            "투자타입":"일반",
            "전용면적(m2)":"110.75",
            "전용면적(평)":"33평",
            "법정동주소":"전라남도 여수시 덕충동 2033",
            "도로명주소":"전라남도 여수시 박람회길 70",
            "세대수":0,
            "입주년차":80,
            "용적률점수":"--",
            "건폐율점수":"--",
            "세대당주차수":30,
            "난방방식":30,
            "공급면적":"--",
            "전용률":"--",
            "욕실수":100,
            "현관타입":100,
            "주거총점":43.5,
            "지역구공급총점":0.0,
            "역세권":"NA",
            "30분내 이동가능 거점":"NA",
            "1시간내 이동가능 거점":"NA",
            "교통총점":"NA",
            "백화점":0,
            "아울렛몰":80,
            "대형마트":0,
            "은행":0,
            "병원":0,
            "종합병원":80,
            "공원":100,
            "혐오시설":0,
            "인프라총점":27.0,
            "초등학군":90.01,
            "중학군":41.76,
            "학군총점":51.41,
            "인구수":29.26,
            "인구증감":-5.22,
            "인구총점":18.916,
            "일자리":19.79,
            "소득수준":68.34,
            "일자리총점":34.355,
            "가치 총점":38.8775,
            "매매실거래년":20211026.0,
            "매매실거래가":44300.0,
            "전세실거래년":20211227.0,
            "전세실거래가":27000.0,
            "전세가율":60.95,
            "장기전세가율평균":71.3,
            "전세가율거품지수":10.35,
            "검색코드":115390,
            "세대수":176.0,
            "준공년월":"2018-05-15",
            "준공년차":5.0,
            "가까운역이름":"NA",
            "가까운역거리":"NA",
            "역세권여부":"NA",
            "30분이내주요거점역":"NA",
            "30분거점역이름":"NA",
            "1시간이내주요거점역":"NA",
            "1시간거점역이름":"NA",
            "3km이내백화점수":0,
            "5km이내아울렛몰수":1,
            "1km이내대형먀트수":0,
            "500m이내은행수":0,
            "500m이내병원수":1,
            "5km이내대형병원수":1,
            "500m이내공원수":11,
            "3km이내혐오시설수":0,
            "초등학교학업성취도":90.01,
            "중학교학업성취도":69.6,
            "용적률":246,
            "건폐율":69,
            "Y":34.754575,
            "X":127.743788,
            "rank":40.0,
            "area_info":"33평(110.75), 33평(110.72)",
            "last_sales":"2021-10-26,44300.0,33평(110.75)",
            "rank_history":[
                [
                    "202202",
                    40
                ],
                [
                    "202201",
                    53
                ]
            ],
            "rank_gap":13
        },
        {
            "index":102,
            "아파트명":"세종캐슬하임",
            "투자타입":"일반",
            "전용면적(m2)":"163.17",
            "전용면적(평)":"49평",
            "법정동주소":"전라남도 여수시 문수동 640-1",
            "도로명주소":"전라남도 여수시 여문2로 110",
            "세대수":0,
            "입주년차":40,
            "용적률점수":"--",
            "건폐율점수":"--",
            "세대당주차수":80,
            "난방방식":30,
            "공급면적":"--",
            "전용률":"--",
            "욕실수":100,
            "현관타입":50,
            "주거총점":38.0,
            "지역구공급총점":0.0,
            "역세권":"NA",
            "30분내 이동가능 거점":"NA",
            "1시간내 이동가능 거점":"NA",
            "교통총점":"NA",
            "백화점":0,
            "아울렛몰":80,
            "대형마트":0,
            "은행":0,
            "병원":30,
            "종합병원":80,
            "공원":100,
            "혐오시설":0,
            "인프라총점":30.0,
            "초등학군":89.99,
            "중학군":44.94,
            "학군총점":53.95,
            "인구수":29.26,
            "인구증감":-5.22,
            "인구총점":18.916,
            "일자리":19.79,
            "소득수준":68.34,
            "일자리총점":34.355,
            "가치 총점":38.7875,
            "매매실거래년":20210614.0,
            "매매실거래가":43000.0,
            "전세실거래년":20200702.0,
            "전세실거래가":2900.0,
            "전세가율":6.74,
            "장기전세가율평균":71.3,
            "전세가율거품지수":64.56,
            "검색코드":106360,
            "세대수":180.0,
            "준공년월":"2006-05-03",
            "준공년차":17.0,
            "가까운역이름":"NA",
            "가까운역거리":"NA",
            "역세권여부":"NA",
            "30분이내주요거점역":"NA",
            "30분거점역이름":"NA",
            "1시간이내주요거점역":"NA",
            "1시간거점역이름":"NA",
            "3km이내백화점수":0,
            "5km이내아울렛몰수":1,
            "1km이내대형먀트수":0,
            "500m이내은행수":0,
            "500m이내병원수":6,
            "5km이내대형병원수":1,
            "500m이내공원수":10,
            "3km이내혐오시설수":0,
            "초등학교학업성취도":89.99,
            "중학교학업성취도":74.9,
            "용적률":179,
            "건폐율":21,
            "Y":34.754354,
            "X":127.696738,
            "rank":41.0,
            "area_info":"49평(163.17), 60평(200.55)",
            "last_sales":"2021-06-14,43000.0,49평(163.17)",
            "rank_history":[
                [
                    "202202",
                    41
                ],
                [
                    "202201",
                    46
                ]
            ],
            "rank_gap":5
        },
        {
            "index":110,
            "아파트명":"흥화",
            "투자타입":"재건축",
            "전용면적(m2)":"85.79",
            "전용면적(평)":"25평",
            "법정동주소":"전라남도 여수시 문수동 675-1",
            "도로명주소":"전라남도 여수시 허문정1길 18",
            "세대수":80,
            "입주년차":"--",
            "용적률점수":0,
            "건폐율점수":0,
            "세대당주차수":"--",
            "난방방식":"--",
            "공급면적":70,
            "전용률":80,
            "욕실수":"--",
            "현관타입":"--",
            "주거총점":31.5,
            "지역구공급총점":0.0,
            "역세권":"NA",
            "30분내 이동가능 거점":"NA",
            "1시간내 이동가능 거점":"NA",
            "교통총점":"NA",
            "백화점":0,
            "아울렛몰":80,
            "대형마트":0,
            "은행":0,
            "병원":80,
            "종합병원":80,
            "공원":100,
            "혐오시설":0,
            "인프라총점":35.0,
            "초등학군":90.0,
            "중학군":44.94,
            "학군총점":53.952,
            "인구수":29.26,
            "인구증감":-5.22,
            "인구총점":18.916,
            "일자리":19.79,
            "소득수준":68.34,
            "일자리총점":34.355,
            "가치 총점":38.513,
            "매매실거래년":20220123.0,
            "매매실거래가":18200.0,
            "전세실거래년":20211115.0,
            "전세실거래가":8000.0,
            "전세가율":55.17,
            "장기전세가율평균":71.3,
            "전세가율거품지수":16.13,
            "검색코드":4817,
            "세대수":700.0,
            "준공년월":"1991-10-26",
            "준공년차":32.0,
            "가까운역이름":"NA",
            "가까운역거리":"NA",
            "역세권여부":"NA",
            "30분이내주요거점역":"NA",
            "30분거점역이름":"NA",
            "1시간이내주요거점역":"NA",
            "1시간거점역이름":"NA",
            "3km이내백화점수":0,
            "5km이내아울렛몰수":1,
            "1km이내대형먀트수":0,
            "500m이내은행수":0,
            "500m이내병원수":31,
            "5km이내대형병원수":1,
            "500m이내공원수":12,
            "3km이내혐오시설수":0,
            "초등학교학업성취도":90.0,
            "중학교학업성취도":74.9,
            "용적률":0,
            "건폐율":0,
            "Y":34.751289,
            "X":127.696793,
            "rank":42.0,
            "area_info":"25평(85.79), 30평(101.09), 51평(169.63)",
            "last_sales":"2022-01-23,18200.0,30평(101.09)",
            "rank_history":[
                [
                    "202202",
                    42
                ],
                [
                    "202201",
                    47
                ]
            ],
            "rank_gap":5
        },
        {
            "index":278,
            "아파트명":"현대건설",
            "투자타입":"재건축",
            "전용면적(m2)":"60.8",
            "전용면적(평)":"18평",
            "법정동주소":"전라남도 여수시 여서동 489-1",
            "도로명주소":"전라남도 여수시 여서로 134",
            "세대수":90,
            "입주년차":"--",
            "용적률점수":0,
            "건폐율점수":0,
            "세대당주차수":"--",
            "난방방식":"--",
            "공급면적":50,
            "전용률":80,
            "욕실수":"--",
            "현관타입":"--",
            "주거총점":33.5,
            "지역구공급총점":0.0,
            "역세권":"NA",
            "30분내 이동가능 거점":"NA",
            "1시간내 이동가능 거점":"NA",
            "교통총점":"NA",
            "백화점":0,
            "아울렛몰":80,
            "대형마트":0,
            "은행":0,
            "병원":60,
            "종합병원":80,
            "공원":100,
            "혐오시설":0,
            "인프라총점":33.0,
            "초등학군":90.0,
            "중학군":44.94,
            "학군총점":53.952,
            "인구수":29.26,
            "인구증감":-5.22,
            "인구총점":18.916,
            "일자리":19.79,
            "소득수준":68.34,
            "일자리총점":34.355,
            "가치 총점":38.413,
            "매매실거래년":20220120.0,
            "매매실거래가":23000.0,
            "전세실거래년":20210503.0,
            "전세실거래가":10000.0,
            "전세가율":64.52,
            "장기전세가율평균":71.3,
            "전세가율거품지수":6.78,
            "검색코드":4885,
            "세대수":1102.0,
            "준공년월":"1991-04-29",
            "준공년차":32.0,
            "가까운역이름":"NA",
            "가까운역거리":"NA",
            "역세권여부":"NA",
            "30분이내주요거점역":"NA",
            "30분거점역이름":"NA",
            "1시간이내주요거점역":"NA",
            "1시간거점역이름":"NA",
            "3km이내백화점수":0,
            "5km이내아울렛몰수":1,
            "1km이내대형먀트수":0,
            "500m이내은행수":1,
            "500m이내병원수":27,
            "5km이내대형병원수":1,
            "500m이내공원수":10,
            "3km이내혐오시설수":0,
            "초등학교학업성취도":90.0,
            "중학교학업성취도":74.9,
            "용적률":0,
            "건폐율":0,
            "Y":34.748171,
            "X":127.69734,
            "rank":43.0,
            "area_info":"18평(60.8), 23평(77.76), 27평(90.42), 27평(92.36), 28평(93.18), 32평(106.08), 48평(160.46), 53평(178.42), 62평(205.16)",
            "last_sales":"2022-01-20,23000.0,32평(106.08)",
            "rank_history":[
                [
                    "202202",
                    43
                ],
                [
                    "202201",
                    45
                ]
            ],
            "rank_gap":2
        },
        {
            "index":82,
            "아파트명":"신원아르시스",
            "투자타입":"일반",
            "전용면적(m2)":"113.59",
            "전용면적(평)":"34평",
            "법정동주소":"전라남도 여수시 둔덕동 464-3",
            "도로명주소":"전라남도 여수시 둔덕1길 14",
            "세대수":0,
            "입주년차":40,
            "용적률점수":"--",
            "건폐율점수":"--",
            "세대당주차수":30,
            "난방방식":30,
            "공급면적":"--",
            "전용률":"--",
            "욕실수":100,
            "현관타입":100,
            "주거총점":35.5,
            "지역구공급총점":0.0,
            "역세권":"NA",
            "30분내 이동가능 거점":"NA",
            "1시간내 이동가능 거점":"NA",
            "교통총점":"NA",
            "백화점":0,
            "아울렛몰":80,
            "대형마트":0,
            "은행":0,
            "병원":0,
            "종합병원":80,
            "공원":100,
            "혐오시설":0,
            "인프라총점":27.0,
            "초등학군":90.0,
            "중학군":53.1,
            "학군총점":60.48,
            "인구수":29.26,
            "인구증감":-5.22,
            "인구총점":18.916,
            "일자리":19.79,
            "소득수준":68.34,
            "일자리총점":34.355,
            "가치 총점":38.345,
            "매매실거래년":20220125.0,
            "매매실거래가":22000.0,
            "전세실거래년":20210220.0,
            "전세실거래가":15500.0,
            "전세가율":70.45,
            "장기전세가율평균":71.3,
            "전세가율거품지수":0.85,
            "검색코드":103609,
            "세대수":234.0,
            "준공년월":"2008-06-03",
            "준공년차":15.0,
            "가까운역이름":"NA",
            "가까운역거리":"NA",
            "역세권여부":"NA",
            "30분이내주요거점역":"NA",
            "30분거점역이름":"NA",
            "1시간이내주요거점역":"NA",
            "1시간거점역이름":"NA",
            "3km이내백화점수":0,
            "5km이내아울렛몰수":1,
            "1km이내대형먀트수":0,
            "500m이내은행수":0,
            "500m이내병원수":1,
            "5km이내대형병원수":1,
            "500m이내공원수":6,
            "3km이내혐오시설수":0,
            "초등학교학업성취도":90.0,
            "중학교학업성취도":88.5,
            "용적률":143,
            "건폐율":16,
            "Y":34.765082,
            "X":127.700391,
            "rank":44.0,
            "area_info":"34평(113.59), 34평(114.35)",
            "last_sales":"2022-01-25,22000.0,34평(113.59)",
            "rank_history":[
                [
                    "202202",
                    44
                ],
                [
                    "202201",
                    49
                ]
            ],
            "rank_gap":5
        },
        {
            "index":255,
            "아파트명":"경남2단지",
            "투자타입":"재건축",
            "전용면적(m2)":"64.28",
            "전용면적(평)":"19평",
            "법정동주소":"전라남도 여수시 여서동 43-3",
            "도로명주소":"전라남도 여수시 장군산길 10",
            "세대수":50,
            "입주년차":"--",
            "용적률점수":0,
            "건폐율점수":0,
            "세대당주차수":"--",
            "난방방식":"--",
            "공급면적":50,
            "전용률":60,
            "욕실수":"--",
            "현관타입":"--",
            "주거총점":20.5,
            "지역구공급총점":0.0,
            "역세권":"NA",
            "30분내 이동가능 거점":"NA",
            "1시간내 이동가능 거점":"NA",
            "교통총점":"NA",
            "백화점":0,
            "아울렛몰":80,
            "대형마트":80,
            "은행":20,
            "병원":30,
            "종합병원":80,
            "공원":100,
            "혐오시설":0,
            "인프라총점":44.0,
            "초등학군":90.0,
            "중학군":44.94,
            "학군총점":53.952,
            "인구수":29.26,
            "인구증감":-5.22,
            "인구총점":18.916,
            "일자리":19.79,
            "소득수준":68.34,
            "일자리총점":34.355,
            "가치 총점":38.263,
            "매매실거래년":20211220.0,
            "매매실거래가":34800.0,
            "전세실거래년":20200924.0,
            "전세실거래가":8500.0,
            "전세가율":73.91,
            "장기전세가율평균":71.3,
            "전세가율거품지수":-2.61,
            "검색코드":4874,
            "세대수":660.0,
            "준공년월":"1992-02-22",
            "준공년차":31.0,
            "가까운역이름":"NA",
            "가까운역거리":"NA",
            "역세권여부":"NA",
            "30분이내주요거점역":"NA",
            "30분거점역이름":"NA",
            "1시간이내주요거점역":"NA",
            "1시간거점역이름":"NA",
            "3km이내백화점수":0,
            "5km이내아울렛몰수":1,
            "1km이내대형먀트수":1,
            "500m이내은행수":2,
            "500m이내병원수":9,
            "5km이내대형병원수":1,
            "500m이내공원수":4,
            "3km이내혐오시설수":0,
            "초등학교학업성취도":90.0,
            "중학교학업성취도":74.9,
            "용적률":0,
            "건폐율":0,
            "Y":34.75438,
            "X":127.711353,
            "rank":45.0,
            "area_info":"19평(64.28), 25평(84.17), 28평(94.93), 32평(107.03), 32평(107.26), 53평(177.45)",
            "last_sales":"2021-12-20,34800.0,53평(177.45)",
            "rank_history":[
                [
                    "202202",
                    45
                ],
                [
                    "202201",
                    55
                ]
            ],
            "rank_gap":10
        },
        {
            "index":79,
            "아파트명":"라온유",
            "투자타입":"일반",
            "전용면적(m2)":"94.39",
            "전용면적(평)":"28평",
            "법정동주소":"전라남도 여수시 둔덕동 266",
            "도로명주소":"전라남도 여수시 상암로 16",
            "세대수":80,
            "입주년차":40,
            "용적률점수":"--",
            "건폐율점수":"--",
            "세대당주차수":30,
            "난방방식":30,
            "공급면적":"--",
            "전용률":"--",
            "욕실수":100,
            "현관타입":100,
            "주거총점":63.5,
            "지역구공급총점":0.0,
            "역세권":"NA",
            "30분내 이동가능 거점":"NA",
            "1시간내 이동가능 거점":"NA",
            "교통총점":"NA",
            "백화점":0,
            "아울렛몰":0,
            "대형마트":0,
            "은행":0,
            "병원":10,
            "종합병원":0,
            "공원":0,
            "혐오시설":0,
            "인프라총점":1.0,
            "초등학군":89.98,
            "중학군":55.24,
            "학군총점":62.188,
            "인구수":29.26,
            "인구증감":-5.22,
            "인구총점":18.916,
            "일자리":19.79,
            "소득수준":68.34,
            "일자리총점":34.355,
            "가치 총점":38.172,
            "매매실거래년":20220114.0,
            "매매실거래가":26000.0,
            "전세실거래년":20211130.0,
            "전세실거래가":19000.0,
            "전세가율":78.19,
            "장기전세가율평균":71.3,
            "전세가율거품지수":-6.89,
            "검색코드":102103,
            "세대수":810.0,
            "준공년월":"2006-05-30",
            "준공년차":17.0,
            "가까운역이름":"NA",
            "가까운역거리":"NA",
            "역세권여부":"NA",
            "30분이내주요거점역":"NA",
            "30분거점역이름":"NA",
            "1시간이내주요거점역":"NA",
            "1시간거점역이름":"NA",
            "3km이내백화점수":0,
            "5km이내아울렛몰수":0,
            "1km이내대형먀트수":0,
            "500m이내은행수":0,
            "500m이내병원수":2,
            "5km이내대형병원수":0,
            "500m이내공원수":0,
            "3km이내혐오시설수":0,
            "초등학교학업성취도":89.98,
            "중학교학업성취도":91.2,
            "용적률":215,
            "건폐율":19,
            "Y":34.783806,
            "X":127.696915,
            "rank":46.0,
            "area_info":"28평(94.39), 33평(109.18), 43평(143.94)",
            "last_sales":"2022-01-14,26000.0,33평(109.18)",
            "rank_history":[
                [
                    "202202",
                    46
                ],
                [
                    "202201",
                    23
                ]
            ],
            "rank_gap":-23
        },
        {
            "index":12,
            "아파트명":"경남",
            "투자타입":"일반",
            "전용면적(m2)":"63.39",
            "전용면적(평)":"19평",
            "법정동주소":"전라남도 여수시 국동 1104",
            "도로명주소":"전라남도 여수시 구봉길 29",
            "세대수":30,
            "입주년차":0,
            "용적률점수":"--",
            "건폐율점수":"--",
            "세대당주차수":0,
            "난방방식":30,
            "공급면적":"--",
            "전용률":"--",
            "욕실수":50,
            "현관타입":100,
            "주거총점":28.5,
            "지역구공급총점":0.0,
            "역세권":"NA",
            "30분내 이동가능 거점":"NA",
            "1시간내 이동가능 거점":"NA",
            "교통총점":"NA",
            "백화점":0,
            "아울렛몰":80,
            "대형마트":80,
            "은행":0,
            "병원":10,
            "종합병원":80,
            "공원":100,
            "혐오시설":0,
            "인프라총점":40.0,
            "초등학군":90.0,
            "중학군":37.98,
            "학군총점":48.384,
            "인구수":29.26,
            "인구증감":-5.22,
            "인구총점":18.916,
            "일자리":19.79,
            "소득수준":68.34,
            "일자리총점":34.355,
            "가치 총점":38.071,
            "매매실거래년":20220111.0,
            "매매실거래가":9000.0,
            "전세실거래년":20210703.0,
            "전세실거래가":7000.0,
            "전세가율":77.78,
            "장기전세가율평균":71.3,
            "전세가율거품지수":-6.48,
            "검색코드":4774,
            "세대수":357.0,
            "준공년월":"1996-02-17",
            "준공년차":27.0,
            "가까운역이름":"NA",
            "가까운역거리":"NA",
            "역세권여부":"NA",
            "30분이내주요거점역":"NA",
            "30분거점역이름":"NA",
            "1시간이내주요거점역":"NA",
            "1시간거점역이름":"NA",
            "3km이내백화점수":0,
            "5km이내아울렛몰수":1,
            "1km이내대형먀트수":1,
            "500m이내은행수":0,
            "500m이내병원수":2,
            "5km이내대형병원수":1,
            "500m이내공원수":2,
            "3km이내혐오시설수":0,
            "초등학교학업성취도":90.0,
            "중학교학업성취도":63.3,
            "용적률":111,
            "건폐율":26,
            "Y":34.730499,
            "X":127.711075,
            "rank":47.0,
            "area_info":"19평(63.39), 22평(73.27)",
            "last_sales":"2022-01-11,9000.0,19평(63.39)",
            "rank_history":[
                [
                    "202202",
                    47
                ],
                [
                    "202201",
                    82
                ]
            ],
            "rank_gap":35
        },
        {
            "index":138,
            "아파트명":"해태동백타운",
            "투자타입":"일반",
            "전용면적(m2)":"76.0",
            "전용면적(평)":"22평",
            "법정동주소":"전라남도 여수시 봉강동 471",
            "도로명주소":"전라남도 여수시 봉강서1길 38",
            "세대수":50,
            "입주년차":20,
            "용적률점수":"--",
            "건폐율점수":"--",
            "세대당주차수":0,
            "난방방식":30,
            "공급면적":"--",
            "전용률":"--",
            "욕실수":50,
            "현관타입":100,
            "주거총점":39.5,
            "지역구공급총점":0.0,
            "역세권":"NA",
            "30분내 이동가능 거점":"NA",
            "1시간내 이동가능 거점":"NA",
            "교통총점":"NA",
            "백화점":0,
            "아울렛몰":80,
            "대형마트":0,
            "은행":0,
            "병원":0,
            "종합병원":80,
            "공원":100,
            "혐오시설":0,
            "인프라총점":27.0,
            "초등학군":90.02,
            "중학군":44.1,
            "학군총점":53.284,
            "인구수":29.26,
            "인구증감":-5.22,
            "인구총점":18.916,
            "일자리":19.79,
            "소득수준":68.34,
            "일자리총점":34.355,
            "가치 총점":37.946,
            "매매실거래년":20211226.0,
            "매매실거래가":11000.0,
            "전세실거래년":20211119.0,
            "전세실거래가":9000.0,
            "전세가율":81.82,
            "장기전세가율평균":71.3,
            "전세가율거품지수":-10.52,
            "검색코드":4844,
            "세대수":408.0,
            "준공년월":"2000-04-21",
            "준공년차":23.0,
            "가까운역이름":"NA",
            "가까운역거리":"NA",
            "역세권여부":"NA",
            "30분이내주요거점역":"NA",
            "30분거점역이름":"NA",
            "1시간이내주요거점역":"NA",
            "1시간거점역이름":"NA",
            "3km이내백화점수":0,
            "5km이내아울렛몰수":1,
            "1km이내대형먀트수":0,
            "500m이내은행수":0,
            "500m이내병원수":0,
            "5km이내대형병원수":1,
            "500m이내공원수":6,
            "3km이내혐오시설수":0,
            "초등학교학업성취도":90.02,
            "중학교학업성취도":73.5,
            "용적률":178,
            "건폐율":14,
            "Y":34.74225,
            "X":127.720656,
            "rank":48.0,
            "area_info":"22평(76.0), 32평(107.71), 44평(147.54)",
            "last_sales":"2021-12-26,11000.0,22평(76.0)",
            "rank_history":[
                [
                    "202202",
                    48
                ],
                [
                    "202201",
                    58
                ]
            ],
            "rank_gap":10
        },
        {
            "index":60,
            "아파트명":"엑스포힐스테이트2단지",
            "투자타입":"일반",
            "전용면적(m2)":"70.47",
            "전용면적(평)":"21평",
            "법정동주소":"전라남도 여수시 덕충동 2020",
            "도로명주소":"전라남도 여수시 박람회길 81",
            "세대수":30,
            "입주년차":60,
            "용적률점수":"--",
            "건폐율점수":"--",
            "세대당주차수":0,
            "난방방식":30,
            "공급면적":"--",
            "전용률":"--",
            "욕실수":50,
            "현관타입":100,
            "주거총점":40.5,
            "지역구공급총점":0.0,
            "역세권":"NA",
            "30분내 이동가능 거점":"NA",
            "1시간내 이동가능 거점":"NA",
            "교통총점":"NA",
            "백화점":0,
            "아울렛몰":80,
            "대형마트":0,
            "은행":0,
            "병원":0,
            "종합병원":80,
            "공원":100,
            "혐오시설":0,
            "인프라총점":27.0,
            "초등학군":90.01,
            "중학군":41.76,
            "학군총점":51.41,
            "인구수":29.26,
            "인구증감":-5.22,
            "인구총점":18.916,
            "일자리":19.79,
            "소득수준":68.34,
            "일자리총점":34.355,
            "가치 총점":37.8275,
            "매매실거래년":20200926.0,
            "매매실거래가":32000.0,
            "전세실거래년":null,
            "전세실거래가":null,
            "전세가율":null,
            "장기전세가율평균":71.3,
            "전세가율거품지수":null,
            "검색코드":103496,
            "세대수":362.0,
            "준공년월":"2012-11-21",
            "준공년차":11.0,
            "가까운역이름":"NA",
            "가까운역거리":"NA",
            "역세권여부":"NA",
            "30분이내주요거점역":"NA",
            "30분거점역이름":"NA",
            "1시간이내주요거점역":"NA",
            "1시간거점역이름":"NA",
            "3km이내백화점수":0,
            "5km이내아울렛몰수":1,
            "1km이내대형먀트수":0,
            "500m이내은행수":0,
            "500m이내병원수":1,
            "5km이내대형병원수":1,
            "500m이내공원수":9,
            "3km이내혐오시설수":0,
            "초등학교학업성취도":90.01,
            "중학교학업성취도":69.6,
            "용적률":139,
            "건폐율":19,
            "Y":34.756031,
            "X":127.744203,
            "rank":49.0,
            "area_info":"21평(70.47), 21평(70.47), 24평(81.75), 24평(81.78), 24평(81.53), 24평(81.78), 35평(116.06), 35평(116.92), 35평(116.92)",
            "last_sales":"2020-09-26,32000.0,35평(116.92)",
            "rank_history":[
                [
                    "202202",
                    49
                ],
                [
                    "202201",
                    60
                ]
            ],
            "rank_gap":11
        },
        {
            "index":206,
            "아파트명":"신기부영3단지",
            "투자타입":"재건축",
            "전용면적(m2)":"81.55",
            "전용면적(평)":"24평",
            "법정동주소":"전라남도 여수시 신기동 137",
            "도로명주소":"전라남도 여수시 선소로 72-13",
            "세대수":90,
            "입주년차":"--",
            "용적률점수":0,
            "건폐율점수":0,
            "세대당주차수":"--",
            "난방방식":"--",
            "공급면적":70,
            "전용률":60,
            "욕실수":"--",
            "현관타입":"--",
            "주거총점":33.5,
            "지역구공급총점":0.0,
            "역세권":"NA",
            "30분내 이동가능 거점":"NA",
            "1시간내 이동가능 거점":"NA",
            "교통총점":"NA",
            "백화점":0,
            "아울렛몰":0,
            "대형마트":80,
            "은행":70,
            "병원":60,
            "종합병원":0,
            "공원":100,
            "혐오시설":0,
            "인프라총점":28.0,
            "초등학군":90.0,
            "중학군":51.06,
            "학군총점":58.848,
            "인구수":29.26,
            "인구증감":-5.22,
            "인구총점":18.916,
            "일자리":19.79,
            "소득수준":68.34,
            "일자리총점":34.355,
            "가치 총점":37.637,
            "매매실거래년":20211221.0,
            "매매실거래가":14000.0,
            "전세실거래년":20220128.0,
            "전세실거래가":6362.0,
            "전세가율":45.44,
            "장기전세가율평균":71.3,
            "전세가율거품지수":25.86,
            "검색코드":4855,
            "세대수":1463.0,
            "준공년월":"1989-11-14",
            "준공년차":34.0,
            "가까운역이름":"NA",
            "가까운역거리":"NA",
            "역세권여부":"NA",
            "30분이내주요거점역":"NA",
            "30분거점역이름":"NA",
            "1시간이내주요거점역":"NA",
            "1시간거점역이름":"NA",
            "3km이내백화점수":0,
            "5km이내아울렛몰수":0,
            "1km이내대형먀트수":1,
            "500m이내은행수":3,
            "500m이내병원수":17,
            "5km이내대형병원수":0,
            "500m이내공원수":10,
            "3km이내혐오시설수":0,
            "초등학교학업성취도":90.0,
            "중학교학업성취도":84.9,
            "용적률":0,
            "건폐율":0,
            "Y":34.757588,
            "X":127.668348,
            "rank":50.0,
            "area_info":"24평(81.55), 34평(112.47)",
            "last_sales":"2021-12-21,14000.0,24평(81.55)",
            "rank_history":[
                [
                    "202202",
                    50
                ],
                [
                    "202201",
                    27
                ]
            ],
            "rank_gap":-23
        },
        {
            "index":375,
            "아파트명":"프라임시티(도시형)",
            "투자타입":"일반",
            "전용면적(m2)":"37.84",
            "전용면적(평)":"11평",
            "법정동주소":"전라남도 여수시 학동 39-13",
            "도로명주소":"전라남도 여수시 학동2길 22",
            "세대수":0,
            "입주년차":60,
            "용적률점수":"--",
            "건폐율점수":"--",
            "세대당주차수":0,
            "난방방식":30,
            "공급면적":"--",
            "전용률":"--",
            "욕실수":50,
            "현관타입":100,
            "주거총점":30.0,
            "지역구공급총점":0.0,
            "역세권":"NA",
            "30분내 이동가능 거점":"NA",
            "1시간내 이동가능 거점":"NA",
            "교통총점":"NA",
            "백화점":0,
            "아울렛몰":0,
            "대형마트":80,
            "은행":100,
            "병원":80,
            "종합병원":0,
            "공원":100,
            "혐오시설":0,
            "인프라총점":33.0,
            "초등학군":90.01,
            "중학군":45.52,
            "학군총점":54.418,
            "인구수":29.26,
            "인구증감":-5.22,
            "인구총점":18.916,
            "일자리":19.79,
            "소득수준":68.34,
            "일자리총점":34.355,
            "가치 총점":37.3045,
            "매매실거래년":20210122.0,
            "매매실거래가":12300.0,
            "전세실거래년":20140604.0,
            "전세실거래가":4500.0,
            "전세가율":52.94,
            "장기전세가율평균":71.3,
            "전세가율거품지수":18.36,
            "검색코드":111579,
            "세대수":297.0,
            "준공년월":"2013-12-19",
            "준공년차":10.0,
            "가까운역이름":"NA",
            "가까운역거리":"NA",
            "역세권여부":"NA",
            "30분이내주요거점역":"NA",
            "30분거점역이름":"NA",
            "1시간이내주요거점역":"NA",
            "1시간거점역이름":"NA",
            "3km이내백화점수":0,
            "5km이내아울렛몰수":0,
            "1km이내대형먀트수":1,
            "500m이내은행수":5,
            "500m이내병원수":32,
            "5km이내대형병원수":0,
            "500m이내공원수":6,
            "3km이내혐오시설수":0,
            "초등학교학업성취도":90.01,
            "중학교학업성취도":75.2,
            "용적률":494,
            "건폐율":63,
            "Y":34.765432,
            "X":127.665455,
            "rank":51.0,
            "area_info":"11평(37.84), 11평(37.9), 11평(38.09), 11평(39.2), 11평(39.49), 12평(39.74), 11평(39.59), 11평(39.18), 12평(40.46), 12평(41.62), 15평(49.91), 15평(51.47)",
            "last_sales":"2021-01-22,12300.0,15평(51.47)",
            "rank_history":[
                [
                    "202202",
                    51
                ],
                [
                    "202201",
                    32
                ]
            ],
            "rank_gap":-19
        },
        {
            "index":125,
            "아파트명":"미평주공",
            "투자타입":"재건축",
            "전용면적(m2)":"50.4",
            "전용면적(평)":"15평",
            "법정동주소":"전라남도 여수시 미평동 284",
            "도로명주소":"전라남도 여수시 미평로 77",
            "세대수":90,
            "입주년차":"--",
            "용적률점수":0,
            "건폐율점수":0,
            "세대당주차수":"--",
            "난방방식":"--",
            "공급면적":50,
            "전용률":60,
            "욕실수":"--",
            "현관타입":"--",
            "주거총점":32.5,
            "지역구공급총점":0.0,
            "역세권":"NA",
            "30분내 이동가능 거점":"NA",
            "1시간내 이동가능 거점":"NA",
            "교통총점":"NA",
            "백화점":0,
            "아울렛몰":80,
            "대형마트":0,
            "은행":0,
            "병원":0,
            "종합병원":80,
            "공원":100,
            "혐오시설":0,
            "인프라총점":27.0,
            "초등학군":90.0,
            "중학군":53.1,
            "학군총점":60.48,
            "인구수":29.26,
            "인구증감":-5.22,
            "인구총점":18.916,
            "일자리":19.79,
            "소득수준":68.34,
            "일자리총점":34.355,
            "가치 총점":37.295,
            "매매실거래년":20220117.0,
            "매매실거래가":7300.0,
            "전세실거래년":20220114.0,
            "전세실거래가":3900.0,
            "전세가율":48.75,
            "장기전세가율평균":71.3,
            "전세가율거품지수":22.55,
            "검색코드":4833,
            "세대수":990.0,
            "준공년월":"1992-05-30",
            "준공년차":31.0,
            "가까운역이름":"NA",
            "가까운역거리":"NA",
            "역세권여부":"NA",
            "30분이내주요거점역":"NA",
            "30분거점역이름":"NA",
            "1시간이내주요거점역":"NA",
            "1시간거점역이름":"NA",
            "3km이내백화점수":0,
            "5km이내아울렛몰수":1,
            "1km이내대형먀트수":0,
            "500m이내은행수":0,
            "500m이내병원수":1,
            "5km이내대형병원수":1,
            "500m이내공원수":8,
            "3km이내혐오시설수":0,
            "초등학교학업성취도":90.0,
            "중학교학업성취도":88.5,
            "용적률":0,
            "건폐율":0,
            "Y":34.771026,
            "X":127.709219,
            "rank":52.0,
            "area_info":"15평(50.4), 17평(58.61)",
            "last_sales":"2022-01-17,7300.0,17평(58.61)",
            "rank_history":[
                [
                    "202202",
                    52
                ],
                [
                    "202201",
                    62
                ]
            ],
            "rank_gap":10
        },
        {
            "index":10,
            "아파트명":"광무럭키",
            "투자타입":"재건축",
            "전용면적(m2)":"97.84",
            "전용면적(평)":"29평",
            "법정동주소":"전라남도 여수시 광무동 928-14",
            "도로명주소":"전라남도 여수시 좌수영로 201",
            "세대수":50,
            "입주년차":"--",
            "용적률점수":0,
            "건폐율점수":0,
            "세대당주차수":"--",
            "난방방식":"--",
            "공급면적":70,
            "전용률":80,
            "욕실수":"--",
            "현관타입":"--",
            "주거총점":22.5,
            "지역구공급총점":0.0,
            "역세권":"NA",
            "30분내 이동가능 거점":"NA",
            "1시간내 이동가능 거점":"NA",
            "교통총점":"NA",
            "백화점":0,
            "아울렛몰":80,
            "대형마트":80,
            "은행":0,
            "병원":0,
            "종합병원":80,
            "공원":100,
            "혐오시설":0,
            "인프라총점":39.0,
            "초등학군":89.99,
            "중학군":45.54,
            "학군총점":54.43,
            "인구수":29.26,
            "인구증감":-5.22,
            "인구총점":18.916,
            "일자리":19.79,
            "소득수준":68.34,
            "일자리총점":34.355,
            "가치 총점":37.0825,
            "매매실거래년":20211214.0,
            "매매실거래가":15000.0,
            "전세실거래년":20170708.0,
            "전세실거래가":6500.0,
            "전세가율":66.33,
            "장기전세가율평균":71.3,
            "전세가율거품지수":4.97,
            "검색코드":4772,
            "세대수":400.0,
            "준공년월":"1991-02-26",
            "준공년차":32.0,
            "가까운역이름":"NA",
            "가까운역거리":"NA",
            "역세권여부":"NA",
            "30분이내주요거점역":"NA",
            "30분거점역이름":"NA",
            "1시간이내주요거점역":"NA",
            "1시간거점역이름":"NA",
            "3km이내백화점수":0,
            "5km이내아울렛몰수":1,
            "1km이내대형먀트수":1,
            "500m이내은행수":0,
            "500m이내병원수":0,
            "5km이내대형병원수":1,
            "500m이내공원수":2,
            "3km이내혐오시설수":0,
            "초등학교학업성취도":89.99,
            "중학교학업성취도":75.9,
            "용적률":0,
            "건폐율":0,
            "Y":34.754751,
            "X":127.723279,
            "rank":53.0,
            "area_info":"29평(97.84), 31평(105.64)",
            "last_sales":"2021-12-14,15000.0,31평(105.64)",
            "rank_history":[
                [
                    "202202",
                    53
                ],
                [
                    "202201",
                    64
                ]
            ],
            "rank_gap":11
        },
        {
            "index":363,
            "아파트명":"센트럴파크",
            "투자타입":"일반",
            "전용면적(m2)":"33.28",
            "전용면적(평)":"10평",
            "법정동주소":"전라남도 여수시 학동 175-9",
            "도로명주소":"전라남도 여수시 시청동1길 29",
            "세대수":0,
            "입주년차":80,
            "용적률점수":"--",
            "건폐율점수":"--",
            "세대당주차수":0,
            "난방방식":30,
            "공급면적":"--",
            "전용률":"--",
            "욕실수":50,
            "현관타입":10,
            "주거총점":25.0,
            "지역구공급총점":0.0,
            "역세권":"NA",
            "30분내 이동가능 거점":"NA",
            "1시간내 이동가능 거점":"NA",
            "교통총점":"NA",
            "백화점":0,
            "아울렛몰":0,
            "대형마트":100,
            "은행":100,
            "병원":60,
            "종합병원":0,
            "공원":100,
            "혐오시설":0,
            "인프라총점":34.0,
            "초등학군":90.01,
            "중학군":51.06,
            "학군총점":58.85,
            "인구수":29.26,
            "인구증감":-5.22,
            "인구총점":18.916,
            "일자리":19.79,
            "소득수준":68.34,
            "일자리총점":34.355,
            "가치 총점":37.0625,
            "매매실거래년":20220107.0,
            "매매실거래가":9500.0,
            "전세실거래년":20140714.0,
            "전세실거래가":4500.0,
            "전세가율":47.37,
            "장기전세가율평균":71.3,
            "전세가율거품지수":23.93,
            "검색코드":114225,
            "세대수":208.0,
            "준공년월":"2014-03-24",
            "준공년차":9.0,
            "가까운역이름":"NA",
            "가까운역거리":"NA",
            "역세권여부":"NA",
            "30분이내주요거점역":"NA",
            "30분거점역이름":"NA",
            "1시간이내주요거점역":"NA",
            "1시간거점역이름":"NA",
            "3km이내백화점수":0,
            "5km이내아울렛몰수":0,
            "1km이내대형먀트수":2,
            "500m이내은행수":6,
            "500m이내병원수":18,
            "5km이내대형병원수":0,
            "500m이내공원수":8,
            "3km이내혐오시설수":0,
            "초등학교학업성취도":90.01,
            "중학교학업성취도":84.9,
            "용적률":710,
            "건폐율":73,
            "Y":34.758385,
            "X":127.66308,
            "rank":54.0,
            "area_info":"10평(33.28), 10평(33.72), 10평(34.18), 11평(36.96), 11평(37.41), 12평(41.56), 12평(42.72), 18평(60.28)",
            "last_sales":"2022-01-07,9500.0,10평(33.28)",
            "rank_history":[
                [
                    "202202",
                    54
                ],
                [
                    "202201",
                    33
                ]
            ],
            "rank_gap":-21
        },
        {
            "index":269,
            "아파트명":"여서주공2단지",
            "투자타입":"재건축",
            "전용면적(m2)":"57.57",
            "전용면적(평)":"17평",
            "법정동주소":"전라남도 여수시 여서동 370",
            "도로명주소":"전라남도 여수시 여서2로 40",
            "세대수":50,
            "입주년차":"--",
            "용적률점수":0,
            "건폐율점수":0,
            "세대당주차수":"--",
            "난방방식":"--",
            "공급면적":50,
            "전용률":80,
            "욕실수":"--",
            "현관타입":"--",
            "주거총점":21.5,
            "지역구공급총점":0.0,
            "역세권":"NA",
            "30분내 이동가능 거점":"NA",
            "1시간내 이동가능 거점":"NA",
            "교통총점":"NA",
            "백화점":0,
            "아울렛몰":80,
            "대형마트":0,
            "은행":70,
            "병원":60,
            "종합병원":80,
            "공원":100,
            "혐오시설":0,
            "인프라총점":40.0,
            "초등학군":90.0,
            "중학군":44.94,
            "학군총점":53.952,
            "인구수":29.26,
            "인구증감":-5.22,
            "인구총점":18.916,
            "일자리":19.79,
            "소득수준":68.34,
            "일자리총점":34.355,
            "가치 총점":37.013,
            "매매실거래년":20220111.0,
            "매매실거래가":15000.0,
            "전세실거래년":20211210.0,
            "전세실거래가":10000.0,
            "전세가율":71.43,
            "장기전세가율평균":71.3,
            "전세가율거품지수":-0.13,
            "검색코드":4881,
            "세대수":450.0,
            "준공년월":"1990-04-18",
            "준공년차":33.0,
            "가까운역이름":"NA",
            "가까운역거리":"NA",
            "역세권여부":"NA",
            "30분이내주요거점역":"NA",
            "30분거점역이름":"NA",
            "1시간이내주요거점역":"NA",
            "1시간거점역이름":"NA",
            "3km이내백화점수":0,
            "5km이내아울렛몰수":1,
            "1km이내대형먀트수":0,
            "500m이내은행수":4,
            "500m이내병원수":29,
            "5km이내대형병원수":1,
            "500m이내공원수":8,
            "3km이내혐오시설수":0,
            "초등학교학업성취도":90.0,
            "중학교학업성취도":74.9,
            "용적률":0,
            "건폐율":0,
            "Y":34.751116,
            "X":127.707301,
            "rank":55.0,
            "area_info":"17평(57.57), 17평(57.93)",
            "last_sales":"2022-01-11,15000.0,17평(57.93)",
            "rank_history":[
                [
                    "202202",
                    55
                ],
                [
                    "202201",
                    63
                ]
            ],
            "rank_gap":8
        },
        {
            "index":249,
            "아파트명":"경남",
            "투자타입":"재건축",
            "전용면적(m2)":"73.06",
            "전용면적(평)":"22평",
            "법정동주소":"전라남도 여수시 여서동 43-12",
            "도로명주소":"전라남도 여수시 여서로 304",
            "세대수":50,
            "입주년차":"--",
            "용적률점수":0,
            "건폐율점수":0,
            "세대당주차수":"--",
            "난방방식":"--",
            "공급면적":50,
            "전용률":80,
            "욕실수":"--",
            "현관타입":"--",
            "주거총점":21.5,
            "지역구공급총점":0.0,
            "역세권":"NA",
            "30분내 이동가능 거점":"NA",
            "1시간내 이동가능 거점":"NA",
            "교통총점":"NA",
            "백화점":0,
            "아울렛몰":80,
            "대형마트":80,
            "은행":0,
            "병원":10,
            "종합병원":80,
            "공원":100,
            "혐오시설":0,
            "인프라총점":40.0,
            "초등학군":90.0,
            "중학군":44.94,
            "학군총점":53.952,
            "인구수":29.26,
            "인구증감":-5.22,
            "인구총점":18.916,
            "일자리":19.79,
            "소득수준":68.34,
            "일자리총점":34.355,
            "가치 총점":37.013,
            "매매실거래년":20210903.0,
            "매매실거래가":26300.0,
            "전세실거래년":20150528.0,
            "전세실거래가":6500.0,
            "전세가율":54.17,
            "장기전세가율평균":71.3,
            "전세가율거품지수":17.13,
            "검색코드":4872,
            "세대수":570.0,
            "준공년월":"1989-12-11",
            "준공년차":34.0,
            "가까운역이름":"NA",
            "가까운역거리":"NA",
            "역세권여부":"NA",
            "30분이내주요거점역":"NA",
            "30분거점역이름":"NA",
            "1시간이내주요거점역":"NA",
            "1시간거점역이름":"NA",
            "3km이내백화점수":0,
            "5km이내아울렛몰수":1,
            "1km이내대형먀트수":1,
            "500m이내은행수":1,
            "500m이내병원수":4,
            "5km이내대형병원수":1,
            "500m이내공원수":4,
            "3km이내혐오시설수":0,
            "초등학교학업성취도":90.0,
            "중학교학업성취도":74.9,
            "용적률":0,
            "건폐율":0,
            "Y":34.75339,
            "X":127.711946,
            "rank":55.0,
            "area_info":"22평(73.06), 27평(91.01), 27평(91.39), 31평(103.7), 31평(104.28), 42평(141.75)",
            "last_sales":"2021-09-03,26300.0,42평(141.75)",
            "rank_history":[
                [
                    "202202",
                    55
                ],
                [
                    "202201",
                    63
                ]
            ],
            "rank_gap":8
        },
        {
            "index":19,
            "아파트명":"국동주공2단지",
            "투자타입":"재건축",
            "전용면적(m2)":"41.99",
            "전용면적(평)":"12평",
            "법정동주소":"전라남도 여수시 국동 1010",
            "도로명주소":"전라남도 여수시 신월로 641",
            "세대수":50,
            "입주년차":"--",
            "용적률점수":0,
            "건폐율점수":0,
            "세대당주차수":"--",
            "난방방식":"--",
            "공급면적":50,
            "전용률":100,
            "욕실수":"--",
            "현관타입":"--",
            "주거총점":22.5,
            "지역구공급총점":0.0,
            "역세권":"NA",
            "30분내 이동가능 거점":"NA",
            "1시간내 이동가능 거점":"NA",
            "교통총점":"NA",
            "백화점":0,
            "아울렛몰":80,
            "대형마트":80,
            "은행":0,
            "병원":30,
            "종합병원":80,
            "공원":100,
            "혐오시설":0,
            "인프라총점":42.0,
            "초등학군":90.0,
            "중학군":37.98,
            "학군총점":48.384,
            "인구수":29.26,
            "인구증감":-5.22,
            "인구총점":18.916,
            "일자리":19.79,
            "소득수준":68.34,
            "일자리총점":34.355,
            "가치 총점":36.771,
            "매매실거래년":20211231.0,
            "매매실거래가":13800.0,
            "전세실거래년":20211217.0,
            "전세실거래가":3800.0,
            "전세가율":27.54,
            "장기전세가율평균":71.3,
            "전세가율거품지수":43.76,
            "검색코드":4784,
            "세대수":580.0,
            "준공년월":"1981-08-11",
            "준공년차":42.0,
            "가까운역이름":"NA",
            "가까운역거리":"NA",
            "역세권여부":"NA",
            "30분이내주요거점역":"NA",
            "30분거점역이름":"NA",
            "1시간이내주요거점역":"NA",
            "1시간거점역이름":"NA",
            "3km이내백화점수":0,
            "5km이내아울렛몰수":1,
            "1km이내대형먀트수":1,
            "500m이내은행수":0,
            "500m이내병원수":6,
            "5km이내대형병원수":1,
            "500m이내공원수":6,
            "3km이내혐오시설수":0,
            "초등학교학업성취도":90.0,
            "중학교학업성취도":63.3,
            "용적률":0,
            "건폐율":0,
            "Y":34.729778,
            "X":127.714211,
            "rank":56.0,
            "area_info":"12평(41.99), 12평(42.54), 17평(58.08)",
            "last_sales":"2021-12-31,13800.0,12평(41.99)",
            "rank_history":[
                [
                    "202202",
                    56
                ],
                [
                    "202201",
                    69
                ]
            ],
            "rank_gap":13
        },
        {
            "index":194,
            "아파트명":"주은금호",
            "투자타입":"일반",
            "전용면적(m2)":"91.51",
            "전용면적(평)":"27평",
            "법정동주소":"전라남도 여수시 소호동 423",
            "도로명주소":"전라남도 여수시 소호5길 39",
            "세대수":90,
            "입주년차":20,
            "용적률점수":"--",
            "건폐율점수":"--",
            "세대당주차수":30,
            "난방방식":30,
            "공급면적":"--",
            "전용률":"--",
            "욕실수":100,
            "현관타입":100,
            "주거총점":63.0,
            "지역구공급총점":0.0,
            "역세권":"NA",
            "30분내 이동가능 거점":"NA",
            "1시간내 이동가능 거점":"NA",
            "교통총점":"NA",
            "백화점":0,
            "아울렛몰":0,
            "대형마트":0,
            "은행":0,
            "병원":0,
            "종합병원":0,
            "공원":0,
            "혐오시설":0,
            "인프라총점":0.0,
            "초등학군":89.99,
            "중학군":51.06,
            "학군총점":58.846,
            "인구수":29.26,
            "인구증감":-5.22,
            "인구총점":18.916,
            "일자리":19.79,
            "소득수준":68.34,
            "일자리총점":34.355,
            "가치 총점":36.7615,
            "매매실거래년":20220106.0,
            "매매실거래가":16500.0,
            "전세실거래년":20220127.0,
            "전세실거래가":14000.0,
            "전세가율":83.33,
            "장기전세가율평균":71.3,
            "전세가율거품지수":-12.03,
            "검색코드":107770,
            "세대수":1392.0,
            "준공년월":"2002-09-30",
            "준공년차":21.0,
            "가까운역이름":"NA",
            "가까운역거리":"NA",
            "역세권여부":"NA",
            "30분이내주요거점역":"NA",
            "30분거점역이름":"NA",
            "1시간이내주요거점역":"NA",
            "1시간거점역이름":"NA",
            "3km이내백화점수":0,
            "5km이내아울렛몰수":0,
            "1km이내대형먀트수":0,
            "500m이내은행수":0,
            "500m이내병원수":1,
            "5km이내대형병원수":0,
            "500m이내공원수":0,
            "3km이내혐오시설수":0,
            "초등학교학업성취도":89.99,
            "중학교학업성취도":84.9,
            "용적률":0,
            "건폐율":0,
            "Y":34.743961,
            "X":127.646997,
            "rank":57.0,
            "area_info":"27평(91.51), 31평(104.41)",
            "last_sales":"2022-01-06,16500.0,31평(104.41)",
            "rank_history":[
                [
                    "202202",
                    57
                ],
                [
                    "202201",
                    28
                ]
            ],
            "rank_gap":-29
        },
        {
            "index":287,
            "아파트명":"부영3단지",
            "투자타입":"재건축",
            "전용면적(m2)":"61.3",
            "전용면적(평)":"18평",
            "법정동주소":"전라남도 여수시 오림동 409-2",
            "도로명주소":"전라남도 여수시 장군산길 42",
            "세대수":50,
            "입주년차":"--",
            "용적률점수":0,
            "건폐율점수":0,
            "세대당주차수":"--",
            "난방방식":"--",
            "공급면적":50,
            "전용률":80,
            "욕실수":"--",
            "현관타입":"--",
            "주거총점":21.5,
            "지역구공급총점":0.0,
            "역세권":"NA",
            "30분내 이동가능 거점":"NA",
            "1시간내 이동가능 거점":"NA",
            "교통총점":"NA",
            "백화점":0,
            "아울렛몰":80,
            "대형마트":80,
            "은행":0,
            "병원":0,
            "종합병원":80,
            "공원":100,
            "혐오시설":0,
            "인프라총점":39.0,
            "초등학군":90.0,
            "중학군":44.94,
            "학군총점":53.952,
            "인구수":29.26,
            "인구증감":-5.22,
            "인구총점":18.916,
            "일자리":19.79,
            "소득수준":68.34,
            "일자리총점":34.355,
            "가치 총점":36.613,
            "매매실거래년":20211230.0,
            "매매실거래가":8000.0,
            "전세실거래년":20211004.0,
            "전세실거래가":6500.0,
            "전세가율":81.25,
            "장기전세가율평균":71.3,
            "전세가율거품지수":-9.95,
            "검색코드":4891,
            "세대수":570.0,
            "준공년월":"1987-01-14",
            "준공년차":36.0,
            "가까운역이름":"NA",
            "가까운역거리":"NA",
            "역세권여부":"NA",
            "30분이내주요거점역":"NA",
            "30분거점역이름":"NA",
            "1시간이내주요거점역":"NA",
            "1시간거점역이름":"NA",
            "3km이내백화점수":0,
            "5km이내아울렛몰수":1,
            "1km이내대형먀트수":1,
            "500m이내은행수":0,
            "500m이내병원수":0,
            "5km이내대형병원수":1,
            "500m이내공원수":2,
            "3km이내혐오시설수":0,
            "초등학교학업성취도":90.0,
            "중학교학업성취도":74.9,
            "용적률":0,
            "건폐율":0,
            "Y":34.755652,
            "X":127.715401,
            "rank":58.0,
            "area_info":"18평(61.3), 20평(66.9)",
            "last_sales":"2021-12-30,8000.0,18평(61.3)",
            "rank_history":[
                [
                    "202202",
                    58
                ],
                [
                    "202201",
                    65
                ]
            ],
            "rank_gap":7
        },
        {
            "index":271,
            "아파트명":"여수부영5단지(242)",
            "투자타입":"재건축",
            "전용면적(m2)":"92.66",
            "전용면적(평)":"28평",
            "법정동주소":"전라남도 여수시 여서동 242",
            "도로명주소":"전라남도 여수시 여서동1길 33",
            "세대수":0,
            "입주년차":"--",
            "용적률점수":0,
            "건폐율점수":0,
            "세대당주차수":"--",
            "난방방식":"--",
            "공급면적":70,
            "전용률":60,
            "욕실수":"--",
            "현관타입":"--",
            "주거총점":6.5,
            "지역구공급총점":0.0,
            "역세권":"NA",
            "30분내 이동가능 거점":"NA",
            "1시간내 이동가능 거점":"NA",
            "교통총점":"NA",
            "백화점":0,
            "아울렛몰":80,
            "대형마트":80,
            "은행":70,
            "병원":60,
            "종합병원":80,
            "공원":100,
            "혐오시설":0,
            "인프라총점":52.0,
            "초등학군":90.0,
            "중학군":44.94,
            "학군총점":53.952,
            "인구수":29.26,
            "인구증감":-5.22,
            "인구총점":18.916,
            "일자리":19.79,
            "소득수준":68.34,
            "일자리총점":34.355,
            "가치 총점":36.563,
            "매매실거래년":20220124.0,
            "매매실거래가":11700.0,
            "전세실거래년":null,
            "전세실거래가":null,
            "전세가율":null,
            "장기전세가율평균":71.3,
            "전세가율거품지수":null,
            "검색코드":14938,
            "세대수":166.0,
            "준공년월":"1989-09-09",
            "준공년차":34.0,
            "가까운역이름":"NA",
            "가까운역거리":"NA",
            "역세권여부":"NA",
            "30분이내주요거점역":"NA",
            "30분거점역이름":"NA",
            "1시간이내주요거점역":"NA",
            "1시간거점역이름":"NA",
            "3km이내백화점수":0,
            "5km이내아울렛몰수":1,
            "1km이내대형먀트수":1,
            "500m이내은행수":3,
            "500m이내병원수":29,
            "5km이내대형병원수":1,
            "500m이내공원수":6,
            "3km이내혐오시설수":0,
            "초등학교학업성취도":90.0,
            "중학교학업성취도":74.9,
            "용적률":0,
            "건폐율":0,
            "Y":34.753279,
            "X":127.706998,
            "rank":59.0,
            "area_info":"28평(92.66), 34평(112.77)",
            "last_sales":"2022-01-24,11700.0,34평(112.77)",
            "rank_history":[
                [
                    "202202",
                    59
                ],
                [
                    "202201",
                    67
                ]
            ],
            "rank_gap":8
        },
        {
            "index":273,
            "아파트명":"현대",
            "투자타입":"재건축",
            "전용면적(m2)":"87.03",
            "전용면적(평)":"26평",
            "법정동주소":"전라남도 여수시 여서동 483",
            "도로명주소":"전라남도 여수시 여문2로 191",
            "세대수":0,
            "입주년차":"--",
            "용적률점수":0,
            "건폐율점수":80,
            "세대당주차수":"--",
            "난방방식":"--",
            "공급면적":70,
            "전용률":80,
            "욕실수":"--",
            "현관타입":"--",
            "주거총점":23.5,
            "지역구공급총점":0.0,
            "역세권":"NA",
            "30분내 이동가능 거점":"NA",
            "1시간내 이동가능 거점":"NA",
            "교통총점":"NA",
            "백화점":0,
            "아울렛몰":80,
            "대형마트":0,
            "은행":20,
            "병원":80,
            "종합병원":80,
            "공원":100,
            "혐오시설":0,
            "인프라총점":37.0,
            "초등학군":90.0,
            "중학군":44.94,
            "학군총점":53.952,
            "인구수":29.26,
            "인구증감":-5.22,
            "인구총점":18.916,
            "일자리":19.79,
            "소득수준":68.34,
            "일자리총점":34.355,
            "가치 총점":36.513,
            "매매실거래년":20211124.0,
            "매매실거래가":17600.0,
            "전세실거래년":20140319.0,
            "전세실거래가":5500.0,
            "전세가율":32.35,
            "장기전세가율평균":71.3,
            "전세가율거품지수":38.95,
            "검색코드":14939,
            "세대수":290.0,
            "준공년월":"1991-06-03",
            "준공년차":32.0,
            "가까운역이름":"NA",
            "가까운역거리":"NA",
            "역세권여부":"NA",
            "30분이내주요거점역":"NA",
            "30분거점역이름":"NA",
            "1시간이내주요거점역":"NA",
            "1시간거점역이름":"NA",
            "3km이내백화점수":0,
            "5km이내아울렛몰수":1,
            "1km이내대형먀트수":0,
            "500m이내은행수":2,
            "500m이내병원수":44,
            "5km이내대형병원수":1,
            "500m이내공원수":8,
            "3km이내혐오시설수":0,
            "초등학교학업성취도":90.0,
            "중학교학업성취도":74.9,
            "용적률":270,
            "건폐율":22,
            "Y":34.750098,
            "X":127.703951,
            "rank":60.0,
            "area_info":"26평(87.03), 31평(105.38)",
            "last_sales":"2021-11-24,17600.0,31평(105.38)",
            "rank_history":[
                [
                    "202202",
                    60
                ],
                [
                    "202201",
                    66
                ]
            ],
            "rank_gap":6
        },
        {
            "index":289,
            "아파트명":"신영웅천지웰3차",
            "투자타입":"일반",
            "전용면적(m2)":"110.67",
            "전용면적(평)":"33평",
            "법정동주소":"전라남도 여수시 웅천동 1643",
            "도로명주소":"전라남도 여수시 웅천중앙로 47",
            "세대수":50,
            "입주년차":80,
            "용적률점수":"--",
            "건폐율점수":"--",
            "세대당주차수":30,
            "난방방식":30,
            "공급면적":"--",
            "전용률":"--",
            "욕실수":100,
            "현관타입":100,
            "주거총점":61.0,
            "지역구공급총점":0.0,
            "역세권":"NA",
            "30분내 이동가능 거점":"NA",
            "1시간내 이동가능 거점":"NA",
            "교통총점":"NA",
            "백화점":0,
            "아울렛몰":0,
            "대형마트":0,
            "은행":0,
            "병원":10,
            "종합병원":0,
            "공원":0,
            "혐오시설":0,
            "인프라총점":1.0,
            "초등학군":89.99,
            "중학군":51.06,
            "학군총점":58.846,
            "인구수":29.26,
            "인구증감":-5.22,
            "인구총점":18.916,
            "일자리":19.79,
            "소득수준":68.34,
            "일자리총점":34.355,
            "가치 총점":36.4615,
            "매매실거래년":20220122.0,
            "매매실거래가":50500.0,
            "전세실거래년":20220115.0,
            "전세실거래가":28000.0,
            "전세가율":55.45,
            "장기전세가율평균":71.3,
            "전세가율거품지수":15.85,
            "검색코드":104819,
            "세대수":672.0,
            "준공년월":"2014-10-28",
            "준공년차":9.0,
            "가까운역이름":"NA",
            "가까운역거리":"NA",
            "역세권여부":"NA",
            "30분이내주요거점역":"NA",
            "30분거점역이름":"NA",
            "1시간이내주요거점역":"NA",
            "1시간거점역이름":"NA",
            "3km이내백화점수":0,
            "5km이내아울렛몰수":0,
            "1km이내대형먀트수":0,
            "500m이내은행수":0,
            "500m이내병원수":2,
            "5km이내대형병원수":0,
            "500m이내공원수":0,
            "3km이내혐오시설수":0,
            "초등학교학업성취도":89.99,
            "중학교학업성취도":84.9,
            "용적률":218,
            "건폐율":17,
            "Y":34.750396,
            "X":127.672353,
            "rank":61.0,
            "area_info":"33평(110.67), 33평(112.13), 33평(112.01), 39평(131.51), 39평(132.09)",
            "last_sales":"2022-01-22,50500.0,33평(110.67)",
            "rank_history":[
                [
                    "202202",
                    61
                ],
                [
                    "202201",
                    30
                ]
            ],
            "rank_gap":-31
        },
        {
            "index":31,
            "아파트명":"대주",
            "투자타입":"일반",
            "전용면적(m2)":"74.07",
            "전용면적(평)":"22평",
            "법정동주소":"전라남도 여수시 국동 543",
            "도로명주소":"전라남도 여수시 신월로 686",
            "세대수":0,
            "입주년차":0,
            "용적률점수":"--",
            "건폐율점수":"--",
            "세대당주차수":0,
            "난방방식":30,
            "공급면적":"--",
            "전용률":"--",
            "욕실수":50,
            "현관타입":100,
            "주거총점":18.0,
            "지역구공급총점":0.0,
            "역세권":"NA",
            "30분내 이동가능 거점":"NA",
            "1시간내 이동가능 거점":"NA",
            "교통총점":"NA",
            "백화점":0,
            "아울렛몰":80,
            "대형마트":80,
            "은행":0,
            "병원":60,
            "종합병원":80,
            "공원":100,
            "혐오시설":0,
            "인프라총점":45.0,
            "초등학군":90.01,
            "중학군":37.98,
            "학군총점":48.386,
            "인구수":29.26,
            "인구증감":-5.22,
            "인구총점":18.916,
            "일자리":19.79,
            "소득수준":68.34,
            "일자리총점":34.355,
            "가치 총점":36.3965,
            "매매실거래년":20210617.0,
            "매매실거래가":25900.0,
            "전세실거래년":null,
            "전세실거래가":null,
            "전세가율":null,
            "장기전세가율평균":71.3,
            "전세가율거품지수":null,
            "검색코드":4779,
            "세대수":252.0,
            "준공년월":"1994-04-08",
            "준공년차":29.0,
            "가까운역이름":"NA",
            "가까운역거리":"NA",
            "역세권여부":"NA",
            "30분이내주요거점역":"NA",
            "30분거점역이름":"NA",
            "1시간이내주요거점역":"NA",
            "1시간거점역이름":"NA",
            "3km이내백화점수":0,
            "5km이내아울렛몰수":1,
            "1km이내대형먀트수":1,
            "500m이내은행수":0,
            "500m이내병원수":18,
            "5km이내대형병원수":1,
            "500m이내공원수":12,
            "3km이내혐오시설수":0,
            "초등학교학업성취도":90.01,
            "중학교학업성취도":63.3,
            "용적률":0,
            "건폐율":0,
            "Y":34.731924,
            "X":127.718889,
            "rank":62.0,
            "area_info":"22평(74.07), 22평(75.62), 31평(102.65), 31평(105.23)",
            "last_sales":"2021-06-17,25900.0,31평(105.23)",
            "rank_history":[
                [
                    "202202",
                    62
                ],
                [
                    "202201",
                    68
                ]
            ],
            "rank_gap":6
        },
        {
            "index":35,
            "아파트명":"라인2차",
            "투자타입":"일반",
            "전용면적(m2)":"81.07",
            "전용면적(평)":"24평",
            "법정동주소":"전라남도 여수시 국동 864-7",
            "도로명주소":"전라남도 여수시 구봉길 75",
            "세대수":30,
            "입주년차":0,
            "용적률점수":"--",
            "건폐율점수":"--",
            "세대당주차수":0,
            "난방방식":30,
            "공급면적":"--",
            "전용률":"--",
            "욕실수":100,
            "현관타입":10,
            "주거총점":24.5,
            "지역구공급총점":0.0,
            "역세권":"NA",
            "30분내 이동가능 거점":"NA",
            "1시간내 이동가능 거점":"NA",
            "교통총점":"NA",
            "백화점":0,
            "아울렛몰":80,
            "대형마트":80,
            "은행":0,
            "병원":0,
            "종합병원":80,
            "공원":100,
            "혐오시설":0,
            "인프라총점":39.0,
            "초등학군":90.0,
            "중학군":37.98,
            "학군총점":48.384,
            "인구수":29.26,
            "인구증감":-5.22,
            "인구총점":18.916,
            "일자리":19.79,
            "소득수준":68.34,
            "일자리총점":34.355,
            "가치 총점":36.271,
            "매매실거래년":20211123.0,
            "매매실거래가":9300.0,
            "전세실거래년":20211221.0,
            "전세실거래가":9000.0,
            "전세가율":96.77,
            "장기전세가율평균":71.3,
            "전세가율거품지수":-25.47,
            "검색코드":16898,
            "세대수":374.0,
            "준공년월":"1997-03-10",
            "준공년차":26.0,
            "가까운역이름":"NA",
            "가까운역거리":"NA",
            "역세권여부":"NA",
            "30분이내주요거점역":"NA",
            "30분거점역이름":"NA",
            "1시간이내주요거점역":"NA",
            "1시간거점역이름":"NA",
            "3km이내백화점수":0,
            "5km이내아울렛몰수":1,
            "1km이내대형먀트수":1,
            "500m이내은행수":0,
            "500m이내병원수":1,
            "5km이내대형병원수":1,
            "500m이내공원수":10,
            "3km이내혐오시설수":0,
            "초등학교학업성취도":90.0,
            "중학교학업성취도":63.3,
            "용적률":0,
            "건폐율":0,
            "Y":34.733486,
            "X":127.712474,
            "rank":63.0,
            "area_info":"24평(81.07)",
            "last_sales":"2021-11-23,9300.0,24평(81.07)",
            "rank_history":[
                [
                    "202202",
                    63
                ],
                [
                    "202201",
                    90
                ]
            ],
            "rank_gap":27
        },
        {
            "index":298,
            "아파트명":"여수웅천지웰2차",
            "투자타입":"일반",
            "전용면적(m2)":"110.34",
            "전용면적(평)":"33평",
            "법정동주소":"전라남도 여수시 웅천동 1642",
            "도로명주소":"전라남도 여수시 웅천중앙로 33",
            "세대수":50,
            "입주년차":60,
            "용적률점수":"--",
            "건폐율점수":"--",
            "세대당주차수":30,
            "난방방식":30,
            "공급면적":"--",
            "전용률":"--",
            "욕실수":100,
            "현관타입":100,
            "주거총점":57.0,
            "지역구공급총점":0.0,
            "역세권":"NA",
            "30분내 이동가능 거점":"NA",
            "1시간내 이동가능 거점":"NA",
            "교통총점":"NA",
            "백화점":0,
            "아울렛몰":0,
            "대형마트":0,
            "은행":0,
            "병원":10,
            "종합병원":0,
            "공원":100,
            "혐오시설":0,
            "인프라총점":4.0,
            "초등학군":89.99,
            "중학군":51.06,
            "학군총점":58.846,
            "인구수":29.26,
            "인구증감":-5.22,
            "인구총점":18.916,
            "일자리":19.79,
            "소득수준":68.34,
            "일자리총점":34.355,
            "가치 총점":36.2615,
            "매매실거래년":20211206.0,
            "매매실거래가":45000.0,
            "전세실거래년":20211204.0,
            "전세실거래가":29000.0,
            "전세가율":60.42,
            "장기전세가율평균":71.3,
            "전세가율거품지수":10.88,
            "검색코드":103596,
            "세대수":614.0,
            "준공년월":"2013-11-28",
            "준공년차":10.0,
            "가까운역이름":"NA",
            "가까운역거리":"NA",
            "역세권여부":"NA",
            "30분이내주요거점역":"NA",
            "30분거점역이름":"NA",
            "1시간이내주요거점역":"NA",
            "1시간거점역이름":"NA",
            "3km이내백화점수":0,
            "5km이내아울렛몰수":0,
            "1km이내대형먀트수":0,
            "500m이내은행수":0,
            "500m이내병원수":2,
            "5km이내대형병원수":0,
            "500m이내공원수":2,
            "3km이내혐오시설수":0,
            "초등학교학업성취도":89.99,
            "중학교학업성취도":84.9,
            "용적률":217,
            "건폐율":17,
            "Y":34.750228,
            "X":127.6703,
            "rank":64.0,
            "area_info":"33평(110.34), 33평(110.56), 33평(111.42), 33평(111.83), 43평(145.37)",
            "last_sales":"2021-12-06,45000.0,33평(111.83)",
            "rank_history":[
                [
                    "202202",
                    64
                ],
                [
                    "202201",
                    31
                ]
            ],
            "rank_gap":-33
        },
        {
            "index":349,
            "아파트명":"동양엔파트",
            "투자타입":"일반",
            "전용면적(m2)":"80.89",
            "전용면적(평)":"24평",
            "법정동주소":"전라남도 여수시 율촌면 월산리 1501-1",
            "도로명주소":"전라남도 여수시 여순로 1038",
            "세대수":30,
            "입주년차":60,
            "용적률점수":"--",
            "건폐율점수":"--",
            "세대당주차수":30,
            "난방방식":30,
            "공급면적":"--",
            "전용률":"--",
            "욕실수":100,
            "현관타입":100,
            "주거총점":50.0,
            "지역구공급총점":0.0,
            "역세권":"NA",
            "30분내 이동가능 거점":"NA",
            "1시간내 이동가능 거점":"NA",
            "교통총점":"NA",
            "백화점":0,
            "아울렛몰":0,
            "대형마트":80,
            "은행":0,
            "병원":0,
            "종합병원":0,
            "공원":100,
            "혐오시설":0,
            "인프라총점":15.0,
            "초등학군":90.0,
            "중학군":36.72,
            "학군총점":47.376,
            "인구수":29.26,
            "인구증감":-5.22,
            "인구총점":18.916,
            "일자리":19.79,
            "소득수준":68.34,
            "일자리총점":34.355,
            "가치 총점":35.344,
            "매매실거래년":20220114.0,
            "매매실거래가":13500.0,
            "전세실거래년":20210315.0,
            "전세실거래가":6825.0,
            "전세가율":58.33,
            "장기전세가율평균":71.3,
            "전세가율거품지수":12.97,
            "검색코드":103200,
            "세대수":357.0,
            "준공년월":"2011-07-14",
            "준공년차":12.0,
            "가까운역이름":"NA",
            "가까운역거리":"NA",
            "역세권여부":"NA",
            "30분이내주요거점역":"NA",
            "30분거점역이름":"NA",
            "1시간이내주요거점역":"NA",
            "1시간거점역이름":"NA",
            "3km이내백화점수":0,
            "5km이내아울렛몰수":0,
            "1km이내대형먀트수":1,
            "500m이내은행수":0,
            "500m이내병원수":0,
            "5km이내대형병원수":0,
            "500m이내공원수":2,
            "3km이내혐오시설수":0,
            "초등학교학업성취도":90.0,
            "중학교학업성취도":61.2,
            "용적률":217,
            "건폐율":17,
            "Y":34.882985,
            "X":127.570351,
            "rank":65.0,
            "area_info":"24평(80.89), 34평(114.94)",
            "last_sales":"2022-01-14,13500.0,34평(114.94)",
            "rank_history":[
                [
                    "202202",
                    65
                ],
                [
                    "202201",
                    74
                ]
            ],
            "rank_gap":9
        },
        {
            "index":0,
            "아파트명":"시영(고소)",
            "투자타입":"재건축",
            "전용면적(m2)":"57.92",
            "전용면적(평)":"17평",
            "법정동주소":"전라남도 여수시 고소동 51",
            "도로명주소":"전라남도 여수시 고소5길 71",
            "세대수":0,
            "입주년차":"--",
            "용적률점수":60,
            "건폐율점수":0,
            "세대당주차수":"--",
            "난방방식":"--",
            "공급면적":50,
            "전용률":80,
            "욕실수":"--",
            "현관타입":"--",
            "주거총점":30.5,
            "지역구공급총점":0.0,
            "역세권":"NA",
            "30분내 이동가능 거점":"NA",
            "1시간내 이동가능 거점":"NA",
            "교통총점":"NA",
            "백화점":0,
            "아울렛몰":80,
            "대형마트":0,
            "은행":0,
            "병원":10,
            "종합병원":80,
            "공원":100,
            "혐오시설":0,
            "인프라총점":28.0,
            "초등학군":90.01,
            "중학군":44.28,
            "학군총점":53.426,
            "인구수":29.26,
            "인구증감":-5.22,
            "인구총점":18.916,
            "일자리":19.79,
            "소득수준":68.34,
            "일자리총점":34.355,
            "가치 총점":35.2315,
            "매매실거래년":20211126.0,
            "매매실거래가":11800.0,
            "전세실거래년":20211109.0,
            "전세실거래가":9000.0,
            "전세가율":76.27,
            "장기전세가율평균":71.3,
            "전세가율거품지수":-4.97,
            "검색코드":4768,
            "세대수":130.0,
            "준공년월":"1992-02-29",
            "준공년차":31.0,
            "가까운역이름":"NA",
            "가까운역거리":"NA",
            "역세권여부":"NA",
            "30분이내주요거점역":"NA",
            "30분거점역이름":"NA",
            "1시간이내주요거점역":"NA",
            "1시간거점역이름":"NA",
            "3km이내백화점수":0,
            "5km이내아울렛몰수":1,
            "1km이내대형먀트수":0,
            "500m이내은행수":0,
            "500m이내병원수":4,
            "5km이내대형병원수":1,
            "500m이내공원수":2,
            "3km이내혐오시설수":0,
            "초등학교학업성취도":90.01,
            "중학교학업성취도":73.8,
            "용적률":198,
            "건폐율":40,
            "Y":34.738972,
            "X":127.742781,
            "rank":66.0,
            "area_info":"17평(57.92), 17평(58.29)",
            "last_sales":"2021-11-26,11800.0,17평(57.92)",
            "rank_history":[
                [
                    "202202",
                    66
                ],
                [
                    "202201",
                    73
                ]
            ],
            "rank_gap":7
        },
        {
            "index":235,
            "아파트명":"신월대주",
            "투자타입":"일반",
            "전용면적(m2)":"90.26",
            "전용면적(평)":"27평",
            "법정동주소":"전라남도 여수시 신월동 1-4",
            "도로명주소":"전라남도 여수시 신월2길 35",
            "세대수":0,
            "입주년차":0,
            "용적률점수":"--",
            "건폐율점수":"--",
            "세대당주차수":0,
            "난방방식":30,
            "공급면적":"--",
            "전용률":"--",
            "욕실수":100,
            "현관타입":100,
            "주거총점":23.0,
            "지역구공급총점":0.0,
            "역세권":"NA",
            "30분내 이동가능 거점":"NA",
            "1시간내 이동가능 거점":"NA",
            "교통총점":"NA",
            "백화점":0,
            "아울렛몰":80,
            "대형마트":80,
            "은행":0,
            "병원":10,
            "종합병원":80,
            "공원":0,
            "혐오시설":0,
            "인프라총점":37.0,
            "초등학군":90.0,
            "중학군":37.98,
            "학군총점":48.384,
            "인구수":29.26,
            "인구증감":-5.22,
            "인구총점":18.916,
            "일자리":19.79,
            "소득수준":68.34,
            "일자리총점":34.355,
            "가치 총점":34.946,
            "매매실거래년":20211227.0,
            "매매실거래가":18500.0,
            "전세실거래년":20211206.0,
            "전세실거래가":12000.0,
            "전세가율":64.86,
            "장기전세가율평균":71.3,
            "전세가율거품지수":6.44,
            "검색코드":4867,
            "세대수":292.0,
            "준공년월":"1993-10-08",
            "준공년차":30.0,
            "가까운역이름":"NA",
            "가까운역거리":"NA",
            "역세권여부":"NA",
            "30분이내주요거점역":"NA",
            "30분거점역이름":"NA",
            "1시간이내주요거점역":"NA",
            "1시간거점역이름":"NA",
            "3km이내백화점수":0,
            "5km이내아울렛몰수":1,
            "1km이내대형먀트수":1,
            "500m이내은행수":0,
            "500m이내병원수":2,
            "5km이내대형병원수":1,
            "500m이내공원수":0,
            "3km이내혐오시설수":0,
            "초등학교학업성취도":90.0,
            "중학교학업성취도":63.3,
            "용적률":0,
            "건폐율":0,
            "Y":34.728311,
            "X":127.712339,
            "rank":67.0,
            "area_info":"27평(90.26), 30평(102.38), 41평(137.34)",
            "last_sales":"2021-12-27,18500.0,27평(90.26)",
            "rank_history":[
                [
                    "202202",
                    67
                ],
                [
                    "202201",
                    75
                ]
            ],
            "rank_gap":8
        },
        {
            "index":243,
            "아파트명":"안산부영2차",
            "투자타입":"재건축",
            "전용면적(m2)":"66.3",
            "전용면적(평)":"20평",
            "법정동주소":"전라남도 여수시 안산동 441-1",
            "도로명주소":"전라남도 여수시 소호로 649",
            "세대수":80,
            "입주년차":"--",
            "용적률점수":0,
            "건폐율점수":0,
            "세대당주차수":"--",
            "난방방식":"--",
            "공급면적":50,
            "전용률":60,
            "욕실수":"--",
            "현관타입":"--",
            "주거총점":29.5,
            "지역구공급총점":0.0,
            "역세권":"NA",
            "30분내 이동가능 거점":"NA",
            "1시간내 이동가능 거점":"NA",
            "교통총점":"NA",
            "백화점":0,
            "아울렛몰":0,
            "대형마트":100,
            "은행":0,
            "병원":60,
            "종합병원":0,
            "공원":100,
            "혐오시설":0,
            "인프라총점":24.0,
            "초등학군":90.0,
            "중학군":51.06,
            "학군총점":58.848,
            "인구수":29.26,
            "인구증감":-5.22,
            "인구총점":18.916,
            "일자리":19.79,
            "소득수준":68.34,
            "일자리총점":34.355,
            "가치 총점":34.637,
            "매매실거래년":20220121.0,
            "매매실거래가":12500.0,
            "전세실거래년":20220117.0,
            "전세실거래가":5281.0,
            "전세가율":42.25,
            "장기전세가율평균":71.3,
            "전세가율거품지수":29.05,
            "검색코드":16913,
            "세대수":876.0,
            "준공년월":"1988-12-08",
            "준공년차":35.0,
            "가까운역이름":"NA",
            "가까운역거리":"NA",
            "역세권여부":"NA",
            "30분이내주요거점역":"NA",
            "30분거점역이름":"NA",
            "1시간이내주요거점역":"NA",
            "1시간거점역이름":"NA",
            "3km이내백화점수":0,
            "5km이내아울렛몰수":0,
            "1km이내대형먀트수":2,
            "500m이내은행수":0,
            "500m이내병원수":14,
            "5km이내대형병원수":0,
            "500m이내공원수":6,
            "3km이내혐오시설수":0,
            "초등학교학업성취도":90.0,
            "중학교학업성취도":84.9,
            "용적률":0,
            "건폐율":0,
            "Y":34.76031,
            "X":127.655033,
            "rank":68.0,
            "area_info":"20평(66.3), 24평(79.75), 33평(110.02)",
            "last_sales":"2022-01-21,12500.0,20평(66.3)",
            "rank_history":[
                [
                    "202202",
                    68
                ],
                [
                    "202201",
                    48
                ]
            ],
            "rank_gap":-20
        },
        {
            "index":387,
            "아파트명":"무선주공",
            "투자타입":"일반",
            "전용면적(m2)":"78.98",
            "전용면적(평)":"23평",
            "법정동주소":"전라남도 여수시 화장동 740",
            "도로명주소":"전라남도 여수시 무선2길 39",
            "세대수":80,
            "입주년차":0,
            "용적률점수":"--",
            "건폐율점수":"--",
            "세대당주차수":0,
            "난방방식":30,
            "공급면적":"--",
            "전용률":"--",
            "욕실수":50,
            "현관타입":10,
            "주거총점":37.0,
            "지역구공급총점":0.0,
            "역세권":"NA",
            "30분내 이동가능 거점":"NA",
            "1시간내 이동가능 거점":"NA",
            "교통총점":"NA",
            "백화점":0,
            "아울렛몰":0,
            "대형마트":80,
            "은행":0,
            "병원":30,
            "종합병원":0,
            "공원":100,
            "혐오시설":0,
            "인프라총점":18.0,
            "초등학군":89.99,
            "중학군":49.62,
            "학군총점":57.694,
            "인구수":29.26,
            "인구증감":-5.22,
            "인구총점":18.916,
            "일자리":19.79,
            "소득수준":68.34,
            "일자리총점":34.355,
            "가치 총점":34.5735,
            "매매실거래년":20220126.0,
            "매매실거래가":12500.0,
            "전세실거래년":20220105.0,
            "전세실거래가":10000.0,
            "전세가율":80.0,
            "장기전세가율평균":71.3,
            "전세가율거품지수":-8.7,
            "검색코드":4899,
            "세대수":742.0,
            "준공년월":"1995-04-18",
            "준공년차":28.0,
            "가까운역이름":"NA",
            "가까운역거리":"NA",
            "역세권여부":"NA",
            "30분이내주요거점역":"NA",
            "30분거점역이름":"NA",
            "1시간이내주요거점역":"NA",
            "1시간거점역이름":"NA",
            "3km이내백화점수":0,
            "5km이내아울렛몰수":0,
            "1km이내대형먀트수":1,
            "500m이내은행수":0,
            "500m이내병원수":7,
            "5km이내대형병원수":0,
            "500m이내공원수":8,
            "3km이내혐오시설수":0,
            "초등학교학업성취도":89.99,
            "중학교학업성취도":82.5,
            "용적률":229,
            "건폐율":17,
            "Y":34.772026,
            "X":127.64774,
            "rank":69.0,
            "area_info":"23평(78.98)",
            "last_sales":"2022-01-26,12500.0,23평(78.98)",
            "rank_history":[
                [
                    "202202",
                    69
                ],
                [
                    "202201",
                    42
                ]
            ],
            "rank_gap":-27
        },
        {
            "index":240,
            "아파트명":"모아미래도",
            "투자타입":"일반",
            "전용면적(m2)":"112.08",
            "전용면적(평)":"33평",
            "법정동주소":"전라남도 여수시 안산동 658",
            "도로명주소":"전라남도 여수시 안산1길 136",
            "세대수":0,
            "입주년차":40,
            "용적률점수":"--",
            "건폐율점수":"--",
            "세대당주차수":30,
            "난방방식":30,
            "공급면적":"--",
            "전용률":"--",
            "욕실수":100,
            "현관타입":100,
            "주거총점":35.5,
            "지역구공급총점":0.0,
            "역세권":"NA",
            "30분내 이동가능 거점":"NA",
            "1시간내 이동가능 거점":"NA",
            "교통총점":"NA",
            "백화점":0,
            "아울렛몰":0,
            "대형마트":80,
            "은행":0,
            "병원":30,
            "종합병원":0,
            "공원":100,
            "혐오시설":0,
            "인프라총점":18.0,
            "초등학군":90.0,
            "중학군":51.06,
            "학군총점":58.848,
            "인구수":29.26,
            "인구증감":-5.22,
            "인구총점":18.916,
            "일자리":19.79,
            "소득수준":68.34,
            "일자리총점":34.355,
            "가치 총점":34.337,
            "매매실거래년":20211108.0,
            "매매실거래가":29000.0,
            "전세실거래년":20211207.0,
            "전세실거래가":18000.0,
            "전세가율":62.07,
            "장기전세가율평균":71.3,
            "전세가율거품지수":9.23,
            "검색코드":17571,
            "세대수":299.0,
            "준공년월":"2004-10-02",
            "준공년차":19.0,
            "가까운역이름":"NA",
            "가까운역거리":"NA",
            "역세권여부":"NA",
            "30분이내주요거점역":"NA",
            "30분거점역이름":"NA",
            "1시간이내주요거점역":"NA",
            "1시간거점역이름":"NA",
            "3km이내백화점수":0,
            "5km이내아울렛몰수":0,
            "1km이내대형먀트수":1,
            "500m이내은행수":0,
            "500m이내병원수":6,
            "5km이내대형병원수":0,
            "500m이내공원수":6,
            "3km이내혐오시설수":0,
            "초등학교학업성취도":90.0,
            "중학교학업성취도":84.9,
            "용적률":196,
            "건폐율":21,
            "Y":34.757092,
            "X":127.652162,
            "rank":70.0,
            "area_info":"33평(112.08)",
            "last_sales":"2021-11-08,29000.0,33평(112.08)",
            "rank_history":[
                [
                    "202202",
                    70
                ],
                [
                    "202201",
                    70
                ]
            ],
            "rank_gap":0
        },
        {
            "index":76,
            "아파트명":"둔덕주공",
            "투자타입":"재건축",
            "전용면적(m2)":"47.57",
            "전용면적(평)":"14평",
            "법정동주소":"전라남도 여수시 둔덕동 464",
            "도로명주소":"전라남도 여수시 좌수영로 435",
            "세대수":50,
            "입주년차":"--",
            "용적률점수":0,
            "건폐율점수":0,
            "세대당주차수":"--",
            "난방방식":"--",
            "공급면적":50,
            "전용률":100,
            "욕실수":"--",
            "현관타입":"--",
            "주거총점":22.5,
            "지역구공급총점":0.0,
            "역세권":"NA",
            "30분내 이동가능 거점":"NA",
            "1시간내 이동가능 거점":"NA",
            "교통총점":"NA",
            "백화점":0,
            "아울렛몰":80,
            "대형마트":0,
            "은행":0,
            "병원":10,
            "종합병원":80,
            "공원":100,
            "혐오시설":0,
            "인프라총점":28.0,
            "초등학군":90.0,
            "중학군":53.1,
            "학군총점":60.48,
            "인구수":29.26,
            "인구증감":-5.22,
            "인구총점":18.916,
            "일자리":19.79,
            "소득수준":68.34,
            "일자리총점":34.355,
            "가치 총점":34.195,
            "매매실거래년":20211202.0,
            "매매실거래가":12000.0,
            "전세실거래년":20210503.0,
            "전세실거래가":5500.0,
            "전세가율":50.46,
            "장기전세가율평균":71.3,
            "전세가율거품지수":20.84,
            "검색코드":4805,
            "세대수":420.0,
            "준공년월":"1984-11-05",
            "준공년차":39.0,
            "가까운역이름":"NA",
            "가까운역거리":"NA",
            "역세권여부":"NA",
            "30분이내주요거점역":"NA",
            "30분거점역이름":"NA",
            "1시간이내주요거점역":"NA",
            "1시간거점역이름":"NA",
            "3km이내백화점수":0,
            "5km이내아울렛몰수":1,
            "1km이내대형먀트수":0,
            "500m이내은행수":0,
            "500m이내병원수":2,
            "5km이내대형병원수":1,
            "500m이내공원수":8,
            "3km이내혐오시설수":0,
            "초등학교학업성취도":90.0,
            "중학교학업성취도":88.5,
            "용적률":0,
            "건폐율":0,
            "Y":34.766522,
            "X":127.699501,
            "rank":71.0,
            "area_info":"14평(47.57), 16평(54.12), 19평(65.2)",
            "last_sales":"2021-12-02,12000.0,19평(65.2)",
            "rank_history":[
                [
                    "202202",
                    71
                ],
                [
                    "202201",
                    71
                ]
            ],
            "rank_gap":0
        },
        {
            "index":225,
            "아파트명":"신화",
            "투자타입":"재건축",
            "전용면적(m2)":"75.65",
            "전용면적(평)":"22평",
            "법정동주소":"전라남도 여수시 신기동 140",
            "도로명주소":"전라남도 여수시 선소로 72-28",
            "세대수":50,
            "입주년차":"--",
            "용적률점수":0,
            "건폐율점수":80,
            "세대당주차수":"--",
            "난방방식":"--",
            "공급면적":50,
            "전용률":60,
            "욕실수":"--",
            "현관타입":"--",
            "주거총점":36.5,
            "지역구공급총점":0.0,
            "역세권":"NA",
            "30분내 이동가능 거점":"NA",
            "1시간내 이동가능 거점":"NA",
            "교통총점":"NA",
            "백화점":0,
            "아울렛몰":0,
            "대형마트":0,
            "은행":70,
            "병원":60,
            "종합병원":0,
            "공원":100,
            "혐오시설":0,
            "인프라총점":16.0,
            "초등학군":90.0,
            "중학군":51.06,
            "학군총점":58.848,
            "인구수":29.26,
            "인구증감":-5.22,
            "인구총점":18.916,
            "일자리":19.79,
            "소득수준":68.34,
            "일자리총점":34.355,
            "가치 총점":33.887,
            "매매실거래년":20220122.0,
            "매매실거래가":15300.0,
            "전세실거래년":20211118.0,
            "전세실거래가":8000.0,
            "전세가율":100.0,
            "장기전세가율평균":71.3,
            "전세가율거품지수":-28.7,
            "검색코드":4857,
            "세대수":420.0,
            "준공년월":"1991-12-13",
            "준공년차":32.0,
            "가까운역이름":"NA",
            "가까운역거리":"NA",
            "역세권여부":"NA",
            "30분이내주요거점역":"NA",
            "30분거점역이름":"NA",
            "1시간이내주요거점역":"NA",
            "1시간거점역이름":"NA",
            "3km이내백화점수":0,
            "5km이내아울렛몰수":0,
            "1km이내대형먀트수":0,
            "500m이내은행수":3,
            "500m이내병원수":16,
            "5km이내대형병원수":0,
            "500m이내공원수":8,
            "3km이내혐오시설수":0,
            "초등학교학업성취도":90.0,
            "중학교학업성취도":84.9,
            "용적률":240,
            "건폐율":27,
            "Y":34.756515,
            "X":127.668036,
            "rank":72.0,
            "area_info":"22평(75.65), 28평(94.94), 31평(103.99), 31평(104.96)",
            "last_sales":"2022-01-22,15300.0,31평(103.99)",
            "rank_history":[
                [
                    "202202",
                    72
                ],
                [
                    "202201",
                    44
                ]
            ],
            "rank_gap":-28
        },
        {
            "index":246,
            "아파트명":"여수장성우미린",
            "투자타입":"일반",
            "전용면적(m2)":"121.79",
            "전용면적(평)":"36평",
            "법정동주소":"전라남도 여수시 안산동 727",
            "도로명주소":"전라남도 여수시 장성1길 37",
            "세대수":0,
            "입주년차":40,
            "용적률점수":"--",
            "건폐율점수":"--",
            "세대당주차수":30,
            "난방방식":30,
            "공급면적":"--",
            "전용률":"--",
            "욕실수":100,
            "현관타입":100,
            "주거총점":35.5,
            "지역구공급총점":0.0,
            "역세권":"NA",
            "30분내 이동가능 거점":"NA",
            "1시간내 이동가능 거점":"NA",
            "교통총점":"NA",
            "백화점":0,
            "아울렛몰":0,
            "대형마트":80,
            "은행":0,
            "병원":10,
            "종합병원":0,
            "공원":100,
            "혐오시설":0,
            "인프라총점":16.0,
            "초등학군":89.99,
            "중학군":51.06,
            "학군총점":58.846,
            "인구수":29.26,
            "인구증감":-5.22,
            "인구총점":18.916,
            "일자리":19.79,
            "소득수준":68.34,
            "일자리총점":34.355,
            "가치 총점":33.5365,
            "매매실거래년":20211025.0,
            "매매실거래가":30000.0,
            "전세실거래년":20160826.0,
            "전세실거래가":18000.0,
            "전세가율":60.0,
            "장기전세가율평균":71.3,
            "전세가율거품지수":11.3,
            "검색코드":22429,
            "세대수":240.0,
            "준공년월":"2006-06-20",
            "준공년차":17.0,
            "가까운역이름":"NA",
            "가까운역거리":"NA",
            "역세권여부":"NA",
            "30분이내주요거점역":"NA",
            "30분거점역이름":"NA",
            "1시간이내주요거점역":"NA",
            "1시간거점역이름":"NA",
            "3km이내백화점수":0,
            "5km이내아울렛몰수":0,
            "1km이내대형먀트수":1,
            "500m이내은행수":0,
            "500m이내병원수":2,
            "5km이내대형병원수":0,
            "500m이내공원수":4,
            "3km이내혐오시설수":0,
            "초등학교학업성취도":89.99,
            "중학교학업성취도":84.9,
            "용적률":176,
            "건폐율":14,
            "Y":34.753777,
            "X":127.652973,
            "rank":73.0,
            "area_info":"36평(121.79), 41평(138.1), 49평(163.83)",
            "last_sales":"2021-10-25,30000.0,36평(121.79)",
            "rank_history":[
                [
                    "202202",
                    73
                ],
                [
                    "202201",
                    72
                ]
            ],
            "rank_gap":-1
        },
        {
            "index":230,
            "아파트명":"신월금호",
            "투자타입":"재건축",
            "전용면적(m2)":"73.77",
            "전용면적(평)":"22평",
            "법정동주소":"전라남도 여수시 신월동 60",
            "도로명주소":"전라남도 여수시 신월로 561-8",
            "세대수":90,
            "입주년차":"--",
            "용적률점수":0,
            "건폐율점수":0,
            "세대당주차수":"--",
            "난방방식":"--",
            "공급면적":50,
            "전용률":80,
            "욕실수":"--",
            "현관타입":"--",
            "주거총점":33.5,
            "지역구공급총점":0.0,
            "역세권":"NA",
            "30분내 이동가능 거점":"NA",
            "1시간내 이동가능 거점":"NA",
            "교통총점":"NA",
            "백화점":0,
            "아울렛몰":80,
            "대형마트":0,
            "은행":0,
            "병원":0,
            "종합병원":80,
            "공원":0,
            "혐오시설":0,
            "인프라총점":24.0,
            "초등학군":90.0,
            "중학군":37.98,
            "학군총점":48.384,
            "인구수":29.26,
            "인구증감":-5.22,
            "인구총점":18.916,
            "일자리":19.79,
            "소득수준":68.34,
            "일자리총점":34.355,
            "가치 총점":33.421,
            "매매실거래년":20220103.0,
            "매매실거래가":11600.0,
            "전세실거래년":20210522.0,
            "전세실거래가":9000.0,
            "전세가율":77.59,
            "장기전세가율평균":71.3,
            "전세가율거품지수":-6.29,
            "검색코드":4864,
            "세대수":1188.0,
            "준공년월":"1992-07-20",
            "준공년차":31.0,
            "가까운역이름":"NA",
            "가까운역거리":"NA",
            "역세권여부":"NA",
            "30분이내주요거점역":"NA",
            "30분거점역이름":"NA",
            "1시간이내주요거점역":"NA",
            "1시간거점역이름":"NA",
            "3km이내백화점수":0,
            "5km이내아울렛몰수":1,
            "1km이내대형먀트수":0,
            "500m이내은행수":0,
            "500m이내병원수":1,
            "5km이내대형병원수":1,
            "500m이내공원수":0,
            "3km이내혐오시설수":0,
            "초등학교학업성취도":90.0,
            "중학교학업성취도":63.3,
            "용적률":0,
            "건폐율":0,
            "Y":34.725207,
            "X":127.707163,
            "rank":74.0,
            "area_info":"22평(73.77), 23평(78.65), 26평(88.72), 31평(103.36), 46평(155.26)",
            "last_sales":"2022-01-03,11600.0,22평(73.77)",
            "rank_history":[
                [
                    "202202",
                    74
                ],
                [
                    "202201",
                    81
                ]
            ],
            "rank_gap":7
        },
        {
            "index":113,
            "아파트명":"귀인2차",
            "투자타입":"재건축",
            "전용면적(m2)":"66.39",
            "전용면적(평)":"20평",
            "법정동주소":"전라남도 여수시 미평동 488",
            "도로명주소":"전라남도 여수시 미평1길 29",
            "세대수":0,
            "입주년차":"--",
            "용적률점수":0,
            "건폐율점수":0,
            "세대당주차수":"--",
            "난방방식":"--",
            "공급면적":50,
            "전용률":80,
            "욕실수":"--",
            "현관타입":"--",
            "주거총점":6.5,
            "지역구공급총점":0.0,
            "역세권":"NA",
            "30분내 이동가능 거점":"NA",
            "1시간내 이동가능 거점":"NA",
            "교통총점":"NA",
            "백화점":0,
            "아울렛몰":80,
            "대형마트":80,
            "은행":0,
            "병원":10,
            "종합병원":80,
            "공원":100,
            "혐오시설":0,
            "인프라총점":40.0,
            "초등학군":90.0,
            "중학군":53.1,
            "학군총점":60.48,
            "인구수":29.26,
            "인구증감":-5.22,
            "인구총점":18.916,
            "일자리":19.79,
            "소득수준":68.34,
            "일자리총점":34.355,
            "가치 총점":33.395,
            "매매실거래년":20210923.0,
            "매매실거래가":9500.0,
            "전세실거래년":null,
            "전세실거래가":null,
            "전세가율":null,
            "장기전세가율평균":71.3,
            "전세가율거품지수":null,
            "검색코드":4819,
            "세대수":210.0,
            "준공년월":"1990-12-24",
            "준공년차":33.0,
            "가까운역이름":"NA",
            "가까운역거리":"NA",
            "역세권여부":"NA",
            "30분이내주요거점역":"NA",
            "30분거점역이름":"NA",
            "1시간이내주요거점역":"NA",
            "1시간거점역이름":"NA",
            "3km이내백화점수":0,
            "5km이내아울렛몰수":1,
            "1km이내대형먀트수":1,
            "500m이내은행수":0,
            "500m이내병원수":2,
            "5km이내대형병원수":1,
            "500m이내공원수":10,
            "3km이내혐오시설수":0,
            "초등학교학업성취도":90.0,
            "중학교학업성취도":88.5,
            "용적률":0,
            "건폐율":0,
            "Y":34.765492,
            "X":127.709708,
            "rank":75.0,
            "area_info":"20평(66.39), 20평(68.83), 20평(69.03), 21평(70.74), 21평(71.63), 21평(71.4), 22평(73.38), 22평(74.96), 22평(75.35), 23평(76.84), 25평(83.72), 25평(85.86)",
            "last_sales":"2021-09-23,9500.0,25평(85.86)",
            "rank_history":[
                [
                    "202202",
                    75
                ],
                [
                    "202201",
                    83
                ]
            ],
            "rank_gap":8
        },
        {
            "index":148,
            "아파트명":"남양",
            "투자타입":"재건축",
            "전용면적(m2)":"54.51",
            "전용면적(평)":"16평",
            "법정동주소":"전라남도 여수시 선원동 1256",
            "도로명주소":"전라남도 여수시 무선3길 18",
            "세대수":90,
            "입주년차":"--",
            "용적률점수":0,
            "건폐율점수":0,
            "세대당주차수":"--",
            "난방방식":"--",
            "공급면적":50,
            "전용률":80,
            "욕실수":"--",
            "현관타입":"--",
            "주거총점":33.5,
            "지역구공급총점":0.0,
            "역세권":"NA",
            "30분내 이동가능 거점":"NA",
            "1시간내 이동가능 거점":"NA",
            "교통총점":"NA",
            "백화점":0,
            "아울렛몰":0,
            "대형마트":80,
            "은행":0,
            "병원":30,
            "종합병원":0,
            "공원":100,
            "혐오시설":0,
            "인프라총점":18.0,
            "초등학군":89.99,
            "중학군":49.62,
            "학군총점":57.694,
            "인구수":29.26,
            "인구증감":-5.22,
            "인구총점":18.916,
            "일자리":19.79,
            "소득수준":68.34,
            "일자리총점":34.355,
            "가치 총점":33.3485,
            "매매실거래년":20220106.0,
            "매매실거래가":13600.0,
            "전세실거래년":20211213.0,
            "전세실거래가":7000.0,
            "전세가율":72.54,
            "장기전세가율평균":71.3,
            "전세가율거품지수":-1.24,
            "검색코드":4848,
            "세대수":970.0,
            "준공년월":"1990-11-30",
            "준공년차":33.0,
            "가까운역이름":"NA",
            "가까운역거리":"NA",
            "역세권여부":"NA",
            "30분이내주요거점역":"NA",
            "30분거점역이름":"NA",
            "1시간이내주요거점역":"NA",
            "1시간거점역이름":"NA",
            "3km이내백화점수":0,
            "5km이내아울렛몰수":0,
            "1km이내대형먀트수":1,
            "500m이내은행수":0,
            "500m이내병원수":5,
            "5km이내대형병원수":0,
            "500m이내공원수":8,
            "3km이내혐오시설수":0,
            "초등학교학업성취도":89.99,
            "중학교학업성취도":82.5,
            "용적률":0,
            "건폐율":0,
            "Y":34.771615,
            "X":127.65209,
            "rank":76.0,
            "area_info":"16평(54.51), 17평(58.7), 19평(64.6), 20평(67.83), 22평(73.08), 23평(77.58), 24평(81.29)",
            "last_sales":"2022-01-06,13600.0,22평(73.08)",
            "rank_history":[
                [
                    "202202",
                    76
                ],
                [
                    "202201",
                    59
                ]
            ],
            "rank_gap":-17
        },
        {
            "index":178,
            "아파트명":"죽림호반베르디움",
            "투자타입":"일반",
            "전용면적(m2)":"112.74",
            "전용면적(평)":"34평",
            "법정동주소":"전라남도 여수시 소라면 죽림리 1117",
            "도로명주소":"전라남도 여수시 덕양로 96",
            "세대수":0,
            "입주년차":80,
            "용적률점수":"--",
            "건폐율점수":"--",
            "세대당주차수":30,
            "난방방식":30,
            "공급면적":"--",
            "전용률":"--",
            "욕실수":100,
            "현관타입":100,
            "주거총점":43.5,
            "지역구공급총점":0.0,
            "역세권":"NA",
            "30분내 이동가능 거점":"NA",
            "1시간내 이동가능 거점":"NA",
            "교통총점":"NA",
            "백화점":0,
            "아울렛몰":0,
            "대형마트":80,
            "은행":0,
            "병원":10,
            "종합병원":0,
            "공원":0,
            "혐오시설":0,
            "인프라총점":13.0,
            "초등학군":90.0,
            "중학군":41.22,
            "학군총점":50.976,
            "인구수":29.26,
            "인구증감":-5.22,
            "인구총점":18.916,
            "일자리":19.79,
            "소득수준":68.34,
            "일자리총점":34.355,
            "가치 총점":33.169,
            "매매실거래년":20211122.0,
            "매매실거래가":47800.0,
            "전세실거래년":20210505.0,
            "전세실거래가":31000.0,
            "전세가율":64.85,
            "장기전세가율평균":71.3,
            "전세가율거품지수":6.45,
            "검색코드":110664,
            "세대수":269.0,
            "준공년월":"2017-06-14",
            "준공년차":6.0,
            "가까운역이름":"NA",
            "가까운역거리":"NA",
            "역세권여부":"NA",
            "30분이내주요거점역":"NA",
            "30분거점역이름":"NA",
            "1시간이내주요거점역":"NA",
            "1시간거점역이름":"NA",
            "3km이내백화점수":0,
            "5km이내아울렛몰수":0,
            "1km이내대형먀트수":1,
            "500m이내은행수":1,
            "500m이내병원수":2,
            "5km이내대형병원수":0,
            "500m이내공원수":0,
            "3km이내혐오시설수":0,
            "초등학교학업성취도":90.0,
            "중학교학업성취도":68.7,
            "용적률":195,
            "건폐율":16,
            "Y":34.766559,
            "X":127.637219,
            "rank":77.0,
            "area_info":"34평(112.74), 34평(113.09)",
            "last_sales":"2021-11-22,47800.0,34평(112.74)",
            "rank_history":[
                [
                    "202202",
                    77
                ],
                [
                    "202201",
                    77
                ]
            ],
            "rank_gap":0
        },
        {
            "index":143,
            "아파트명":"로얄골드빌",
            "투자타입":"일반",
            "전용면적(m2)":"122.69",
            "전용면적(평)":"37평",
            "법정동주소":"전라남도 여수시 봉계동 5-5",
            "도로명주소":"전라남도 여수시 좌수영로 682-34",
            "세대수":50,
            "입주년차":20,
            "용적률점수":"--",
            "건폐율점수":"--",
            "세대당주차수":30,
            "난방방식":30,
            "공급면적":"--",
            "전용률":"--",
            "욕실수":100,
            "현관타입":100,
            "주거총점":49.0,
            "지역구공급총점":0.0,
            "역세권":"NA",
            "30분내 이동가능 거점":"NA",
            "1시간내 이동가능 거점":"NA",
            "교통총점":"NA",
            "백화점":0,
            "아울렛몰":0,
            "대형마트":0,
            "은행":0,
            "병원":10,
            "종합병원":0,
            "공원":0,
            "혐오시설":0,
            "인프라총점":1.0,
            "초등학군":89.98,
            "중학군":55.24,
            "학군총점":62.188,
            "인구수":29.26,
            "인구증감":-5.22,
            "인구총점":18.916,
            "일자리":19.79,
            "소득수준":68.34,
            "일자리총점":34.355,
            "가치 총점":33.097,
            "매매실거래년":20220107.0,
            "매매실거래가":22500.0,
            "전세실거래년":20220124.0,
            "전세실거래가":19000.0,
            "전세가율":84.44,
            "장기전세가율평균":71.3,
            "전세가율거품지수":-13.14,
            "검색코드":16906,
            "세대수":558.0,
            "준공년월":"2003-03-18",
            "준공년차":20.0,
            "가까운역이름":"NA",
            "가까운역거리":"NA",
            "역세권여부":"NA",
            "30분이내주요거점역":"NA",
            "30분거점역이름":"NA",
            "1시간이내주요거점역":"NA",
            "1시간거점역이름":"NA",
            "3km이내백화점수":0,
            "5km이내아울렛몰수":0,
            "1km이내대형먀트수":0,
            "500m이내은행수":0,
            "500m이내병원수":3,
            "5km이내대형병원수":0,
            "500m이내공원수":0,
            "3km이내혐오시설수":0,
            "초등학교학업성취도":89.98,
            "중학교학업성취도":91.2,
            "용적률":203,
            "건폐율":16,
            "Y":34.785747,
            "X":127.690821,
            "rank":78.0,
            "area_info":"37평(122.69)",
            "last_sales":"2022-01-07,22500.0,37평(122.69)",
            "rank_history":[
                [
                    "202202",
                    78
                ],
                [
                    "202201",
                    50
                ]
            ],
            "rank_gap":-28
        },
        {
            "index":133,
            "아파트명":"선경2단지",
            "투자타입":"일반",
            "전용면적(m2)":"72.85",
            "전용면적(평)":"22평",
            "법정동주소":"전라남도 여수시 미평동 741",
            "도로명주소":"전라남도 여수시 양지6길 2",
            "세대수":30,
            "입주년차":0,
            "용적률점수":"--",
            "건폐율점수":"--",
            "세대당주차수":0,
            "난방방식":30,
            "공급면적":"--",
            "전용률":"--",
            "욕실수":50,
            "현관타입":100,
            "주거총점":28.5,
            "지역구공급총점":0.0,
            "역세권":"NA",
            "30분내 이동가능 거점":"NA",
            "1시간내 이동가능 거점":"NA",
            "교통총점":"NA",
            "백화점":0,
            "아울렛몰":0,
            "대형마트":0,
            "은행":0,
            "병원":10,
            "종합병원":80,
            "공원":100,
            "혐오시설":0,
            "인프라총점":20.0,
            "초등학군":89.98,
            "중학군":53.1,
            "학군총점":60.476,
            "인구수":29.26,
            "인구증감":-5.22,
            "인구총점":18.916,
            "일자리":19.79,
            "소득수준":68.34,
            "일자리총점":34.355,
            "가치 총점":33.094,
            "매매실거래년":20211224.0,
            "매매실거래가":21700.0,
            "전세실거래년":20211223.0,
            "전세실거래가":8000.0,
            "전세가율":61.07,
            "장기전세가율평균":71.3,
            "전세가율거품지수":10.23,
            "검색코드":4830,
            "세대수":390.0,
            "준공년월":"1995-04-29",
            "준공년차":28.0,
            "가까운역이름":"NA",
            "가까운역거리":"NA",
            "역세권여부":"NA",
            "30분이내주요거점역":"NA",
            "30분거점역이름":"NA",
            "1시간이내주요거점역":"NA",
            "1시간거점역이름":"NA",
            "3km이내백화점수":0,
            "5km이내아울렛몰수":0,
            "1km이내대형먀트수":0,
            "500m이내은행수":0,
            "500m이내병원수":2,
            "5km이내대형병원수":1,
            "500m이내공원수":6,
            "3km이내혐오시설수":0,
            "초등학교학업성취도":89.98,
            "중학교학업성취도":88.5,
            "용적률":190,
            "건폐율":17,
            "Y":34.772988,
            "X":127.704045,
            "rank":79.0,
            "area_info":"22평(72.85), 29평(98.77)",
            "last_sales":"2021-12-24,21700.0,29평(98.77)",
            "rank_history":[
                [
                    "202202",
                    79
                ],
                [
                    "202201",
                    80
                ]
            ],
            "rank_gap":1
        },
        {
            "index":229,
            "아파트명":"금성휴먼터치빌",
            "투자타입":"일반",
            "전용면적(m2)":"110.71",
            "전용면적(평)":"33평",
            "법정동주소":"전라남도 여수시 신월동 114-7",
            "도로명주소":"전라남도 여수시 신월5길 22",
            "세대수":0,
            "입주년차":20,
            "용적률점수":"--",
            "건폐율점수":"--",
            "세대당주차수":30,
            "난방방식":30,
            "공급면적":"--",
            "전용률":"--",
            "욕실수":100,
            "현관타입":100,
            "주거총점":31.5,
            "지역구공급총점":0.0,
            "역세권":"NA",
            "30분내 이동가능 거점":"NA",
            "1시간내 이동가능 거점":"NA",
            "교통총점":"NA",
            "백화점":0,
            "아울렛몰":80,
            "대형마트":0,
            "은행":0,
            "병원":0,
            "종합병원":80,
            "공원":0,
            "혐오시설":0,
            "인프라총점":24.0,
            "초등학군":90.0,
            "중학군":37.98,
            "학군총점":48.384,
            "인구수":29.26,
            "인구증감":-5.22,
            "인구총점":18.916,
            "일자리":19.79,
            "소득수준":68.34,
            "일자리총점":34.355,
            "가치 총점":32.721,
            "매매실거래년":20210928.0,
            "매매실거래가":28000.0,
            "전세실거래년":20211117.0,
            "전세실거래가":22000.0,
            "전세가율":78.57,
            "장기전세가율평균":71.3,
            "전세가율거품지수":-7.27,
            "검색코드":100904,
            "세대수":106.0,
            "준공년월":"2003-03-24",
            "준공년차":20.0,
            "가까운역이름":"NA",
            "가까운역거리":"NA",
            "역세권여부":"NA",
            "30분이내주요거점역":"NA",
            "30분거점역이름":"NA",
            "1시간이내주요거점역":"NA",
            "1시간거점역이름":"NA",
            "3km이내백화점수":0,
            "5km이내아울렛몰수":1,
            "1km이내대형먀트수":0,
            "500m이내은행수":0,
            "500m이내병원수":1,
            "5km이내대형병원수":1,
            "500m이내공원수":0,
            "3km이내혐오시설수":0,
            "초등학교학업성취도":90.0,
            "중학교학업성취도":63.3,
            "용적률":179,
            "건폐율":25,
            "Y":34.72251,
            "X":127.70667,
            "rank":80.0,
            "area_info":"33평(110.71)",
            "last_sales":"2021-09-28,28000.0,33평(110.71)",
            "rank_history":[
                [
                    "202202",
                    80
                ],
                [
                    "202201",
                    84
                ]
            ],
            "rank_gap":4
        },
        {
            "index":40,
            "아파트명":"귀인그린파크",
            "투자타입":"일반",
            "전용면적(m2)":"78.57",
            "전용면적(평)":"23평",
            "법정동주소":"전라남도 여수시 덕충동 1797",
            "도로명주소":"전라남도 여수시 덕충2길 39",
            "세대수":0,
            "입주년차":0,
            "용적률점수":"--",
            "건폐율점수":"--",
            "세대당주차수":0,
            "난방방식":30,
            "공급면적":"--",
            "전용률":"--",
            "욕실수":100,
            "현관타입":100,
            "주거총점":23.0,
            "지역구공급총점":0.0,
            "역세권":"NA",
            "30분내 이동가능 거점":"NA",
            "1시간내 이동가능 거점":"NA",
            "교통총점":"NA",
            "백화점":0,
            "아울렛몰":80,
            "대형마트":0,
            "은행":0,
            "병원":0,
            "종합병원":80,
            "공원":80,
            "혐오시설":0,
            "인프라총점":26.4,
            "초등학군":90.01,
            "중학군":45.54,
            "학군총점":54.434,
            "인구수":29.26,
            "인구증감":-5.22,
            "인구총점":18.916,
            "일자리":19.79,
            "소득수준":68.34,
            "일자리총점":34.355,
            "가치 총점":32.2185,
            "매매실거래년":20211222.0,
            "매매실거래가":11500.0,
            "전세실거래년":20211031.0,
            "전세실거래가":8000.0,
            "전세가율":69.57,
            "장기전세가율평균":71.3,
            "전세가율거품지수":1.73,
            "검색코드":4792,
            "세대수":242.0,
            "준공년월":"1997-10-01",
            "준공년차":26.0,
            "가까운역이름":"NA",
            "가까운역거리":"NA",
            "역세권여부":"NA",
            "30분이내주요거점역":"NA",
            "30분거점역이름":"NA",
            "1시간이내주요거점역":"NA",
            "1시간거점역이름":"NA",
            "3km이내백화점수":0,
            "5km이내아울렛몰수":1,
            "1km이내대형먀트수":0,
            "500m이내은행수":0,
            "500m이내병원수":0,
            "5km이내대형병원수":1,
            "500m이내공원수":1,
            "3km이내혐오시설수":0,
            "초등학교학업성취도":90.01,
            "중학교학업성취도":75.9,
            "용적률":0,
            "건폐율":0,
            "Y":34.755315,
            "X":127.737805,
            "rank":81.0,
            "area_info":"23평(78.57), 29평(97.07), 33평(111.07)",
            "last_sales":"2021-12-22,11500.0,23평(78.57)",
            "rank_history":[
                [
                    "202202",
                    81
                ],
                [
                    "202201",
                    89
                ]
            ],
            "rank_gap":8
        },
        {
            "index":146,
            "아파트명":"아주타운",
            "투자타입":"일반",
            "전용면적(m2)":"76.56",
            "전용면적(평)":"23평",
            "법정동주소":"전라남도 여수시 봉계동 5-25",
            "도로명주소":"전라남도 여수시 봉계대곡길 50",
            "세대수":80,
            "입주년차":0,
            "용적률점수":"--",
            "건폐율점수":"--",
            "세대당주차수":0,
            "난방방식":30,
            "공급면적":"--",
            "전용률":"--",
            "욕실수":50,
            "현관타입":100,
            "주거총점":46.0,
            "지역구공급총점":0.0,
            "역세권":"NA",
            "30분내 이동가능 거점":"NA",
            "1시간내 이동가능 거점":"NA",
            "교통총점":"NA",
            "백화점":0,
            "아울렛몰":0,
            "대형마트":0,
            "은행":0,
            "병원":10,
            "종합병원":0,
            "공원":0,
            "혐오시설":0,
            "인프라총점":1.0,
            "초등학군":89.98,
            "중학군":55.24,
            "학군총점":62.188,
            "인구수":29.26,
            "인구증감":-5.22,
            "인구총점":18.916,
            "일자리":19.79,
            "소득수준":68.34,
            "일자리총점":34.355,
            "가치 총점":32.047,
            "매매실거래년":20220113.0,
            "매매실거래가":10100.0,
            "전세실거래년":20220126.0,
            "전세실거래가":9000.0,
            "전세가율":89.11,
            "장기전세가율평균":71.3,
            "전세가율거품지수":-17.81,
            "검색코드":4846,
            "세대수":704.0,
            "준공년월":"1998-03-27",
            "준공년차":25.0,
            "가까운역이름":"NA",
            "가까운역거리":"NA",
            "역세권여부":"NA",
            "30분이내주요거점역":"NA",
            "30분거점역이름":"NA",
            "1시간이내주요거점역":"NA",
            "1시간거점역이름":"NA",
            "3km이내백화점수":0,
            "5km이내아울렛몰수":0,
            "1km이내대형먀트수":0,
            "500m이내은행수":0,
            "500m이내병원수":3,
            "5km이내대형병원수":0,
            "500m이내공원수":0,
            "3km이내혐오시설수":0,
            "초등학교학업성취도":89.98,
            "중학교학업성취도":91.2,
            "용적률":210,
            "건폐율":18,
            "Y":34.784511,
            "X":127.690585,
            "rank":82.0,
            "area_info":"23평(76.56), 32평(105.9)",
            "last_sales":"2022-01-13,10100.0,23평(76.56)",
            "rank_history":[
                [
                    "202202",
                    82
                ],
                [
                    "202201",
                    54
                ]
            ],
            "rank_gap":-28
        },
        {
            "index":22,
            "아파트명":"국동중앙",
            "투자타입":"재건축",
            "전용면적(m2)":"51.76",
            "전용면적(평)":"15평",
            "법정동주소":"전라남도 여수시 국동 813",
            "도로명주소":"전라남도 여수시 구봉산길 52",
            "세대수":50,
            "입주년차":"--",
            "용적률점수":0,
            "건폐율점수":0,
            "세대당주차수":"--",
            "난방방식":"--",
            "공급면적":50,
            "전용률":80,
            "욕실수":"--",
            "현관타입":"--",
            "주거총점":21.5,
            "지역구공급총점":0.0,
            "역세권":"NA",
            "30분내 이동가능 거점":"NA",
            "1시간내 이동가능 거점":"NA",
            "교통총점":"NA",
            "백화점":0,
            "아울렛몰":80,
            "대형마트":0,
            "은행":0,
            "병원":10,
            "종합병원":80,
            "공원":100,
            "혐오시설":0,
            "인프라총점":28.0,
            "초등학군":90.0,
            "중학군":44.1,
            "학군총점":53.28,
            "인구수":29.26,
            "인구증감":-5.22,
            "인구총점":18.916,
            "일자리":19.79,
            "소득수준":68.34,
            "일자리총점":34.355,
            "가치 총점":32.045,
            "매매실거래년":20211111.0,
            "매매실거래가":6200.0,
            "전세실거래년":20210910.0,
            "전세실거래가":3500.0,
            "전세가율":68.63,
            "장기전세가율평균":71.3,
            "전세가율거품지수":2.67,
            "검색코드":4786,
            "세대수":400.0,
            "준공년월":"1989-05-04",
            "준공년차":34.0,
            "가까운역이름":"NA",
            "가까운역거리":"NA",
            "역세권여부":"NA",
            "30분이내주요거점역":"NA",
            "30분거점역이름":"NA",
            "1시간이내주요거점역":"NA",
            "1시간거점역이름":"NA",
            "3km이내백화점수":0,
            "5km이내아울렛몰수":1,
            "1km이내대형먀트수":0,
            "500m이내은행수":0,
            "500m이내병원수":3,
            "5km이내대형병원수":1,
            "500m이내공원수":10,
            "3km이내혐오시설수":0,
            "초등학교학업성취도":90.0,
            "중학교학업성취도":73.5,
            "용적률":0,
            "건폐율":0,
            "Y":34.737262,
            "X":127.71577,
            "rank":83.0,
            "area_info":"15평(51.76), 16평(54.97), 17평(58.5), 18평(61.71), 18평(61.4), 19평(66.01), 20평(69.11), 22평(76.03), 23평(79.24)",
            "last_sales":"2021-11-11,6200.0,16평(54.97)",
            "rank_history":[
                [
                    "202202",
                    83
                ],
                [
                    "202201",
                    87
                ]
            ],
            "rank_gap":4
        },
        {
            "index":196,
            "아파트명":"프레지던트",
            "투자타입":"일반",
            "전용면적(m2)":"113.59",
            "전용면적(평)":"34평",
            "법정동주소":"전라남도 여수시 소호동 423",
            "도로명주소":"전라남도 여수시 소호7길 36",
            "세대수":50,
            "입주년차":20,
            "용적률점수":"--",
            "건폐율점수":"--",
            "세대당주차수":30,
            "난방방식":30,
            "공급면적":"--",
            "전용률":"--",
            "욕실수":100,
            "현관타입":100,
            "주거총점":49.0,
            "지역구공급총점":0.0,
            "역세권":"NA",
            "30분내 이동가능 거점":"NA",
            "1시간내 이동가능 거점":"NA",
            "교통총점":"NA",
            "백화점":0,
            "아울렛몰":0,
            "대형마트":0,
            "은행":0,
            "병원":0,
            "종합병원":0,
            "공원":0,
            "혐오시설":0,
            "인프라총점":0.0,
            "초등학군":89.99,
            "중학군":51.06,
            "학군총점":58.846,
            "인구수":29.26,
            "인구증감":-5.22,
            "인구총점":18.916,
            "일자리":19.79,
            "소득수준":68.34,
            "일자리총점":34.355,
            "가치 총점":31.8615,
            "매매실거래년":20211209.0,
            "매매실거래가":23000.0,
            "전세실거래년":20211026.0,
            "전세실거래가":17000.0,
            "전세가율":73.91,
            "장기전세가율평균":71.3,
            "전세가율거품지수":-2.61,
            "검색코드":100897,
            "세대수":466.0,
            "준공년월":"2002-06-29",
            "준공년차":21.0,
            "가까운역이름":"NA",
            "가까운역거리":"NA",
            "역세권여부":"NA",
            "30분이내주요거점역":"NA",
            "30분거점역이름":"NA",
            "1시간이내주요거점역":"NA",
            "1시간거점역이름":"NA",
            "3km이내백화점수":0,
            "5km이내아울렛몰수":0,
            "1km이내대형먀트수":0,
            "500m이내은행수":0,
            "500m이내병원수":1,
            "5km이내대형병원수":0,
            "500m이내공원수":0,
            "3km이내혐오시설수":0,
            "초등학교학업성취도":89.99,
            "중학교학업성취도":84.9,
            "용적률":271,
            "건폐율":23,
            "Y":34.740557,
            "X":127.645057,
            "rank":84.0,
            "area_info":"34평(113.59), 47평(157.01), 52평(174.71), 66평(220.65)",
            "last_sales":"2021-12-09,23000.0,34평(113.59)",
            "rank_history":[
                [
                    "202202",
                    84
                ],
                [
                    "202201",
                    56
                ]
            ],
            "rank_gap":-28
        },
        {
            "index":275,
            "아파트명":"현대3차",
            "투자타입":"일반",
            "전용면적(m2)":"76.54",
            "전용면적(평)":"23평",
            "법정동주소":"전라남도 여수시 여서동 484",
            "도로명주소":"전라남도 여수시 여문2로 197",
            "세대수":0,
            "입주년차":0,
            "용적률점수":"--",
            "건폐율점수":"--",
            "세대당주차수":0,
            "난방방식":30,
            "공급면적":"--",
            "전용률":"--",
            "욕실수":50,
            "현관타입":10,
            "주거총점":9.0,
            "지역구공급총점":0.0,
            "역세권":"NA",
            "30분내 이동가능 거점":"NA",
            "1시간내 이동가능 거점":"NA",
            "교통총점":"NA",
            "백화점":0,
            "아울렛몰":80,
            "대형마트":0,
            "은행":20,
            "병원":80,
            "종합병원":80,
            "공원":100,
            "혐오시설":0,
            "인프라총점":37.0,
            "초등학군":90.0,
            "중학군":44.94,
            "학군총점":53.952,
            "인구수":29.26,
            "인구증감":-5.22,
            "인구총점":18.916,
            "일자리":19.79,
            "소득수준":68.34,
            "일자리총점":34.355,
            "가치 총점":31.438,
            "매매실거래년":20220104.0,
            "매매실거래가":18500.0,
            "전세실거래년":20190617.0,
            "전세실거래가":10000.0,
            "전세가율":76.92,
            "장기전세가율평균":71.3,
            "전세가율거품지수":-5.62,
            "검색코드":14940,
            "세대수":241.0,
            "준공년월":"1994-05-20",
            "준공년차":29.0,
            "가까운역이름":"NA",
            "가까운역거리":"NA",
            "역세권여부":"NA",
            "30분이내주요거점역":"NA",
            "30분거점역이름":"NA",
            "1시간이내주요거점역":"NA",
            "1시간거점역이름":"NA",
            "3km이내백화점수":0,
            "5km이내아울렛몰수":1,
            "1km이내대형먀트수":0,
            "500m이내은행수":2,
            "500m이내병원수":34,
            "5km이내대형병원수":1,
            "500m이내공원수":6,
            "3km이내혐오시설수":0,
            "초등학교학업성취도":90.0,
            "중학교학업성취도":74.9,
            "용적률":288,
            "건폐율":22,
            "Y":34.749253,
            "X":127.704937,
            "rank":85.0,
            "area_info":"23평(76.54), 32평(108.25), 32평(108.45)",
            "last_sales":"2022-01-04,18500.0,32평(108.25)",
            "rank_history":[
                [
                    "202202",
                    85
                ],
                [
                    "202201",
                    91
                ]
            ],
            "rank_gap":6
        },
        {
            "index":141,
            "아파트명":"대광오투빌",
            "투자타입":"일반",
            "전용면적(m2)":"83.23",
            "전용면적(평)":"25평",
            "법정동주소":"전라남도 여수시 봉계동 11",
            "도로명주소":"전라남도 여수시 봉계대곡길 62",
            "세대수":80,
            "입주년차":20,
            "용적률점수":"--",
            "건폐율점수":"--",
            "세대당주차수":0,
            "난방방식":30,
            "공급면적":"--",
            "전용률":"--",
            "욕실수":50,
            "현관타입":50,
            "주거총점":45.0,
            "지역구공급총점":0.0,
            "역세권":"NA",
            "30분내 이동가능 거점":"NA",
            "1시간내 이동가능 거점":"NA",
            "교통총점":"NA",
            "백화점":0,
            "아울렛몰":0,
            "대형마트":0,
            "은행":0,
            "병원":0,
            "종합병원":0,
            "공원":0,
            "혐오시설":0,
            "인프라총점":0.0,
            "초등학군":89.98,
            "중학군":55.24,
            "학군총점":62.188,
            "인구수":29.26,
            "인구증감":-5.22,
            "인구총점":18.916,
            "일자리":19.79,
            "소득수준":68.34,
            "일자리총점":34.355,
            "가치 총점":31.297,
            "매매실거래년":20220103.0,
            "매매실거래가":15000.0,
            "전세실거래년":20211202.0,
            "전세실거래가":12000.0,
            "전세가율":80.0,
            "장기전세가율평균":71.3,
            "전세가율거품지수":-8.7,
            "검색코드":105678,
            "세대수":755.0,
            "준공년월":"2002-05-13",
            "준공년차":21.0,
            "가까운역이름":"NA",
            "가까운역거리":"NA",
            "역세권여부":"NA",
            "30분이내주요거점역":"NA",
            "30분거점역이름":"NA",
            "1시간이내주요거점역":"NA",
            "1시간거점역이름":"NA",
            "3km이내백화점수":0,
            "5km이내아울렛몰수":0,
            "1km이내대형먀트수":0,
            "500m이내은행수":0,
            "500m이내병원수":1,
            "5km이내대형병원수":0,
            "500m이내공원수":0,
            "3km이내혐오시설수":0,
            "초등학교학업성취도":89.98,
            "중학교학업성취도":91.2,
            "용적률":223,
            "건폐율":15,
            "Y":34.787332,
            "X":127.690182,
            "rank":86.0,
            "area_info":"25평(83.23), 34평(113.01)",
            "last_sales":"2022-01-03,15000.0,25평(83.23)",
            "rank_history":[
                [
                    "202202",
                    86
                ],
                [
                    "202201",
                    61
                ]
            ],
            "rank_gap":-25
        },
        {
            "index":127,
            "아파트명":"선경1단지",
            "투자타입":"일반",
            "전용면적(m2)":"65.69",
            "전용면적(평)":"19평",
            "법정동주소":"전라남도 여수시 미평동 750",
            "도로명주소":"전라남도 여수시 대학로 46",
            "세대수":30,
            "입주년차":0,
            "용적률점수":"--",
            "건폐율점수":"--",
            "세대당주차수":0,
            "난방방식":30,
            "공급면적":"--",
            "전용률":"--",
            "욕실수":50,
            "현관타입":10,
            "주거총점":19.5,
            "지역구공급총점":0.0,
            "역세권":"NA",
            "30분내 이동가능 거점":"NA",
            "1시간내 이동가능 거점":"NA",
            "교통총점":"NA",
            "백화점":0,
            "아울렛몰":0,
            "대형마트":0,
            "은행":0,
            "병원":10,
            "종합병원":80,
            "공원":100,
            "혐오시설":0,
            "인프라총점":20.0,
            "초등학군":89.98,
            "중학군":53.1,
            "학군총점":60.476,
            "인구수":29.26,
            "인구증감":-5.22,
            "인구총점":18.916,
            "일자리":19.79,
            "소득수준":68.34,
            "일자리총점":34.355,
            "가치 총점":29.944,
            "매매실거래년":20211231.0,
            "매매실거래가":20200.0,
            "전세실거래년":20210316.0,
            "전세실거래가":10000.0,
            "전세가율":95.24,
            "장기전세가율평균":71.3,
            "전세가율거품지수":-23.94,
            "검색코드":4828,
            "세대수":360.0,
            "준공년월":"1994-03-28",
            "준공년차":29.0,
            "가까운역이름":"NA",
            "가까운역거리":"NA",
            "역세권여부":"NA",
            "30분이내주요거점역":"NA",
            "30분거점역이름":"NA",
            "1시간이내주요거점역":"NA",
            "1시간거점역이름":"NA",
            "3km이내백화점수":0,
            "5km이내아울렛몰수":0,
            "1km이내대형먀트수":0,
            "500m이내은행수":0,
            "500m이내병원수":2,
            "5km이내대형병원수":1,
            "500m이내공원수":2,
            "3km이내혐오시설수":0,
            "초등학교학업성취도":89.98,
            "중학교학업성취도":88.5,
            "용적률":0,
            "건폐율":0,
            "Y":34.774102,
            "X":127.7025,
            "rank":87.0,
            "area_info":"19평(65.69), 20평(69.29), 23평(77.16), 30평(101.0), 40평(132.31), 46평(152.89)",
            "last_sales":"2021-12-31,20200.0,30평(101.0)",
            "rank_history":[
                [
                    "202202",
                    87
                ],
                [
                    "202201",
                    92
                ]
            ],
            "rank_gap":5
        },
        {
            "index":14,
            "아파트명":"국동라인1차",
            "투자타입":"일반",
            "전용면적(m2)":"80.7",
            "전용면적(평)":"24평",
            "법정동주소":"전라남도 여수시 국동 857",
            "도로명주소":"전라남도 여수시 구봉길 79",
            "세대수":30,
            "입주년차":0,
            "용적률점수":"--",
            "건폐율점수":"--",
            "세대당주차수":0,
            "난방방식":30,
            "공급면적":"--",
            "전용률":"--",
            "욕실수":50,
            "현관타입":10,
            "주거총점":19.5,
            "지역구공급총점":0.0,
            "역세권":"NA",
            "30분내 이동가능 거점":"NA",
            "1시간내 이동가능 거점":"NA",
            "교통총점":"NA",
            "백화점":0,
            "아울렛몰":80,
            "대형마트":0,
            "은행":0,
            "병원":0,
            "종합병원":80,
            "공원":100,
            "혐오시설":0,
            "인프라총점":27.0,
            "초등학군":90.0,
            "중학군":37.98,
            "학군총점":48.384,
            "인구수":29.26,
            "인구증감":-5.22,
            "인구총점":18.916,
            "일자리":19.79,
            "소득수준":68.34,
            "일자리총점":34.355,
            "가치 총점":29.721,
            "매매실거래년":20220110.0,
            "매매실거래가":13000.0,
            "전세실거래년":20210412.0,
            "전세실거래가":8925.0,
            "전세가율":68.65,
            "장기전세가율평균":71.3,
            "전세가율거품지수":2.65,
            "검색코드":14935,
            "세대수":341.0,
            "준공년월":"1996-06-24",
            "준공년차":27.0,
            "가까운역이름":"NA",
            "가까운역거리":"NA",
            "역세권여부":"NA",
            "30분이내주요거점역":"NA",
            "30분거점역이름":"NA",
            "1시간이내주요거점역":"NA",
            "1시간거점역이름":"NA",
            "3km이내백화점수":0,
            "5km이내아울렛몰수":1,
            "1km이내대형먀트수":0,
            "500m이내은행수":0,
            "500m이내병원수":1,
            "5km이내대형병원수":1,
            "500m이내공원수":12,
            "3km이내혐오시설수":0,
            "초등학교학업성취도":90.0,
            "중학교학업성취도":63.3,
            "용적률":0,
            "건폐율":0,
            "Y":34.734434,
            "X":127.713016,
            "rank":88.0,
            "area_info":"24평(80.7)",
            "last_sales":"2022-01-10,13000.0,24평(80.7)",
            "rank_history":[
                [
                    "202202",
                    88
                ],
                [
                    "202201",
                    94
                ]
            ],
            "rank_gap":6
        },
        {
            "index":94,
            "아파트명":"무궁화",
            "투자타입":"재건축",
            "전용면적(m2)":"65.7",
            "전용면적(평)":"19평",
            "법정동주소":"전라남도 여수시 문수동 170",
            "도로명주소":"전라남도 여수시 여문2로 133",
            "세대수":0,
            "입주년차":"--",
            "용적률점수":0,
            "건폐율점수":0,
            "세대당주차수":"--",
            "난방방식":"--",
            "공급면적":50,
            "전용률":80,
            "욕실수":"--",
            "현관타입":"--",
            "주거총점":6.5,
            "지역구공급총점":0.0,
            "역세권":"NA",
            "30분내 이동가능 거점":"NA",
            "1시간내 이동가능 거점":"NA",
            "교통총점":"NA",
            "백화점":0,
            "아울렛몰":80,
            "대형마트":0,
            "은행":0,
            "병원":60,
            "종합병원":80,
            "공원":100,
            "혐오시설":0,
            "인프라총점":33.0,
            "초등학군":89.99,
            "중학군":44.94,
            "학군총점":53.95,
            "인구수":29.26,
            "인구증감":-5.22,
            "인구총점":18.916,
            "일자리":19.79,
            "소득수준":68.34,
            "일자리총점":34.355,
            "가치 총점":28.9625,
            "매매실거래년":20220103.0,
            "매매실거래가":9350.0,
            "전세실거래년":20210924.0,
            "전세실거래가":7000.0,
            "전세가율":74.87,
            "장기전세가율평균":71.3,
            "전세가율거품지수":-3.57,
            "검색코드":4811,
            "세대수":120.0,
            "준공년월":"1990-12-28",
            "준공년차":33.0,
            "가까운역이름":"NA",
            "가까운역거리":"NA",
            "역세권여부":"NA",
            "30분이내주요거점역":"NA",
            "30분거점역이름":"NA",
            "1시간이내주요거점역":"NA",
            "1시간거점역이름":"NA",
            "3km이내백화점수":0,
            "5km이내아울렛몰수":1,
            "1km이내대형먀트수":0,
            "500m이내은행수":1,
            "500m이내병원수":21,
            "5km이내대형병원수":1,
            "500m이내공원수":12,
            "3km이내혐오시설수":0,
            "초등학교학업성취도":89.99,
            "중학교학업성취도":74.9,
            "용적률":0,
            "건폐율":0,
            "Y":34.75427,
            "X":127.69943,
            "rank":89.0,
            "area_info":"19평(65.7), 25평(84.79), 29평(96.73)",
            "last_sales":"2022-01-03,9350.0,19평(65.7)",
            "rank_history":[
                [
                    "202202",
                    89
                ],
                [
                    "202201",
                    93
                ]
            ],
            "rank_gap":4
        },
        {
            "index":200,
            "아파트명":"우미타운",
            "투자타입":"일반",
            "전용면적(m2)":"74.41",
            "전용면적(평)":"22평",
            "법정동주소":"전라남도 여수시 시전동 243",
            "도로명주소":"전라남도 여수시 여천체육공원길 23",
            "세대수":50,
            "입주년차":0,
            "용적률점수":"--",
            "건폐율점수":"--",
            "세대당주차수":0,
            "난방방식":30,
            "공급면적":"--",
            "전용률":"--",
            "욕실수":50,
            "현관타입":100,
            "주거총점":35.5,
            "지역구공급총점":0.0,
            "역세권":"NA",
            "30분내 이동가능 거점":"NA",
            "1시간내 이동가능 거점":"NA",
            "교통총점":"NA",
            "백화점":0,
            "아울렛몰":0,
            "대형마트":0,
            "은행":0,
            "병원":30,
            "종합병원":0,
            "공원":100,
            "혐오시설":0,
            "인프라총점":6.0,
            "초등학군":89.97,
            "중학군":45.52,
            "학군총점":54.41,
            "인구수":29.26,
            "인구증감":-5.22,
            "인구총점":18.916,
            "일자리":19.79,
            "소득수준":68.34,
            "일자리총점":34.355,
            "가치 총점":28.4275,
            "매매실거래년":20211122.0,
            "매매실거래가":20000.0,
            "전세실거래년":20211231.0,
            "전세실거래가":14000.0,
            "전세가율":70.0,
            "장기전세가율평균":71.3,
            "전세가율거품지수":1.3,
            "검색코드":4854,
            "세대수":495.0,
            "준공년월":"1996001",
            "준공년차":27.0,
            "가까운역이름":"NA",
            "가까운역거리":"NA",
            "역세권여부":"NA",
            "30분이내주요거점역":"NA",
            "30분거점역이름":"NA",
            "1시간이내주요거점역":"NA",
            "1시간거점역이름":"NA",
            "3km이내백화점수":0,
            "5km이내아울렛몰수":0,
            "1km이내대형먀트수":0,
            "500m이내은행수":0,
            "500m이내병원수":8,
            "5km이내대형병원수":0,
            "500m이내공원수":12,
            "3km이내혐오시설수":0,
            "초등학교학업성취도":89.97,
            "중학교학업성취도":75.2,
            "용적률":190,
            "건폐율":20,
            "Y":34.761875,
            "X":127.676688,
            "rank":90.0,
            "area_info":"22평(74.41), 27평(89.87), 27평(90.99), 31평(105.29), 31평(105.39), 40평(134.24)",
            "last_sales":"2021-11-22,20000.0,22평(74.41)",
            "rank_history":[
                [
                    "202202",
                    90
                ],
                [
                    "202201",
                    76
                ]
            ],
            "rank_gap":-14
        },
        {
            "index":144,
            "아파트명":"신동아",
            "투자타입":"일반",
            "전용면적(m2)":"78.19",
            "전용면적(평)":"23평",
            "법정동주소":"전라남도 여수시 봉계동 2",
            "도로명주소":"전라남도 여수시 좌수영로 682-26",
            "세대수":50,
            "입주년차":0,
            "용적률점수":"--",
            "건폐율점수":"--",
            "세대당주차수":0,
            "난방방식":30,
            "공급면적":"--",
            "전용률":"--",
            "욕실수":50,
            "현관타입":100,
            "주거총점":35.5,
            "지역구공급총점":0.0,
            "역세권":"NA",
            "30분내 이동가능 거점":"NA",
            "1시간내 이동가능 거점":"NA",
            "교통총점":"NA",
            "백화점":0,
            "아울렛몰":0,
            "대형마트":0,
            "은행":0,
            "병원":10,
            "종합병원":0,
            "공원":0,
            "혐오시설":0,
            "인프라총점":1.0,
            "초등학군":89.98,
            "중학군":55.24,
            "학군총점":62.188,
            "인구수":29.26,
            "인구증감":-5.22,
            "인구총점":18.916,
            "일자리":19.79,
            "소득수준":68.34,
            "일자리총점":34.355,
            "가치 총점":28.372,
            "매매실거래년":20220108.0,
            "매매실거래가":9000.0,
            "전세실거래년":20211025.0,
            "전세실거래가":11000.0,
            "전세가율":122.22,
            "장기전세가율평균":71.3,
            "전세가율거품지수":-50.92,
            "검색코드":4845,
            "세대수":409.0,
            "준공년월":"1997-12-10",
            "준공년차":26.0,
            "가까운역이름":"NA",
            "가까운역거리":"NA",
            "역세권여부":"NA",
            "30분이내주요거점역":"NA",
            "30분거점역이름":"NA",
            "1시간이내주요거점역":"NA",
            "1시간거점역이름":"NA",
            "3km이내백화점수":0,
            "5km이내아울렛몰수":0,
            "1km이내대형먀트수":0,
            "500m이내은행수":0,
            "500m이내병원수":3,
            "5km이내대형병원수":0,
            "500m이내공원수":0,
            "3km이내혐오시설수":0,
            "초등학교학업성취도":89.98,
            "중학교학업성취도":91.2,
            "용적률":211,
            "건폐율":17,
            "Y":34.78549,
            "X":127.692571,
            "rank":91.0,
            "area_info":"23평(78.19), 33평(110.98)",
            "last_sales":"2022-01-08,9000.0,23평(78.19)",
            "rank_history":[
                [
                    "202202",
                    91
                ],
                [
                    "202201",
                    78
                ]
            ],
            "rank_gap":-13
        },
        {
            "index":155,
            "아파트명":"대주",
            "투자타입":"일반",
            "전용면적(m2)":"75.59",
            "전용면적(평)":"22평",
            "법정동주소":"전라남도 여수시 선원동 1311-2",
            "도로명주소":"전라남도 여수시 무선1길 20",
            "세대수":0,
            "입주년차":0,
            "용적률점수":"--",
            "건폐율점수":"--",
            "세대당주차수":0,
            "난방방식":30,
            "공급면적":"--",
            "전용률":"--",
            "욕실수":50,
            "현관타입":100,
            "주거총점":18.0,
            "지역구공급총점":0.0,
            "역세권":"NA",
            "30분내 이동가능 거점":"NA",
            "1시간내 이동가능 거점":"NA",
            "교통총점":"NA",
            "백화점":0,
            "아울렛몰":0,
            "대형마트":80,
            "은행":0,
            "병원":30,
            "종합병원":0,
            "공원":100,
            "혐오시설":0,
            "인프라총점":18.0,
            "초등학군":90.0,
            "중학군":49.62,
            "학군총점":57.696,
            "인구수":29.26,
            "인구증감":-5.22,
            "인구총점":18.916,
            "일자리":19.79,
            "소득수준":68.34,
            "일자리총점":34.355,
            "가치 총점":27.924,
            "매매실거래년":20211223.0,
            "매매실거래가":15000.0,
            "전세실거래년":20200708.0,
            "전세실거래가":8500.0,
            "전세가율":56.67,
            "장기전세가율평균":71.3,
            "전세가율거품지수":14.63,
            "검색코드":4850,
            "세대수":180.0,
            "준공년월":"1995-10-30",
            "준공년차":28.0,
            "가까운역이름":"NA",
            "가까운역거리":"NA",
            "역세권여부":"NA",
            "30분이내주요거점역":"NA",
            "30분거점역이름":"NA",
            "1시간이내주요거점역":"NA",
            "1시간거점역이름":"NA",
            "3km이내백화점수":0,
            "5km이내아울렛몰수":0,
            "1km이내대형먀트수":1,
            "500m이내은행수":0,
            "500m이내병원수":5,
            "5km이내대형병원수":0,
            "500m이내공원수":10,
            "3km이내혐오시설수":0,
            "초등학교학업성취도":90.0,
            "중학교학업성취도":82.5,
            "용적률":0,
            "건폐율":17,
            "Y":34.77062,
            "X":127.65394,
            "rank":92.0,
            "area_info":"22평(75.59), 32평(106.51)",
            "last_sales":"2021-12-23,15000.0,22평(75.59)",
            "rank_history":[
                [
                    "202202",
                    92
                ],
                [
                    "202201",
                    85
                ]
            ],
            "rank_gap":-7
        },
        {
            "index":43,
            "아파트명":"덕충주공",
            "투자타입":"재건축",
            "전용면적(m2)":"75.35",
            "전용면적(평)":"22평",
            "법정동주소":"전라남도 여수시 덕충동 940",
            "도로명주소":"전라남도 여수시 덕충안길 5",
            "세대수":0,
            "입주년차":"--",
            "용적률점수":0,
            "건폐율점수":0,
            "세대당주차수":"--",
            "난방방식":"--",
            "공급면적":50,
            "전용률":100,
            "욕실수":"--",
            "현관타입":"--",
            "주거총점":7.5,
            "지역구공급총점":0.0,
            "역세권":"NA",
            "30분내 이동가능 거점":"NA",
            "1시간내 이동가능 거점":"NA",
            "교통총점":"NA",
            "백화점":0,
            "아울렛몰":80,
            "대형마트":0,
            "은행":0,
            "병원":0,
            "종합병원":80,
            "공원":100,
            "혐오시설":0,
            "인프라총점":27.0,
            "초등학군":90.01,
            "중학군":45.54,
            "학군총점":54.434,
            "인구수":29.26,
            "인구증감":-5.22,
            "인구총점":18.916,
            "일자리":19.79,
            "소득수준":68.34,
            "일자리총점":34.355,
            "가치 총점":27.0335,
            "매매실거래년":20211230.0,
            "매매실거래가":18500.0,
            "전세실거래년":20210403.0,
            "전세실거래가":4500.0,
            "전세가율":24.32,
            "장기전세가율평균":71.3,
            "전세가율거품지수":46.98,
            "검색코드":113828,
            "세대수":160.0,
            "준공년월":"1983-12-20",
            "준공년차":40.0,
            "가까운역이름":"NA",
            "가까운역거리":"NA",
            "역세권여부":"NA",
            "30분이내주요거점역":"NA",
            "30분거점역이름":"NA",
            "1시간이내주요거점역":"NA",
            "1시간거점역이름":"NA",
            "3km이내백화점수":0,
            "5km이내아울렛몰수":1,
            "1km이내대형먀트수":0,
            "500m이내은행수":0,
            "500m이내병원수":1,
            "5km이내대형병원수":1,
            "500m이내공원수":7,
            "3km이내혐오시설수":0,
            "초등학교학업성취도":90.01,
            "중학교학업성취도":75.9,
            "용적률":0,
            "건폐율":0,
            "Y":34.754073,
            "X":127.739141,
            "rank":93.0,
            "area_info":"22평(75.35), 25평(84.32)",
            "last_sales":"2021-12-30,18500.0,22평(75.35)",
            "rank_history":[
                [
                    "202202",
                    93
                ],
                [
                    "202201",
                    99
                ]
            ],
            "rank_gap":6
        },
        {
            "index":45,
            "아파트명":"성학맨션",
            "투자타입":"재건축",
            "전용면적(m2)":"109.09",
            "전용면적(평)":"32평",
            "법정동주소":"전라남도 여수시 덕충동 1744-1",
            "도로명주소":"전라남도 여수시 덕충3길 6",
            "세대수":0,
            "입주년차":"--",
            "용적률점수":0,
            "건폐율점수":0,
            "세대당주차수":"--",
            "난방방식":"--",
            "공급면적":90,
            "전용률":60,
            "욕실수":"--",
            "현관타입":"--",
            "주거총점":7.5,
            "지역구공급총점":0.0,
            "역세권":"NA",
            "30분내 이동가능 거점":"NA",
            "1시간내 이동가능 거점":"NA",
            "교통총점":"NA",
            "백화점":0,
            "아울렛몰":80,
            "대형마트":0,
            "은행":0,
            "병원":0,
            "종합병원":80,
            "공원":80,
            "혐오시설":0,
            "인프라총점":26.4,
            "초등학군":90.01,
            "중학군":45.54,
            "학군총점":54.434,
            "인구수":29.26,
            "인구증감":-5.22,
            "인구총점":18.916,
            "일자리":19.79,
            "소득수준":68.34,
            "일자리총점":34.355,
            "가치 총점":26.7935,
            "매매실거래년":20211014.0,
            "매매실거래가":16000.0,
            "전세실거래년":20210603.0,
            "전세실거래가":9000.0,
            "전세가율":56.25,
            "장기전세가율평균":71.3,
            "전세가율거품지수":15.05,
            "검색코드":4794,
            "세대수":117.0,
            "준공년월":"1990-05-31",
            "준공년차":33.0,
            "가까운역이름":"NA",
            "가까운역거리":"NA",
            "역세권여부":"NA",
            "30분이내주요거점역":"NA",
            "30분거점역이름":"NA",
            "1시간이내주요거점역":"NA",
            "1시간거점역이름":"NA",
            "3km이내백화점수":0,
            "5km이내아울렛몰수":1,
            "1km이내대형먀트수":0,
            "500m이내은행수":0,
            "500m이내병원수":0,
            "5km이내대형병원수":1,
            "500m이내공원수":1,
            "3km이내혐오시설수":0,
            "초등학교학업성취도":90.01,
            "중학교학업성취도":75.9,
            "용적률":0,
            "건폐율":0,
            "Y":34.754113,
            "X":127.736683,
            "rank":94.0,
            "area_info":"32평(109.09)",
            "last_sales":"2021-10-14,16000.0,32평(109.09)",
            "rank_history":[
                [
                    "202202",
                    94
                ],
                [
                    "202201",
                    100
                ]
            ],
            "rank_gap":6
        },
        {
            "index":15,
            "아파트명":"국동시영",
            "투자타입":"재건축",
            "전용면적(m2)":"49.96",
            "전용면적(평)":"15평",
            "법정동주소":"전라남도 여수시 국동 1103",
            "도로명주소":"전라남도 여수시 구봉길 41",
            "세대수":30,
            "입주년차":"--",
            "용적률점수":0,
            "건폐율점수":0,
            "세대당주차수":"--",
            "난방방식":"--",
            "공급면적":50,
            "전용률":60,
            "욕실수":"--",
            "현관타입":"--",
            "주거총점":14.5,
            "지역구공급총점":0.0,
            "역세권":"NA",
            "30분내 이동가능 거점":"NA",
            "1시간내 이동가능 거점":"NA",
            "교통총점":"NA",
            "백화점":0,
            "아울렛몰":80,
            "대형마트":0,
            "은행":0,
            "병원":0,
            "종합병원":80,
            "공원":0,
            "혐오시설":0,
            "인프라총점":24.0,
            "초등학군":90.0,
            "중학군":37.98,
            "학군총점":48.384,
            "인구수":29.26,
            "인구증감":-5.22,
            "인구총점":18.916,
            "일자리":19.79,
            "소득수준":68.34,
            "일자리총점":34.355,
            "가치 총점":26.771,
            "매매실거래년":20211109.0,
            "매매실거래가":8500.0,
            "전세실거래년":20220110.0,
            "전세실거래가":4300.0,
            "전세가율":50.59,
            "장기전세가율평균":71.3,
            "전세가율거품지수":20.71,
            "검색코드":4777,
            "세대수":370.0,
            "준공년월":"1991-09-11",
            "준공년차":32.0,
            "가까운역이름":"NA",
            "가까운역거리":"NA",
            "역세권여부":"NA",
            "30분이내주요거점역":"NA",
            "30분거점역이름":"NA",
            "1시간이내주요거점역":"NA",
            "1시간거점역이름":"NA",
            "3km이내백화점수":0,
            "5km이내아울렛몰수":1,
            "1km이내대형먀트수":0,
            "500m이내은행수":0,
            "500m이내병원수":1,
            "5km이내대형병원수":1,
            "500m이내공원수":0,
            "3km이내혐오시설수":0,
            "초등학교학업성취도":90.0,
            "중학교학업성취도":63.3,
            "용적률":0,
            "건폐율":0,
            "Y":34.729929,
            "X":127.710357,
            "rank":95.0,
            "area_info":"15평(49.96), 14평(49.53), 17평(57.79), 17평(58.16)",
            "last_sales":"2021-11-09,8500.0,15평(49.96)",
            "rank_history":[
                [
                    "202202",
                    95
                ],
                [
                    "202201",
                    98
                ]
            ],
            "rank_gap":3
        },
        {
            "index":190,
            "아파트명":"우미오션빌",
            "투자타입":"일반",
            "전용면적(m2)":"107.45",
            "전용면적(평)":"32평",
            "법정동주소":"전라남도 여수시 소호동 427",
            "도로명주소":"전라남도 여수시 소호7길 28",
            "세대수":0,
            "입주년차":20,
            "용적률점수":"--",
            "건폐율점수":"--",
            "세대당주차수":30,
            "난방방식":30,
            "공급면적":"--",
            "전용률":"--",
            "욕실수":100,
            "현관타입":100,
            "주거총점":31.5,
            "지역구공급총점":0.0,
            "역세권":"NA",
            "30분내 이동가능 거점":"NA",
            "1시간내 이동가능 거점":"NA",
            "교통총점":"NA",
            "백화점":0,
            "아울렛몰":0,
            "대형마트":0,
            "은행":0,
            "병원":0,
            "종합병원":0,
            "공원":0,
            "혐오시설":0,
            "인프라총점":0.0,
            "초등학군":89.99,
            "중학군":51.06,
            "학군총점":58.846,
            "인구수":29.26,
            "인구증감":-5.22,
            "인구총점":18.916,
            "일자리":19.79,
            "소득수준":68.34,
            "일자리총점":34.355,
            "가치 총점":25.7365,
            "매매실거래년":20210903.0,
            "매매실거래가":43300.0,
            "전세실거래년":20210620.0,
            "전세실거래가":25000.0,
            "전세가율":80.65,
            "장기전세가율평균":71.3,
            "전세가율거품지수":-9.35,
            "검색코드":101155,
            "세대수":239.0,
            "준공년월":"2002-06-12",
            "준공년차":21.0,
            "가까운역이름":"NA",
            "가까운역거리":"NA",
            "역세권여부":"NA",
            "30분이내주요거점역":"NA",
            "30분거점역이름":"NA",
            "1시간이내주요거점역":"NA",
            "1시간거점역이름":"NA",
            "3km이내백화점수":0,
            "5km이내아울렛몰수":0,
            "1km이내대형먀트수":0,
            "500m이내은행수":0,
            "500m이내병원수":1,
            "5km이내대형병원수":0,
            "500m이내공원수":0,
            "3km이내혐오시설수":0,
            "초등학교학업성취도":89.99,
            "중학교학업성취도":84.9,
            "용적률":161,
            "건폐율":13,
            "Y":34.740942,
            "X":127.64725,
            "rank":96.0,
            "area_info":"32평(107.45), 33평(110.21), 41평(137.77), 42평(140.36)",
            "last_sales":"2021-09-03,43300.0,42평(140.36)",
            "rank_history":[
                [
                    "202202",
                    96
                ],
                [
                    "202201",
                    86
                ]
            ],
            "rank_gap":-10
        },
        {
            "index":351,
            "아파트명":"파인빌리지1단지(도시형)",
            "투자타입":"일반",
            "전용면적(m2)":"35.7",
            "전용면적(평)":"10평",
            "법정동주소":"전라남도 여수시 주삼동 1027",
            "도로명주소":"전라남도 여수시 주삼덕양로 189",
            "세대수":0,
            "입주년차":100,
            "용적률점수":"--",
            "건폐율점수":"--",
            "세대당주차수":30,
            "난방방식":30,
            "공급면적":"--",
            "전용률":"--",
            "욕실수":50,
            "현관타입":10,
            "주거총점":33.5,
            "지역구공급총점":0.0,
            "역세권":"NA",
            "30분내 이동가능 거점":"NA",
            "1시간내 이동가능 거점":"NA",
            "교통총점":"NA",
            "백화점":0,
            "아울렛몰":0,
            "대형마트":0,
            "은행":0,
            "병원":0,
            "종합병원":0,
            "공원":0,
            "혐오시설":0,
            "인프라총점":0.0,
            "초등학군":90.02,
            "중학군":44.78,
            "학군총점":53.828,
            "인구수":29.26,
            "인구증감":-5.22,
            "인구총점":18.916,
            "일자리":19.79,
            "소득수준":68.34,
            "일자리총점":34.355,
            "가치 총점":25.182,
            "매매실거래년":"18000101",
            "매매실거래가":null,
            "전세실거래년":null,
            "전세실거래가":null,
            "전세가율":null,
            "장기전세가율평균":71.3,
            "전세가율거품지수":null,
            "검색코드":125990,
            "세대수":122.0,
            "준공년월":"2020-05-01",
            "준공년차":3.0,
            "가까운역이름":"NA",
            "가까운역거리":"NA",
            "역세권여부":"NA",
            "30분이내주요거점역":"NA",
            "30분거점역이름":"NA",
            "1시간이내주요거점역":"NA",
            "1시간거점역이름":"NA",
            "3km이내백화점수":0,
            "5km이내아울렛몰수":0,
            "1km이내대형먀트수":0,
            "500m이내은행수":0,
            "500m이내병원수":0,
            "5km이내대형병원수":0,
            "500m이내공원수":0,
            "3km이내혐오시설수":0,
            "초등학교학업성취도":90.02,
            "중학교학업성취도":74.1,
            "용적률":0,
            "건폐율":0,
            "Y":34.790419,
            "X":127.65157,
            "rank":97.0,
            "area_info":"10평(35.7), 10평(35.7), 16평(55.72), 17평(58.28), 24평(82.03)",
            "last_sales":"1800-01-01,nan,10평(35.7)",
            "rank_history":[
                [
                    "202202",
                    97
                ],
                [
                    "202201",
                    88
                ]
            ],
            "rank_gap":-9
        },
        {
            "index":183,
            "아파트명":"금호",
            "투자타입":"재건축",
            "전용면적(m2)":"94.23",
            "전용면적(평)":"28평",
            "법정동주소":"전라남도 여수시 소호동 353",
            "도로명주소":"전라남도 여수시 소호5길 22",
            "세대수":50,
            "입주년차":"--",
            "용적률점수":0,
            "건폐율점수":0,
            "세대당주차수":"--",
            "난방방식":"--",
            "공급면적":70,
            "전용률":60,
            "욕실수":"--",
            "현관타입":"--",
            "주거총점":21.5,
            "지역구공급총점":0.0,
            "역세권":"NA",
            "30분내 이동가능 거점":"NA",
            "1시간내 이동가능 거점":"NA",
            "교통총점":"NA",
            "백화점":0,
            "아울렛몰":0,
            "대형마트":0,
            "은행":0,
            "병원":10,
            "종합병원":0,
            "공원":0,
            "혐오시설":0,
            "인프라총점":1.0,
            "초등학군":89.99,
            "중학군":51.06,
            "학군총점":58.846,
            "인구수":29.26,
            "인구증감":-5.22,
            "인구총점":18.916,
            "일자리":19.79,
            "소득수준":68.34,
            "일자리총점":34.355,
            "가치 총점":22.6365,
            "매매실거래년":20211221.0,
            "매매실거래가":15900.0,
            "전세실거래년":20220115.0,
            "전세실거래가":8000.0,
            "전세가율":50.31,
            "장기전세가율평균":71.3,
            "전세가율거품지수":20.99,
            "검색코드":4851,
            "세대수":560.0,
            "준공년월":"1992-01-16",
            "준공년차":31.0,
            "가까운역이름":"NA",
            "가까운역거리":"NA",
            "역세권여부":"NA",
            "30분이내주요거점역":"NA",
            "30분거점역이름":"NA",
            "1시간이내주요거점역":"NA",
            "1시간거점역이름":"NA",
            "3km이내백화점수":0,
            "5km이내아울렛몰수":0,
            "1km이내대형먀트수":0,
            "500m이내은행수":0,
            "500m이내병원수":2,
            "5km이내대형병원수":0,
            "500m이내공원수":0,
            "3km이내혐오시설수":0,
            "초등학교학업성취도":89.99,
            "중학교학업성취도":84.9,
            "용적률":0,
            "건폐율":0,
            "Y":34.745523,
            "X":127.650889,
            "rank":98.0,
            "area_info":"28평(94.23), 32평(106.6), 45평(150.34), 55평(184.97)",
            "last_sales":"2021-12-21,15900.0,28평(94.23)",
            "rank_history":[
                [
                    "202202",
                    98
                ],
                [
                    "202201",
                    95
                ]
            ],
            "rank_gap":-3
        },
        {
            "index":211,
            "아파트명":"신기주공1단지",
            "투자타입":"재건축",
            "전용면적(m2)":"45.12",
            "전용면적(평)":"13평",
            "법정동주소":"전라남도 여수시 신기동 3",
            "도로명주소":"전라남도 여수시 쌍봉로 177",
            "세대수":30,
            "입주년차":"--",
            "용적률점수":0,
            "건폐율점수":0,
            "세대당주차수":"--",
            "난방방식":"--",
            "공급면적":50,
            "전용률":80,
            "욕실수":"--",
            "현관타입":"--",
            "주거총점":15.5,
            "지역구공급총점":0.0,
            "역세권":"NA",
            "30분내 이동가능 거점":"NA",
            "1시간내 이동가능 거점":"NA",
            "교통총점":"NA",
            "백화점":0,
            "아울렛몰":0,
            "대형마트":0,
            "은행":0,
            "병원":30,
            "종합병원":0,
            "공원":100,
            "혐오시설":0,
            "인프라총점":6.0,
            "초등학군":89.97,
            "중학군":45.52,
            "학군총점":54.41,
            "인구수":29.26,
            "인구증감":-5.22,
            "인구총점":18.916,
            "일자리":19.79,
            "소득수준":68.34,
            "일자리총점":34.355,
            "가치 총점":21.4275,
            "매매실거래년":20220122.0,
            "매매실거래가":20923.0,
            "전세실거래년":20200903.0,
            "전세실거래가":3000.0,
            "전세가율":16.14,
            "장기전세가율평균":71.3,
            "전세가율거품지수":55.16,
            "검색코드":4858,
            "세대수":360.0,
            "준공년월":"1986-03-07",
            "준공년차":37.0,
            "가까운역이름":"NA",
            "가까운역거리":"NA",
            "역세권여부":"NA",
            "30분이내주요거점역":"NA",
            "30분거점역이름":"NA",
            "1시간이내주요거점역":"NA",
            "1시간거점역이름":"NA",
            "3km이내백화점수":0,
            "5km이내아울렛몰수":0,
            "1km이내대형먀트수":0,
            "500m이내은행수":0,
            "500m이내병원수":5,
            "5km이내대형병원수":0,
            "500m이내공원수":6,
            "3km이내혐오시설수":0,
            "초등학교학업성취도":89.97,
            "중학교학업성취도":75.2,
            "용적률":0,
            "건폐율":0,
            "Y":34.765006,
            "X":127.677801,
            "rank":99.0,
            "area_info":"13평(45.12), 15평(52.5), 15평(52.14)",
            "last_sales":"2022-01-22,20923.0,15평(52.14)",
            "rank_history":[
                [
                    "202202",
                    99
                ],
                [
                    "202201",
                    97
                ]
            ],
            "rank_gap":-2
        },
        {
            "index":187,
            "아파트명":"목련",
            "투자타입":"일반",
            "전용면적(m2)":"77.22",
            "전용면적(평)":"23평",
            "법정동주소":"전라남도 여수시 소호동 428-1",
            "도로명주소":"전라남도 여수시 소호7길 19",
            "세대수":0,
            "입주년차":0,
            "용적률점수":"--",
            "건폐율점수":"--",
            "세대당주차수":0,
            "난방방식":30,
            "공급면적":"--",
            "전용률":"--",
            "욕실수":50,
            "현관타입":100,
            "주거총점":18.0,
            "지역구공급총점":0.0,
            "역세권":"NA",
            "30분내 이동가능 거점":"NA",
            "1시간내 이동가능 거점":"NA",
            "교통총점":"NA",
            "백화점":0,
            "아울렛몰":0,
            "대형마트":0,
            "은행":0,
            "병원":0,
            "종합병원":0,
            "공원":0,
            "혐오시설":0,
            "인프라총점":0.0,
            "초등학군":89.99,
            "중학군":51.06,
            "학군총점":58.846,
            "인구수":29.26,
            "인구증감":-5.22,
            "인구총점":18.916,
            "일자리":19.79,
            "소득수준":68.34,
            "일자리총점":34.355,
            "가치 총점":21.0115,
            "매매실거래년":20211123.0,
            "매매실거래가":21500.0,
            "전세실거래년":20211120.0,
            "전세실거래가":13500.0,
            "전세가율":77.14,
            "장기전세가율평균":71.3,
            "전세가율거품지수":-5.84,
            "검색코드":4852,
            "세대수":103.0,
            "준공년월":"1997-09-23",
            "준공년차":26.0,
            "가까운역이름":"NA",
            "가까운역거리":"NA",
            "역세권여부":"NA",
            "30분이내주요거점역":"NA",
            "30분거점역이름":"NA",
            "1시간이내주요거점역":"NA",
            "1시간거점역이름":"NA",
            "3km이내백화점수":0,
            "5km이내아울렛몰수":0,
            "1km이내대형먀트수":0,
            "500m이내은행수":0,
            "500m이내병원수":1,
            "5km이내대형병원수":0,
            "500m이내공원수":0,
            "3km이내혐오시설수":0,
            "초등학교학업성취도":89.99,
            "중학교학업성취도":84.9,
            "용적률":0,
            "건폐율":0,
            "Y":34.73963,
            "X":127.6478,
            "rank":100.0,
            "area_info":"23평(77.22), 26평(87.13), 31평(105.01)",
            "last_sales":"2021-11-23,21500.0,31평(105.01)",
            "rank_history":[
                [
                    "202202",
                    100
                ],
                [
                    "202201",
                    96
                ]
            ],
            "rank_gap":-4
        }
    ]
}