{
    "schema":{
        "fields":[
            {
                "name":"index",
                "type":"integer"
            },
            {
                "name":"아파트명",
                "type":"string"
            },
            {
                "name":"투자타입",
                "type":"string"
            },
            {
                "name":"전용면적(m2)",
                "type":"string"
            },
            {
                "name":"전용면적(평)",
                "type":"string"
            },
            {
                "name":"법정동주소",
                "type":"string"
            },
            {
                "name":"도로명주소",
                "type":"string"
            },
            {
                "name":"세대수",
                "type":"integer"
            },
            {
                "name":"입주년차",
                "type":"string"
            },
            {
                "name":"용적률점수",
                "type":"string"
            },
            {
                "name":"건폐율점수",
                "type":"string"
            },
            {
                "name":"세대당주차수",
                "type":"string"
            },
            {
                "name":"난방방식",
                "type":"string"
            },
            {
                "name":"공급면적",
                "type":"string"
            },
            {
                "name":"전용률",
                "type":"string"
            },
            {
                "name":"욕실수",
                "type":"string"
            },
            {
                "name":"현관타입",
                "type":"string"
            },
            {
                "name":"주거총점",
                "type":"number"
            },
            {
                "name":"지역구공급총점",
                "type":"number"
            },
            {
                "name":"역세권",
                "type":"string"
            },
            {
                "name":"30분내 이동가능 거점",
                "type":"string"
            },
            {
                "name":"1시간내 이동가능 거점",
                "type":"string"
            },
            {
                "name":"교통총점",
                "type":"string"
            },
            {
                "name":"백화점",
                "type":"integer"
            },
            {
                "name":"아울렛몰",
                "type":"integer"
            },
            {
                "name":"대형마트",
                "type":"integer"
            },
            {
                "name":"은행",
                "type":"integer"
            },
            {
                "name":"병원",
                "type":"integer"
            },
            {
                "name":"종합병원",
                "type":"integer"
            },
            {
                "name":"공원",
                "type":"integer"
            },
            {
                "name":"혐오시설",
                "type":"integer"
            },
            {
                "name":"인프라총점",
                "type":"number"
            },
            {
                "name":"초등학군",
                "type":"number"
            },
            {
                "name":"중학군",
                "type":"number"
            },
            {
                "name":"학군총점",
                "type":"number"
            },
            {
                "name":"인구수",
                "type":"number"
            },
            {
                "name":"인구증감",
                "type":"number"
            },
            {
                "name":"인구총점",
                "type":"number"
            },
            {
                "name":"일자리",
                "type":"number"
            },
            {
                "name":"소득수준",
                "type":"number"
            },
            {
                "name":"일자리총점",
                "type":"number"
            },
            {
                "name":"가치 총점",
                "type":"number"
            },
            {
                "name":"매매실거래년",
                "type":"string"
            },
            {
                "name":"매매실거래가",
                "type":"number"
            },
            {
                "name":"전세실거래년",
                "type":"number"
            },
            {
                "name":"전세실거래가",
                "type":"number"
            },
            {
                "name":"전세가율",
                "type":"number"
            },
            {
                "name":"장기전세가율평균",
                "type":"number"
            },
            {
                "name":"전세가율거품지수",
                "type":"number"
            },
            {
                "name":"검색코드",
                "type":"integer"
            },
            {
                "name":"세대수",
                "type":"number"
            },
            {
                "name":"준공년월",
                "type":"string"
            },
            {
                "name":"준공년차",
                "type":"number"
            },
            {
                "name":"가까운역이름",
                "type":"string"
            },
            {
                "name":"가까운역거리",
                "type":"string"
            },
            {
                "name":"역세권여부",
                "type":"string"
            },
            {
                "name":"30분이내주요거점역",
                "type":"string"
            },
            {
                "name":"30분거점역이름",
                "type":"string"
            },
            {
                "name":"1시간이내주요거점역",
                "type":"string"
            },
            {
                "name":"1시간거점역이름",
                "type":"string"
            },
            {
                "name":"3km이내백화점수",
                "type":"integer"
            },
            {
                "name":"5km이내아울렛몰수",
                "type":"integer"
            },
            {
                "name":"1km이내대형먀트수",
                "type":"integer"
            },
            {
                "name":"500m이내은행수",
                "type":"integer"
            },
            {
                "name":"500m이내병원수",
                "type":"integer"
            },
            {
                "name":"5km이내대형병원수",
                "type":"integer"
            },
            {
                "name":"500m이내공원수",
                "type":"integer"
            },
            {
                "name":"3km이내혐오시설수",
                "type":"integer"
            },
            {
                "name":"초등학교학업성취도",
                "type":"number"
            },
            {
                "name":"중학교학업성취도",
                "type":"number"
            },
            {
                "name":"용적률",
                "type":"integer"
            },
            {
                "name":"건폐율",
                "type":"integer"
            },
            {
                "name":"Y",
                "type":"number"
            },
            {
                "name":"X",
                "type":"number"
            },
            {
                "name":"rank",
                "type":"number"
            },
            {
                "name":"area_info",
                "type":"string"
            },
            {
                "name":"last_sales",
                "type":"string"
            },
            {
                "name":"rank_history",
                "type":"string"
            },
            {
                "name":"rank_gap",
                "type":"integer"
            }
        ],
        "primaryKey":[
            "index"
        ],
        "pandas_version":"1.4.0"
    },
    "data":[
        {
            "index":16,
            "아파트명":"두호SK뷰푸르지오1단지",
            "투자타입":"일반",
            "전용면적(m2)":"98.43",
            "전용면적(평)":"29평",
            "법정동주소":"경상북도 포항시 북구 두호동 1022",
            "도로명주소":"경상북도 포항시 북구 두호로 66",
            "세대수":80,
            "입주년차":100,
            "용적률점수":"--",
            "건폐율점수":"--",
            "세대당주차수":30,
            "난방방식":30,
            "공급면적":"--",
            "전용률":"--",
            "욕실수":100,
            "현관타입":100,
            "주거총점":75.5,
            "지역구공급총점":0.0,
            "역세권":"NA",
            "30분내 이동가능 거점":"NA",
            "1시간내 이동가능 거점":"NA",
            "교통총점":"NA",
            "백화점":100,
            "아울렛몰":0,
            "대형마트":0,
            "은행":0,
            "병원":80,
            "종합병원":100,
            "공원":100,
            "혐오시설":0,
            "인프라총점":61.0,
            "초등학군":90.0,
            "중학군":50.04,
            "학군총점":58.032,
            "인구수":28.98,
            "인구증감":-2.28,
            "인구총점":19.602,
            "일자리":16.78,
            "소득수준":81.3,
            "일자리총점":36.136,
            "가치 총점":65.333,
            "매매실거래년":20220105.0,
            "매매실거래가":49000.0,
            "전세실거래년":null,
            "전세실거래가":null,
            "전세가율":null,
            "장기전세가율평균":78.19,
            "전세가율거품지수":null,
            "검색코드":117338,
            "세대수":752.0,
            "준공년월":"2020-01-01",
            "준공년차":3.0,
            "가까운역이름":"NA",
            "가까운역거리":"NA",
            "역세권여부":"NA",
            "30분이내주요거점역":"NA",
            "30분거점역이름":"NA",
            "1시간이내주요거점역":"NA",
            "1시간거점역이름":"NA",
            "3km이내백화점수":1,
            "5km이내아울렛몰수":0,
            "1km이내대형먀트수":0,
            "500m이내은행수":1,
            "500m이내병원수":36,
            "5km이내대형병원수":4,
            "500m이내공원수":7,
            "3km이내혐오시설수":0,
            "초등학교학업성취도":90.0,
            "중학교학업성취도":83.4,
            "용적률":297,
            "건폐율":21,
            "Y":36.061733,
            "X":129.372027,
            "rank":1.0,
            "area_info":"29평(98.43), 30평(99.54), 33평(110.98), 34평(113.01)",
            "last_sales":"2022-01-05,49000.0,34평(113.01)",
            "rank_history":[
                [
                    "202202",
                    1
                ],
                [
                    "202201",
                    2
                ]
            ],
            "rank_gap":1
        },
        {
            "index":353,
            "아파트명":"현진에버빌2단지",
            "투자타입":"일반",
            "전용면적(m2)":"120.92",
            "전용면적(평)":"36평",
            "법정동주소":"경상북도 포항시 북구 장성동 1608",
            "도로명주소":"경상북도 포항시 북구 성실로 50",
            "세대수":80,
            "입주년차":40,
            "용적률점수":"--",
            "건폐율점수":"--",
            "세대당주차수":30,
            "난방방식":30,
            "공급면적":"--",
            "전용률":"--",
            "욕실수":100,
            "현관타입":100,
            "주거총점":63.5,
            "지역구공급총점":0.0,
            "역세권":"NA",
            "30분내 이동가능 거점":"NA",
            "1시간내 이동가능 거점":"NA",
            "교통총점":"NA",
            "백화점":100,
            "아울렛몰":0,
            "대형마트":80,
            "은행":0,
            "병원":60,
            "종합병원":100,
            "공원":100,
            "혐오시설":0,
            "인프라총점":71.0,
            "초등학군":89.98,
            "중학군":50.04,
            "학군총점":58.028,
            "인구수":28.98,
            "인구증감":-2.28,
            "인구총점":19.602,
            "일자리":16.78,
            "소득수준":81.3,
            "일자리총점":36.136,
            "가치 총점":65.132,
            "매매실거래년":20220128.0,
            "매매실거래가":26300.0,
            "전세실거래년":20220115.0,
            "전세실거래가":25500.0,
            "전세가율":96.96,
            "장기전세가율평균":78.19,
            "전세가율거품지수":-18.77,
            "검색코드":105548,
            "세대수":814.0,
            "준공년월":"2008-08-25",
            "준공년차":15.0,
            "가까운역이름":"NA",
            "가까운역거리":"NA",
            "역세권여부":"NA",
            "30분이내주요거점역":"NA",
            "30분거점역이름":"NA",
            "1시간이내주요거점역":"NA",
            "1시간거점역이름":"NA",
            "3km이내백화점수":1,
            "5km이내아울렛몰수":0,
            "1km이내대형먀트수":1,
            "500m이내은행수":0,
            "500m이내병원수":12,
            "5km이내대형병원수":2,
            "500m이내공원수":6,
            "3km이내혐오시설수":0,
            "초등학교학업성취도":89.98,
            "중학교학업성취도":83.4,
            "용적률":298,
            "건폐율":18,
            "Y":36.068741,
            "X":129.374828,
            "rank":2.0,
            "area_info":"36평(120.92), 38평(126.36), 44평(145.75), 53평(177.87)",
            "last_sales":"2022-01-28,26300.0,36평(120.92)",
            "rank_history":[
                [
                    "202202",
                    2
                ],
                [
                    "202201",
                    1
                ]
            ],
            "rank_gap":-1
        },
        {
            "index":458,
            "아파트명":"환호해맞이그린빌",
            "투자타입":"일반",
            "전용면적(m2)":"60.2",
            "전용면적(평)":"18평",
            "법정동주소":"경상북도 포항시 북구 환호동 409-1",
            "도로명주소":"경상북도 포항시 북구 삼호로 391",
            "세대수":100,
            "입주년차":40,
            "용적률점수":"--",
            "건폐율점수":"--",
            "세대당주차수":30,
            "난방방식":100,
            "공급면적":"--",
            "전용률":"--",
            "욕실수":50,
            "현관타입":100,
            "주거총점":72.5,
            "지역구공급총점":0.0,
            "역세권":"NA",
            "30분내 이동가능 거점":"NA",
            "1시간내 이동가능 거점":"NA",
            "교통총점":"NA",
            "백화점":100,
            "아울렛몰":0,
            "대형마트":80,
            "은행":0,
            "병원":10,
            "종합병원":80,
            "공원":100,
            "혐오시설":0,
            "인프라총점":62.0,
            "초등학군":89.99,
            "중학군":47.9,
            "학군총점":56.318,
            "인구수":28.98,
            "인구증감":-2.28,
            "인구총점":19.602,
            "일자리":16.78,
            "소득수준":81.3,
            "일자리총점":36.136,
            "가치 총점":64.2545,
            "매매실거래년":20220107.0,
            "매매실거래가":17000.0,
            "전세실거래년":20211224.0,
            "전세실거래가":11900.0,
            "전세가율":97.54,
            "장기전세가율평균":78.19,
            "전세가율거품지수":-19.35,
            "검색코드":19732,
            "세대수":2023.0,
            "준공년월":"2005-12-22",
            "준공년차":18.0,
            "가까운역이름":"NA",
            "가까운역거리":"NA",
            "역세권여부":"NA",
            "30분이내주요거점역":"NA",
            "30분거점역이름":"NA",
            "1시간이내주요거점역":"NA",
            "1시간거점역이름":"NA",
            "3km이내백화점수":1,
            "5km이내아울렛몰수":0,
            "1km이내대형먀트수":1,
            "500m이내은행수":0,
            "500m이내병원수":4,
            "5km이내대형병원수":1,
            "500m이내공원수":2,
            "3km이내혐오시설수":0,
            "초등학교학업성취도":89.99,
            "중학교학업성취도":79.3,
            "용적률":299,
            "건폐율":19,
            "Y":36.069938,
            "X":129.391411,
            "rank":3.0,
            "area_info":"18평(60.2), 25평(84.51), 25평(84.46), 30평(102.34), 33평(112.32), 34평(113.79), 42평(139.6)",
            "last_sales":"2022-01-07,17000.0,25평(84.46)",
            "rank_history":[
                [
                    "202202",
                    3
                ],
                [
                    "202201",
                    3
                ]
            ],
            "rank_gap":0
        },
        {
            "index":388,
            "아파트명":"창포메트로시티2단지",
            "투자타입":"일반",
            "전용면적(m2)":"83.91",
            "전용면적(평)":"25평",
            "법정동주소":"경상북도 포항시 북구 창포동 656",
            "도로명주소":"경상북도 포항시 북구 우창로 166",
            "세대수":100,
            "입주년차":80,
            "용적률점수":"--",
            "건폐율점수":"--",
            "세대당주차수":30,
            "난방방식":30,
            "공급면적":"--",
            "전용률":"--",
            "욕실수":100,
            "현관타입":100,
            "주거총점":78.5,
            "지역구공급총점":0.0,
            "역세권":"NA",
            "30분내 이동가능 거점":"NA",
            "1시간내 이동가능 거점":"NA",
            "교통총점":"NA",
            "백화점":100,
            "아울렛몰":0,
            "대형마트":0,
            "은행":0,
            "병원":10,
            "종합병원":100,
            "공원":100,
            "혐오시설":0,
            "인프라총점":54.0,
            "초등학군":89.98,
            "중학군":50.04,
            "학군총점":58.028,
            "인구수":28.98,
            "인구증감":-2.28,
            "인구총점":19.602,
            "일자리":16.78,
            "소득수준":81.3,
            "일자리총점":36.136,
            "가치 총점":63.582,
            "매매실거래년":20220127.0,
            "매매실거래가":27800.0,
            "전세실거래년":20220125.0,
            "전세실거래가":25000.0,
            "전세가율":89.93,
            "장기전세가율평균":78.19,
            "전세가율거품지수":-11.74,
            "검색코드":108575,
            "세대수":1640.0,
            "준공년월":"2018-03-29",
            "준공년차":5.0,
            "가까운역이름":"NA",
            "가까운역거리":"NA",
            "역세권여부":"NA",
            "30분이내주요거점역":"NA",
            "30분거점역이름":"NA",
            "1시간이내주요거점역":"NA",
            "1시간거점역이름":"NA",
            "3km이내백화점수":1,
            "5km이내아울렛몰수":0,
            "1km이내대형먀트수":0,
            "500m이내은행수":0,
            "500m이내병원수":4,
            "5km이내대형병원수":3,
            "500m이내공원수":9,
            "3km이내혐오시설수":0,
            "초등학교학업성취도":89.98,
            "중학교학업성취도":83.4,
            "용적률":286,
            "건폐율":17,
            "Y":36.067423,
            "X":129.367243,
            "rank":4.0,
            "area_info":"25평(83.91), 25평(83.91), 25평(84.03), 28평(95.84), 28평(95.84), 29평(98.78), 33평(111.14), 39평(129.02)",
            "last_sales":"2022-01-27,27800.0,25평(83.91)",
            "rank_history":[
                [
                    "202202",
                    4
                ],
                [
                    "202201",
                    4
                ]
            ],
            "rank_gap":0
        },
        {
            "index":44,
            "아파트명":"우방신천지타운",
            "투자타입":"일반",
            "전용면적(m2)":"81.23",
            "전용면적(평)":"24평",
            "법정동주소":"경상북도 포항시 북구 두호동 753",
            "도로명주소":"경상북도 포항시 북구 새천년대로1020번길 12",
            "세대수":100,
            "입주년차":40,
            "용적률점수":"--",
            "건폐율점수":"--",
            "세대당주차수":30,
            "난방방식":30,
            "공급면적":"--",
            "전용률":"--",
            "욕실수":50,
            "현관타입":100,
            "주거총점":65.5,
            "지역구공급총점":0.0,
            "역세권":"NA",
            "30분내 이동가능 거점":"NA",
            "1시간내 이동가능 거점":"NA",
            "교통총점":"NA",
            "백화점":100,
            "아울렛몰":0,
            "대형마트":0,
            "은행":0,
            "병원":80,
            "종합병원":100,
            "공원":100,
            "혐오시설":0,
            "인프라총점":61.0,
            "초등학군":90.0,
            "중학군":50.04,
            "학군총점":58.032,
            "인구수":28.98,
            "인구증감":-2.28,
            "인구총점":19.602,
            "일자리":16.78,
            "소득수준":81.3,
            "일자리총점":36.136,
            "가치 총점":61.833,
            "매매실거래년":20211225.0,
            "매매실거래가":20300.0,
            "전세실거래년":20211127.0,
            "전세실거래가":17000.0,
            "전세가율":91.4,
            "장기전세가율평균":78.19,
            "전세가율거품지수":-13.21,
            "검색코드":16370,
            "세대수":1510.0,
            "준공년월":"2004-04-12",
            "준공년차":19.0,
            "가까운역이름":"NA",
            "가까운역거리":"NA",
            "역세권여부":"NA",
            "30분이내주요거점역":"NA",
            "30분거점역이름":"NA",
            "1시간이내주요거점역":"NA",
            "1시간거점역이름":"NA",
            "3km이내백화점수":1,
            "5km이내아울렛몰수":0,
            "1km이내대형먀트수":0,
            "500m이내은행수":1,
            "500m이내병원수":31,
            "5km이내대형병원수":4,
            "500m이내공원수":3,
            "3km이내혐오시설수":0,
            "초등학교학업성취도":90.0,
            "중학교학업성취도":83.4,
            "용적률":284,
            "건폐율":20,
            "Y":36.058771,
            "X":129.37189,
            "rank":5.0,
            "area_info":"24평(81.23), 28평(93.01), 30평(101.68), 33평(109.51), 34평(112.92), 48평(160.62), 57평(189.04), 75평(248.6)",
            "last_sales":"2021-12-25,20300.0,34평(112.92)",
            "rank_history":[
                [
                    "202202",
                    5
                ],
                [
                    "202201",
                    7
                ]
            ],
            "rank_gap":2
        },
        {
            "index":20,
            "아파트명":"두호SK뷰푸르지오2단지",
            "투자타입":"일반",
            "전용면적(m2)":"98.95",
            "전용면적(평)":"29평",
            "법정동주소":"경상북도 포항시 북구 두호동 1058",
            "도로명주소":"경상북도 포항시 북구 두호로 65",
            "세대수":50,
            "입주년차":100,
            "용적률점수":"--",
            "건폐율점수":"--",
            "세대당주차수":30,
            "난방방식":30,
            "공급면적":"--",
            "전용률":"--",
            "욕실수":100,
            "현관타입":100,
            "주거총점":65.0,
            "지역구공급총점":0.0,
            "역세권":"NA",
            "30분내 이동가능 거점":"NA",
            "1시간내 이동가능 거점":"NA",
            "교통총점":"NA",
            "백화점":100,
            "아울렛몰":0,
            "대형마트":0,
            "은행":0,
            "병원":80,
            "종합병원":100,
            "공원":100,
            "혐오시설":0,
            "인프라총점":61.0,
            "초등학군":90.0,
            "중학군":50.04,
            "학군총점":58.032,
            "인구수":28.98,
            "인구증감":-2.28,
            "인구총점":19.602,
            "일자리":16.78,
            "소득수준":81.3,
            "일자리총점":36.136,
            "가치 총점":61.658,
            "매매실거래년":20211204.0,
            "매매실거래가":53500.0,
            "전세실거래년":20220122.0,
            "전세실거래가":32000.0,
            "전세가율":86.49,
            "장기전세가율평균":78.19,
            "전세가율거품지수":-8.3,
            "검색코드":117341,
            "세대수":569.0,
            "준공년월":"2020-01-01",
            "준공년차":3.0,
            "가까운역이름":"NA",
            "가까운역거리":"NA",
            "역세권여부":"NA",
            "30분이내주요거점역":"NA",
            "30분거점역이름":"NA",
            "1시간이내주요거점역":"NA",
            "1시간거점역이름":"NA",
            "3km이내백화점수":1,
            "5km이내아울렛몰수":0,
            "1km이내대형먀트수":0,
            "500m이내은행수":1,
            "500m이내병원수":33,
            "5km이내대형병원수":4,
            "500m이내공원수":6,
            "3km이내혐오시설수":0,
            "초등학교학업성취도":90.0,
            "중학교학업성취도":83.4,
            "용적률":297,
            "건폐율":21,
            "Y":36.060286,
            "X":129.371675,
            "rank":6.0,
            "area_info":"29평(98.95), 30평(100.06), 33평(111.57), 34평(113.6)",
            "last_sales":"2021-12-04,53500.0,34평(113.6)",
            "rank_history":[
                [
                    "202202",
                    6
                ],
                [
                    "202201",
                    9
                ]
            ],
            "rank_gap":3
        },
        {
            "index":349,
            "아파트명":"현진에버빌1단지",
            "투자타입":"일반",
            "전용면적(m2)":"117.56",
            "전용면적(평)":"35평",
            "법정동주소":"경상북도 포항시 북구 장성동 1607",
            "도로명주소":"경상북도 포항시 북구 성실로 55",
            "세대수":50,
            "입주년차":40,
            "용적률점수":"--",
            "건폐율점수":"--",
            "세대당주차수":30,
            "난방방식":30,
            "공급면적":"--",
            "전용률":"--",
            "욕실수":100,
            "현관타입":100,
            "주거총점":53.0,
            "지역구공급총점":0.0,
            "역세권":"NA",
            "30분내 이동가능 거점":"NA",
            "1시간내 이동가능 거점":"NA",
            "교통총점":"NA",
            "백화점":100,
            "아울렛몰":0,
            "대형마트":80,
            "은행":0,
            "병원":60,
            "종합병원":100,
            "공원":100,
            "혐오시설":0,
            "인프라총점":71.0,
            "초등학군":89.98,
            "중학군":50.04,
            "학군총점":58.028,
            "인구수":28.98,
            "인구증감":-2.28,
            "인구총점":19.602,
            "일자리":16.78,
            "소득수준":81.3,
            "일자리총점":36.136,
            "가치 총점":61.457,
            "매매실거래년":20211115.0,
            "매매실거래가":38500.0,
            "전세실거래년":20211224.0,
            "전세실거래가":26500.0,
            "전세가율":94.98,
            "장기전세가율평균":78.19,
            "전세가율거품지수":-16.79,
            "검색코드":23826,
            "세대수":619.0,
            "준공년월":"2008-08-25",
            "준공년차":15.0,
            "가까운역이름":"NA",
            "가까운역거리":"NA",
            "역세권여부":"NA",
            "30분이내주요거점역":"NA",
            "30분거점역이름":"NA",
            "1시간이내주요거점역":"NA",
            "1시간거점역이름":"NA",
            "3km이내백화점수":1,
            "5km이내아울렛몰수":0,
            "1km이내대형먀트수":1,
            "500m이내은행수":0,
            "500m이내병원수":15,
            "5km이내대형병원수":2,
            "500m이내공원수":8,
            "3km이내혐오시설수":0,
            "초등학교학업성취도":89.98,
            "중학교학업성취도":83.4,
            "용적률":298,
            "건폐율":20,
            "Y":36.067621,
            "X":129.37398,
            "rank":7.0,
            "area_info":"35평(117.56), 38평(125.73), 44평(147.23), 53평(178.33)",
            "last_sales":"2021-11-15,38500.0,53평(178.33)",
            "rank_history":[
                [
                    "202202",
                    7
                ],
                [
                    "202201",
                    6
                ]
            ],
            "rank_gap":-1
        },
        {
            "index":243,
            "아파트명":"우현우방아이유쉘센트럴",
            "투자타입":"일반",
            "전용면적(m2)":"112.55",
            "전용면적(평)":"34평",
            "법정동주소":"경상북도 포항시 북구 우현동 547",
            "도로명주소":"경상북도 포항시 북구 아치로 10",
            "세대수":50,
            "입주년차":100,
            "용적률점수":"--",
            "건폐율점수":"--",
            "세대당주차수":60,
            "난방방식":30,
            "공급면적":"--",
            "전용률":"--",
            "욕실수":100,
            "현관타입":100,
            "주거총점":69.5,
            "지역구공급총점":0.0,
            "역세권":"NA",
            "30분내 이동가능 거점":"NA",
            "1시간내 이동가능 거점":"NA",
            "교통총점":"NA",
            "백화점":100,
            "아울렛몰":0,
            "대형마트":0,
            "은행":0,
            "병원":30,
            "종합병원":100,
            "공원":80,
            "혐오시설":0,
            "인프라총점":55.4,
            "초등학군":90.0,
            "중학군":50.22,
            "학군총점":58.176,
            "인구수":28.98,
            "인구증감":-2.28,
            "인구총점":19.602,
            "일자리":16.78,
            "소득수준":81.3,
            "일자리총점":36.136,
            "가치 총점":61.029,
            "매매실거래년":20220120.0,
            "매매실거래가":34000.0,
            "전세실거래년":20211127.0,
            "전세실거래가":30000.0,
            "전세가율":88.24,
            "장기전세가율평균":78.19,
            "전세가율거품지수":-10.05,
            "검색코드":111936,
            "세대수":478.0,
            "준공년월":"2019-01-25",
            "준공년차":4.0,
            "가까운역이름":"NA",
            "가까운역거리":"NA",
            "역세권여부":"NA",
            "30분이내주요거점역":"NA",
            "30분거점역이름":"NA",
            "1시간이내주요거점역":"NA",
            "1시간거점역이름":"NA",
            "3km이내백화점수":1,
            "5km이내아울렛몰수":0,
            "1km이내대형먀트수":0,
            "500m이내은행수":0,
            "500m이내병원수":8,
            "5km이내대형병원수":5,
            "500m이내공원수":1,
            "3km이내혐오시설수":0,
            "초등학교학업성취도":90.0,
            "중학교학업성취도":83.5,
            "용적률":297,
            "건폐율":17,
            "Y":36.051655,
            "X":129.360772,
            "rank":8.0,
            "area_info":"34평(112.55), 33평(112.36)",
            "last_sales":"2022-01-20,34000.0,34평(112.55)",
            "rank_history":[
                [
                    "202202",
                    8
                ],
                [
                    "202201",
                    8
                ]
            ],
            "rank_gap":0
        },
        {
            "index":385,
            "아파트명":"창포메트로시티1단지",
            "투자타입":"일반",
            "전용면적(m2)":"83.55",
            "전용면적(평)":"25평",
            "법정동주소":"경상북도 포항시 북구 창포동 657",
            "도로명주소":"경상북도 포항시 북구 우창로 164",
            "세대수":50,
            "입주년차":80,
            "용적률점수":"--",
            "건폐율점수":"--",
            "세대당주차수":30,
            "난방방식":30,
            "공급면적":"--",
            "전용률":"--",
            "욕실수":100,
            "현관타입":100,
            "주거총점":61.0,
            "지역구공급총점":0.0,
            "역세권":"NA",
            "30분내 이동가능 거점":"NA",
            "1시간내 이동가능 거점":"NA",
            "교통총점":"NA",
            "백화점":100,
            "아울렛몰":0,
            "대형마트":0,
            "은행":0,
            "병원":60,
            "종합병원":100,
            "공원":100,
            "혐오시설":0,
            "인프라총점":59.0,
            "초등학군":89.99,
            "중학군":50.04,
            "학군총점":58.03,
            "인구수":28.98,
            "인구증감":-2.28,
            "인구총점":19.602,
            "일자리":16.78,
            "소득수준":81.3,
            "일자리총점":36.136,
            "가치 총점":59.4575,
            "매매실거래년":20211227.0,
            "매매실거래가":39900.0,
            "전세실거래년":20220105.0,
            "전세실거래가":26000.0,
            "전세가율":89.66,
            "장기전세가율평균":78.19,
            "전세가율거품지수":-11.47,
            "검색코드":108576,
            "세대수":629.0,
            "준공년월":"2018-03-29",
            "준공년차":5.0,
            "가까운역이름":"NA",
            "가까운역거리":"NA",
            "역세권여부":"NA",
            "30분이내주요거점역":"NA",
            "30분거점역이름":"NA",
            "1시간이내주요거점역":"NA",
            "1시간거점역이름":"NA",
            "3km이내백화점수":1,
            "5km이내아울렛몰수":0,
            "1km이내대형먀트수":0,
            "500m이내은행수":0,
            "500m이내병원수":11,
            "5km이내대형병원수":3,
            "500m이내공원수":10,
            "3km이내혐오시설수":0,
            "초등학교학업성취도":89.99,
            "중학교학업성취도":83.4,
            "용적률":238,
            "건폐율":17,
            "Y":36.065471,
            "X":129.366752,
            "rank":9.0,
            "area_info":"25평(83.55), 33평(111.13), 39평(129.02)",
            "last_sales":"2021-12-27,39900.0,33평(111.13)",
            "rank_history":[
                [
                    "202202",
                    9
                ],
                [
                    "202201",
                    12
                ]
            ],
            "rank_gap":3
        },
        {
            "index":157,
            "아파트명":"양학산KCC스위첸",
            "투자타입":"일반",
            "전용면적(m2)":"98.66",
            "전용면적(평)":"29평",
            "법정동주소":"경상북도 포항시 북구 용흥동 641",
            "도로명주소":"경상북도 포항시 북구 새천년대로631번길 14",
            "세대수":50,
            "입주년차":80,
            "용적률점수":"--",
            "건폐율점수":"--",
            "세대당주차수":30,
            "난방방식":30,
            "공급면적":"--",
            "전용률":"--",
            "욕실수":100,
            "현관타입":100,
            "주거총점":61.0,
            "지역구공급총점":0.0,
            "역세권":"NA",
            "30분내 이동가능 거점":"NA",
            "1시간내 이동가능 거점":"NA",
            "교통총점":"NA",
            "백화점":100,
            "아울렛몰":0,
            "대형마트":80,
            "은행":0,
            "병원":0,
            "종합병원":100,
            "공원":100,
            "혐오시설":0,
            "인프라총점":65.0,
            "초등학군":90.05,
            "중학군":37.68,
            "학군총점":48.154,
            "인구수":28.98,
            "인구증감":-2.28,
            "인구총점":19.602,
            "일자리":16.78,
            "소득수준":81.3,
            "일자리총점":36.136,
            "가치 총점":59.3885,
            "매매실거래년":20211129.0,
            "매매실거래가":30500.0,
            "전세실거래년":20220115.0,
            "전세실거래가":28000.0,
            "전세가율":91.8,
            "장기전세가율평균":78.19,
            "전세가율거품지수":-13.61,
            "검색코드":107032,
            "세대수":585.0,
            "준공년월":"2015-10-30",
            "준공년차":8.0,
            "가까운역이름":"NA",
            "가까운역거리":"NA",
            "역세권여부":"NA",
            "30분이내주요거점역":"NA",
            "30분거점역이름":"NA",
            "1시간이내주요거점역":"NA",
            "1시간거점역이름":"NA",
            "3km이내백화점수":1,
            "5km이내아울렛몰수":0,
            "1km이내대형먀트수":1,
            "500m이내은행수":0,
            "500m이내병원수":1,
            "5km이내대형병원수":5,
            "500m이내공원수":2,
            "3km이내혐오시설수":0,
            "초등학교학업성취도":90.05,
            "중학교학업성취도":62.8,
            "용적률":237,
            "건폐율":19,
            "Y":36.030812,
            "X":129.35474,
            "rank":10.0,
            "area_info":"29평(98.66), 33평(109.14), 33평(109.95), 33평(109.13)",
            "last_sales":"2021-11-29,30500.0,29평(98.66)",
            "rank_history":[
                [
                    "202202",
                    10
                ],
                [
                    "202201",
                    5
                ]
            ],
            "rank_gap":-5
        },
        {
            "index":357,
            "아파트명":"현진에버빌3단지",
            "투자타입":"일반",
            "전용면적(m2)":"82.85",
            "전용면적(평)":"25평",
            "법정동주소":"경상북도 포항시 북구 장성동 1609",
            "도로명주소":"경상북도 포항시 북구 삼흥로69번길 6",
            "세대수":30,
            "입주년차":40,
            "용적률점수":"--",
            "건폐율점수":"--",
            "세대당주차수":30,
            "난방방식":30,
            "공급면적":"--",
            "전용률":"--",
            "욕실수":100,
            "현관타입":100,
            "주거총점":46.0,
            "지역구공급총점":0.0,
            "역세권":"NA",
            "30분내 이동가능 거점":"NA",
            "1시간내 이동가능 거점":"NA",
            "교통총점":"NA",
            "백화점":100,
            "아울렛몰":0,
            "대형마트":80,
            "은행":0,
            "병원":60,
            "종합병원":100,
            "공원":100,
            "혐오시설":0,
            "인프라총점":71.0,
            "초등학군":89.99,
            "중학군":50.04,
            "학군총점":58.03,
            "인구수":28.98,
            "인구증감":-2.28,
            "인구총점":19.602,
            "일자리":16.78,
            "소득수준":81.3,
            "일자리총점":36.136,
            "가치 총점":59.0075,
            "매매실거래년":20211103.0,
            "매매실거래가":27000.0,
            "전세실거래년":20210716.0,
            "전세실거래가":20000.0,
            "전세가율":92.17,
            "장기전세가율평균":78.19,
            "전세가율거품지수":-13.98,
            "검색코드":105547,
            "세대수":321.0,
            "준공년월":"2008-08-25",
            "준공년차":15.0,
            "가까운역이름":"NA",
            "가까운역거리":"NA",
            "역세권여부":"NA",
            "30분이내주요거점역":"NA",
            "30분거점역이름":"NA",
            "1시간이내주요거점역":"NA",
            "1시간거점역이름":"NA",
            "3km이내백화점수":1,
            "5km이내아울렛몰수":0,
            "1km이내대형먀트수":1,
            "500m이내은행수":0,
            "500m이내병원수":18,
            "5km이내대형병원수":2,
            "500m이내공원수":5,
            "3km이내혐오시설수":0,
            "초등학교학업성취도":89.99,
            "중학교학업성취도":83.4,
            "용적률":296,
            "건폐율":26,
            "Y":36.068796,
            "X":129.377881,
            "rank":11.0,
            "area_info":"25평(82.85), 35평(117.73), 38평(126.41), 44평(145.76), 47평(157.01)",
            "last_sales":"2021-11-03,27000.0,44평(145.76)",
            "rank_history":[
                [
                    "202202",
                    11
                ],
                [
                    "202201",
                    10
                ]
            ],
            "rank_gap":-1
        },
        {
            "index":52,
            "아파트명":"우방하이츠",
            "투자타입":"일반",
            "전용면적(m2)":"106.69",
            "전용면적(평)":"32평",
            "법정동주소":"경상북도 포항시 북구 두호동 919",
            "도로명주소":"경상북도 포항시 북구 학전로 103",
            "세대수":50,
            "입주년차":20,
            "용적률점수":"--",
            "건폐율점수":"--",
            "세대당주차수":60,
            "난방방식":30,
            "공급면적":"--",
            "전용률":"--",
            "욕실수":100,
            "현관타입":100,
            "주거총점":53.5,
            "지역구공급총점":0.0,
            "역세권":"NA",
            "30분내 이동가능 거점":"NA",
            "1시간내 이동가능 거점":"NA",
            "교통총점":"NA",
            "백화점":100,
            "아울렛몰":0,
            "대형마트":0,
            "은행":20,
            "병원":80,
            "종합병원":100,
            "공원":100,
            "혐오시설":0,
            "인프라총점":63.0,
            "초등학군":90.0,
            "중학군":50.04,
            "학군총점":58.032,
            "인구수":28.98,
            "인구증감":-2.28,
            "인구총점":19.602,
            "일자리":16.78,
            "소득수준":81.3,
            "일자리총점":36.136,
            "가치 총점":58.433,
            "매매실거래년":20220115.0,
            "매매실거래가":24850.0,
            "전세실거래년":20211016.0,
            "전세실거래가":23000.0,
            "전세가율":92.56,
            "장기전세가율평균":78.19,
            "전세가율거품지수":-14.37,
            "검색코드":16373,
            "세대수":424.0,
            "준공년월":"1999-09-30",
            "준공년차":24.0,
            "가까운역이름":"NA",
            "가까운역거리":"NA",
            "역세권여부":"NA",
            "30분이내주요거점역":"NA",
            "30분거점역이름":"NA",
            "1시간이내주요거점역":"NA",
            "1시간거점역이름":"NA",
            "3km이내백화점수":1,
            "5km이내아울렛몰수":0,
            "1km이내대형먀트수":0,
            "500m이내은행수":2,
            "500m이내병원수":39,
            "5km이내대형병원수":3,
            "500m이내공원수":4,
            "3km이내혐오시설수":0,
            "초등학교학업성취도":90.0,
            "중학교학업성취도":83.4,
            "용적률":251,
            "건폐율":21,
            "Y":36.062279,
            "X":129.374871,
            "rank":12.0,
            "area_info":"32평(106.69), 53평(175.78), 70평(232.27)",
            "last_sales":"2022-01-15,24850.0,32평(106.69)",
            "rank_history":[
                [
                    "202202",
                    12
                ],
                [
                    "202201",
                    11
                ]
            ],
            "rank_gap":-1
        },
        {
            "index":66,
            "아파트명":"창포아이파크2차",
            "투자타입":"일반",
            "전용면적(m2)":"116.48",
            "전용면적(평)":"35평",
            "법정동주소":"경상북도 포항시 북구 두호동 1102-1",
            "도로명주소":"경상북도 포항시 북구 대곡로 21",
            "세대수":50,
            "입주년차":40,
            "용적률점수":"--",
            "건폐율점수":"--",
            "세대당주차수":60,
            "난방방식":30,
            "공급면적":"--",
            "전용률":"--",
            "욕실수":100,
            "현관타입":100,
            "주거총점":57.5,
            "지역구공급총점":0.0,
            "역세권":"NA",
            "30분내 이동가능 거점":"NA",
            "1시간내 이동가능 거점":"NA",
            "교통총점":"NA",
            "백화점":100,
            "아울렛몰":0,
            "대형마트":0,
            "은행":0,
            "병원":60,
            "종합병원":100,
            "공원":100,
            "혐오시설":0,
            "인프라총점":59.0,
            "초등학군":89.99,
            "중학군":50.04,
            "학군총점":58.03,
            "인구수":28.98,
            "인구증감":-2.28,
            "인구총점":19.602,
            "일자리":16.78,
            "소득수준":81.3,
            "일자리총점":36.136,
            "가치 총점":58.2325,
            "매매실거래년":20220118.0,
            "매매실거래가":33600.0,
            "전세실거래년":20211001.0,
            "전세실거래가":13000.0,
            "전세가율":44.37,
            "장기전세가율평균":78.19,
            "전세가율거품지수":33.82,
            "검색코드":26475,
            "세대수":492.0,
            "준공년월":"2005-09-28",
            "준공년차":18.0,
            "가까운역이름":"NA",
            "가까운역거리":"NA",
            "역세권여부":"NA",
            "30분이내주요거점역":"NA",
            "30분거점역이름":"NA",
            "1시간이내주요거점역":"NA",
            "1시간거점역이름":"NA",
            "3km이내백화점수":1,
            "5km이내아울렛몰수":0,
            "1km이내대형먀트수":0,
            "500m이내은행수":0,
            "500m이내병원수":29,
            "5km이내대형병원수":2,
            "500m이내공원수":10,
            "3km이내혐오시설수":0,
            "초등학교학업성취도":89.99,
            "중학교학업성취도":83.4,
            "용적률":290,
            "건폐율":17,
            "Y":36.065186,
            "X":129.372857,
            "rank":13.0,
            "area_info":"35평(116.48), 42평(141.74), 51평(171.85)",
            "last_sales":"2022-01-18,33600.0,42평(141.74)",
            "rank_history":[
                [
                    "202202",
                    13
                ],
                [
                    "202201",
                    13
                ]
            ],
            "rank_gap":0
        },
        {
            "index":108,
            "아파트명":"양덕삼구트리니엔",
            "투자타입":"일반",
            "전용면적(m2)":"116.98",
            "전용면적(평)":"35평",
            "법정동주소":"경상북도 포항시 북구 양덕동 1463",
            "도로명주소":"경상북도 포항시 북구 천마로72번길 33",
            "세대수":80,
            "입주년차":60,
            "용적률점수":"--",
            "건폐율점수":"--",
            "세대당주차수":60,
            "난방방식":30,
            "공급면적":"--",
            "전용률":"--",
            "욕실수":100,
            "현관타입":100,
            "주거총점":72.0,
            "지역구공급총점":0.0,
            "역세권":"NA",
            "30분내 이동가능 거점":"NA",
            "1시간내 이동가능 거점":"NA",
            "교통총점":"NA",
            "백화점":0,
            "아울렛몰":0,
            "대형마트":80,
            "은행":70,
            "병원":60,
            "종합병원":80,
            "공원":100,
            "혐오시설":0,
            "인프라총점":44.0,
            "초등학군":90.01,
            "중학군":52.92,
            "학군총점":60.338,
            "인구수":28.98,
            "인구증감":-2.28,
            "인구총점":19.602,
            "일자리":16.78,
            "소득수준":81.3,
            "일자리총점":36.136,
            "가치 총점":57.8845,
            "매매실거래년":20220103.0,
            "매매실거래가":34000.0,
            "전세실거래년":20211225.0,
            "전세실거래가":27500.0,
            "전세가율":80.88,
            "장기전세가율평균":78.19,
            "전세가율거품지수":-2.69,
            "검색코드":101923,
            "세대수":766.0,
            "준공년월":"2011-05-25",
            "준공년차":12.0,
            "가까운역이름":"NA",
            "가까운역거리":"NA",
            "역세권여부":"NA",
            "30분이내주요거점역":"NA",
            "30분거점역이름":"NA",
            "1시간이내주요거점역":"NA",
            "1시간거점역이름":"NA",
            "3km이내백화점수":0,
            "5km이내아울렛몰수":0,
            "1km이내대형먀트수":1,
            "500m이내은행수":3,
            "500m이내병원수":25,
            "5km이내대형병원수":1,
            "500m이내공원수":2,
            "3km이내혐오시설수":0,
            "초등학교학업성취도":90.01,
            "중학교학업성취도":88.0,
            "용적률":272,
            "건폐율":20,
            "Y":36.084144,
            "X":129.400443,
            "rank":14.0,
            "area_info":"35평(116.98), 44평(145.61), 44평(146.28), 49평(163.82), 54평(179.08)",
            "last_sales":"2022-01-03,34000.0,35평(116.98)",
            "rank_history":[
                [
                    "202202",
                    14
                ],
                [
                    "202201",
                    14
                ]
            ],
            "rank_gap":0
        },
        {
            "index":214,
            "아파트명":"신동아베르디2차",
            "투자타입":"일반",
            "전용면적(m2)":"96.43",
            "전용면적(평)":"29평",
            "법정동주소":"경상북도 포항시 북구 우현동 538",
            "도로명주소":"경상북도 포항시 북구 우창서길 5",
            "세대수":50,
            "입주년차":40,
            "용적률점수":"--",
            "건폐율점수":"--",
            "세대당주차수":30,
            "난방방식":30,
            "공급면적":"--",
            "전용률":"--",
            "욕실수":100,
            "현관타입":100,
            "주거총점":53.0,
            "지역구공급총점":0.0,
            "역세권":"NA",
            "30분내 이동가능 거점":"NA",
            "1시간내 이동가능 거점":"NA",
            "교통총점":"NA",
            "백화점":100,
            "아울렛몰":0,
            "대형마트":0,
            "은행":0,
            "병원":30,
            "종합병원":100,
            "공원":100,
            "혐오시설":0,
            "인프라총점":56.0,
            "초등학군":90.09,
            "중학군":56.7,
            "학군총점":63.378,
            "인구수":28.98,
            "인구증감":-2.28,
            "인구총점":19.602,
            "일자리":16.78,
            "소득수준":81.3,
            "일자리총점":36.136,
            "가치 총점":56.7945,
            "매매실거래년":20211116.0,
            "매매실거래가":17500.0,
            "전세실거래년":20211030.0,
            "전세실거래가":15000.0,
            "전세가율":85.71,
            "장기전세가율평균":78.19,
            "전세가율거품지수":-7.52,
            "검색코드":14526,
            "세대수":492.0,
            "준공년월":"2004-07-31",
            "준공년차":19.0,
            "가까운역이름":"NA",
            "가까운역거리":"NA",
            "역세권여부":"NA",
            "30분이내주요거점역":"NA",
            "30분거점역이름":"NA",
            "1시간이내주요거점역":"NA",
            "1시간거점역이름":"NA",
            "3km이내백화점수":1,
            "5km이내아울렛몰수":0,
            "1km이내대형먀트수":0,
            "500m이내은행수":0,
            "500m이내병원수":5,
            "5km이내대형병원수":5,
            "500m이내공원수":2,
            "3km이내혐오시설수":0,
            "초등학교학업성취도":90.09,
            "중학교학업성취도":94.1,
            "용적률":270,
            "건폐율":16,
            "Y":36.055765,
            "X":129.35731,
            "rank":15.0,
            "area_info":"29평(96.43), 30평(101.16), 32평(108.28), 38평(128.41)",
            "last_sales":"2021-11-16,17500.0,29평(96.43)",
            "rank_history":[
                [
                    "202202",
                    15
                ],
                [
                    "202201",
                    18
                ]
            ],
            "rank_gap":3
        },
        {
            "index":265,
            "아파트명":"포항우현풍림아이원",
            "투자타입":"일반",
            "전용면적(m2)":"115.09",
            "전용면적(평)":"34평",
            "법정동주소":"경상북도 포항시 북구 우현동 우현1토지구획정리지구지구 15B블록 1L로트",
            "도로명주소":"경상북도 포항시 북구 우창동로 71",
            "세대수":50,
            "입주년차":60,
            "용적률점수":"--",
            "건폐율점수":"--",
            "세대당주차수":60,
            "난방방식":30,
            "공급면적":"--",
            "전용률":"--",
            "욕실수":100,
            "현관타입":100,
            "주거총점":61.5,
            "지역구공급총점":0.0,
            "역세권":"NA",
            "30분내 이동가능 거점":"NA",
            "1시간내 이동가능 거점":"NA",
            "교통총점":"NA",
            "백화점":100,
            "아울렛몰":0,
            "대형마트":0,
            "은행":0,
            "병원":10,
            "종합병원":100,
            "공원":0,
            "혐오시설":0,
            "인프라총점":51.0,
            "초등학군":90.09,
            "중학군":50.22,
            "학군총점":58.194,
            "인구수":28.98,
            "인구증감":-2.28,
            "인구총점":19.602,
            "일자리":16.78,
            "소득수준":81.3,
            "일자리총점":36.136,
            "가치 총점":56.4735,
            "매매실거래년":20211107.0,
            "매매실거래가":30500.0,
            "전세실거래년":20211112.0,
            "전세실거래가":30000.0,
            "전세가율":85.96,
            "장기전세가율평균":78.19,
            "전세가율거품지수":-7.77,
            "검색코드":114922,
            "세대수":512.0,
            "준공년월":"2011-03-01",
            "준공년차":12.0,
            "가까운역이름":"NA",
            "가까운역거리":"NA",
            "역세권여부":"NA",
            "30분이내주요거점역":"NA",
            "30분거점역이름":"NA",
            "1시간이내주요거점역":"NA",
            "1시간거점역이름":"NA",
            "3km이내백화점수":1,
            "5km이내아울렛몰수":0,
            "1km이내대형먀트수":0,
            "500m이내은행수":0,
            "500m이내병원수":4,
            "5km이내대형병원수":4,
            "500m이내공원수":0,
            "3km이내혐오시설수":0,
            "초등학교학업성취도":90.09,
            "중학교학업성취도":83.5,
            "용적률":286,
            "건폐율":17,
            "Y":36.057595,
            "X":129.364711,
            "rank":16.0,
            "area_info":"34평(115.09), 35평(117.36), 35평(117.6), 39평(130.61), 47평(158.1)",
            "last_sales":"2021-11-07,30500.0,35평(117.6)",
            "rank_history":[
                [
                    "202202",
                    16
                ],
                [
                    "202201",
                    15
                ]
            ],
            "rank_gap":-1
        },
        {
            "index":307,
            "아파트명":"장성럭키",
            "투자타입":"재건축",
            "전용면적(m2)":"91.94",
            "전용면적(평)":"27평",
            "법정동주소":"경상북도 포항시 북구 장성동 1354",
            "도로명주소":"경상북도 포항시 북구 삼흥로32번길 5",
            "세대수":50,
            "입주년차":"--",
            "용적률점수":0,
            "건폐율점수":80,
            "세대당주차수":"--",
            "난방방식":"--",
            "공급면적":70,
            "전용률":80,
            "욕실수":"--",
            "현관타입":"--",
            "주거총점":38.5,
            "지역구공급총점":0.0,
            "역세권":"NA",
            "30분내 이동가능 거점":"NA",
            "1시간내 이동가능 거점":"NA",
            "교통총점":"NA",
            "백화점":100,
            "아울렛몰":0,
            "대형마트":80,
            "은행":0,
            "병원":60,
            "종합병원":100,
            "공원":100,
            "혐오시설":0,
            "인프라총점":71.0,
            "초등학군":89.98,
            "중학군":50.04,
            "학군총점":58.028,
            "인구수":28.98,
            "인구증감":-2.28,
            "인구총점":19.602,
            "일자리":16.78,
            "소득수준":81.3,
            "일자리총점":36.136,
            "가치 총점":56.382,
            "매매실거래년":20220127.0,
            "매매실거래가":14900.0,
            "전세실거래년":20220128.0,
            "전세실거래가":14500.0,
            "전세가율":97.32,
            "장기전세가율평균":78.19,
            "전세가율거품지수":-19.13,
            "검색코드":16414,
            "세대수":446.0,
            "준공년월":"1992-09-16",
            "준공년차":31.0,
            "가까운역이름":"NA",
            "가까운역거리":"NA",
            "역세권여부":"NA",
            "30분이내주요거점역":"NA",
            "30분거점역이름":"NA",
            "1시간이내주요거점역":"NA",
            "1시간거점역이름":"NA",
            "3km이내백화점수":1,
            "5km이내아울렛몰수":0,
            "1km이내대형먀트수":1,
            "500m이내은행수":0,
            "500m이내병원수":18,
            "5km이내대형병원수":2,
            "500m이내공원수":6,
            "3km이내혐오시설수":0,
            "초등학교학업성취도":89.98,
            "중학교학업성취도":83.4,
            "용적률":268,
            "건폐율":24,
            "Y":36.066277,
            "X":129.379869,
            "rank":17.0,
            "area_info":"27평(91.94), 33평(110.18), 46평(152.99), 56평(185.9)",
            "last_sales":"2022-01-27,14900.0,27평(91.94)",
            "rank_history":[
                [
                    "202202",
                    17
                ],
                [
                    "202201",
                    16
                ]
            ],
            "rank_gap":-1
        },
        {
            "index":408,
            "아파트명":"영일대우방아이유쉘",
            "투자타입":"일반",
            "전용면적(m2)":"80.76",
            "전용면적(평)":"24평",
            "법정동주소":"경상북도 포항시 북구 학산동 349",
            "도로명주소":"경상북도 포항시 북구 학전로 53",
            "세대수":30,
            "입주년차":80,
            "용적률점수":"--",
            "건폐율점수":"--",
            "세대당주차수":30,
            "난방방식":30,
            "공급면적":"--",
            "전용률":"--",
            "욕실수":100,
            "현관타입":100,
            "주거총점":54.0,
            "지역구공급총점":0.0,
            "역세권":"NA",
            "30분내 이동가능 거점":"NA",
            "1시간내 이동가능 거점":"NA",
            "교통총점":"NA",
            "백화점":100,
            "아울렛몰":0,
            "대형마트":0,
            "은행":20,
            "병원":60,
            "종합병원":100,
            "공원":100,
            "혐오시설":0,
            "인프라총점":61.0,
            "초등학군":90.0,
            "중학군":40.74,
            "학군총점":50.592,
            "인구수":28.98,
            "인구증감":-2.28,
            "인구총점":19.602,
            "일자리":16.78,
            "소득수준":81.3,
            "일자리총점":36.136,
            "가치 총점":55.948,
            "매매실거래년":20211210.0,
            "매매실거래가":38000.0,
            "전세실거래년":20210807.0,
            "전세실거래가":24000.0,
            "전세가율":89.55,
            "장기전세가율평균":78.19,
            "전세가율거품지수":-11.36,
            "검색코드":109615,
            "세대수":374.0,
            "준공년월":"2018-01-09",
            "준공년차":5.0,
            "가까운역이름":"NA",
            "가까운역거리":"NA",
            "역세권여부":"NA",
            "30분이내주요거점역":"NA",
            "30분거점역이름":"NA",
            "1시간이내주요거점역":"NA",
            "1시간거점역이름":"NA",
            "3km이내백화점수":1,
            "5km이내아울렛몰수":0,
            "1km이내대형먀트수":0,
            "500m이내은행수":2,
            "500m이내병원수":22,
            "5km이내대형병원수":4,
            "500m이내공원수":2,
            "3km이내혐오시설수":0,
            "초등학교학업성취도":90.0,
            "중학교학업성취도":67.5,
            "용적률":252,
            "건폐율":20,
            "Y":36.057522,
            "X":129.373714,
            "rank":18.0,
            "area_info":"24평(80.76), 34평(113.21), 34평(114.2)",
            "last_sales":"2021-12-10,38000.0,34평(114.2)",
            "rank_history":[
                [
                    "202202",
                    18
                ],
                [
                    "202201",
                    17
                ]
            ],
            "rank_gap":-1
        },
        {
            "index":260,
            "아파트명":"포항우현동금호어울림",
            "투자타입":"일반",
            "전용면적(m2)":"116.67",
            "전용면적(평)":"35평",
            "법정동주소":"경상북도 포항시 북구 우현동 택지개발지구34블럭1로트2로트",
            "도로명주소":"경상북도 포항시 북구 우창동로 157",
            "세대수":50,
            "입주년차":40,
            "용적률점수":"--",
            "건폐율점수":"--",
            "세대당주차수":60,
            "난방방식":30,
            "공급면적":"--",
            "전용률":"--",
            "욕실수":100,
            "현관타입":100,
            "주거총점":57.5,
            "지역구공급총점":0.0,
            "역세권":"NA",
            "30분내 이동가능 거점":"NA",
            "1시간내 이동가능 거점":"NA",
            "교통총점":"NA",
            "백화점":100,
            "아울렛몰":0,
            "대형마트":0,
            "은행":0,
            "병원":0,
            "종합병원":100,
            "공원":100,
            "혐오시설":0,
            "인프라총점":53.0,
            "초등학군":90.09,
            "중학군":50.04,
            "학군총점":58.05,
            "인구수":28.98,
            "인구증감":-2.28,
            "인구총점":19.602,
            "일자리":16.78,
            "소득수준":81.3,
            "일자리총점":36.136,
            "가치 총점":55.8375,
            "매매실거래년":20220108.0,
            "매매실거래가":25500.0,
            "전세실거래년":20211120.0,
            "전세실거래가":22000.0,
            "전세가율":86.27,
            "장기전세가율평균":78.19,
            "전세가율거품지수":-8.08,
            "검색코드":27473,
            "세대수":449.0,
            "준공년월":"2008-12-01",
            "준공년차":15.0,
            "가까운역이름":"NA",
            "가까운역거리":"NA",
            "역세권여부":"NA",
            "30분이내주요거점역":"NA",
            "30분거점역이름":"NA",
            "1시간이내주요거점역":"NA",
            "1시간거점역이름":"NA",
            "3km이내백화점수":1,
            "5km이내아울렛몰수":0,
            "1km이내대형먀트수":0,
            "500m이내은행수":0,
            "500m이내병원수":1,
            "5km이내대형병원수":4,
            "500m이내공원수":3,
            "3km이내혐오시설수":0,
            "초등학교학업성취도":90.09,
            "중학교학업성취도":83.4,
            "용적률":261,
            "건폐율":0,
            "Y":36.062049,
            "X":129.364699,
            "rank":19.0,
            "area_info":"35평(116.67), 36평(120.38), 36평(120.73), 45평(150.68), 50평(166.26)",
            "last_sales":"2022-01-08,25500.0,35평(116.67)",
            "rank_history":[
                [
                    "202202",
                    19
                ],
                [
                    "202201",
                    19
                ]
            ],
            "rank_gap":0
        },
        {
            "index":210,
            "아파트명":"신동아베르디",
            "투자타입":"일반",
            "전용면적(m2)":"107.66",
            "전용면적(평)":"32평",
            "법정동주소":"경상북도 포항시 북구 우현동 540",
            "도로명주소":"경상북도 포항시 북구 우창로 20",
            "세대수":50,
            "입주년차":20,
            "용적률점수":"--",
            "건폐율점수":"--",
            "세대당주차수":60,
            "난방방식":30,
            "공급면적":"--",
            "전용률":"--",
            "욕실수":100,
            "현관타입":100,
            "주거총점":53.5,
            "지역구공급총점":0.0,
            "역세권":"NA",
            "30분내 이동가능 거점":"NA",
            "1시간내 이동가능 거점":"NA",
            "교통총점":"NA",
            "백화점":100,
            "아울렛몰":0,
            "대형마트":0,
            "은행":0,
            "병원":30,
            "종합병원":100,
            "공원":100,
            "혐오시설":0,
            "인프라총점":56.0,
            "초등학군":90.09,
            "중학군":50.22,
            "학군총점":58.194,
            "인구수":28.98,
            "인구증감":-2.28,
            "인구총점":19.602,
            "일자리":16.78,
            "소득수준":81.3,
            "일자리총점":36.136,
            "가치 총점":55.6735,
            "매매실거래년":20220115.0,
            "매매실거래가":21500.0,
            "전세실거래년":20211226.0,
            "전세실거래가":19000.0,
            "전세가율":88.37,
            "장기전세가율평균":78.19,
            "전세가율거품지수":-10.18,
            "검색코드":7231,
            "세대수":504.0,
            "준공년월":"2000-11-21",
            "준공년차":23.0,
            "가까운역이름":"NA",
            "가까운역거리":"NA",
            "역세권여부":"NA",
            "30분이내주요거점역":"NA",
            "30분거점역이름":"NA",
            "1시간이내주요거점역":"NA",
            "1시간거점역이름":"NA",
            "3km이내백화점수":1,
            "5km이내아울렛몰수":0,
            "1km이내대형먀트수":0,
            "500m이내은행수":0,
            "500m이내병원수":7,
            "5km이내대형병원수":5,
            "500m이내공원수":2,
            "3km이내혐오시설수":0,
            "초등학교학업성취도":90.09,
            "중학교학업성취도":83.5,
            "용적률":360,
            "건폐율":23,
            "Y":36.055307,
            "X":129.360365,
            "rank":20.0,
            "area_info":"32평(107.66), 47평(156.33), 53평(176.76), 61평(204.58)",
            "last_sales":"2022-01-15,21500.0,32평(107.66)",
            "rank_history":[
                [
                    "202202",
                    20
                ],
                [
                    "202201",
                    20
                ]
            ],
            "rank_gap":0
        },
        {
            "index":274,
            "아파트명":"두산위브더제니스",
            "투자타입":"일반",
            "전용면적(m2)":"114.49",
            "전용면적(평)":"34평",
            "법정동주소":"경상북도 포항시 북구 장성동 1612",
            "도로명주소":"경상북도 포항시 북구 새천년대로 1235",
            "세대수":100,
            "입주년차":60,
            "용적률점수":"--",
            "건폐율점수":"--",
            "세대당주차수":60,
            "난방방식":30,
            "공급면적":"--",
            "전용률":"--",
            "욕실수":100,
            "현관타입":100,
            "주거총점":79.0,
            "지역구공급총점":0.0,
            "역세권":"NA",
            "30분내 이동가능 거점":"NA",
            "1시간내 이동가능 거점":"NA",
            "교통총점":"NA",
            "백화점":0,
            "아울렛몰":0,
            "대형마트":80,
            "은행":0,
            "병원":10,
            "종합병원":80,
            "공원":100,
            "혐오시설":0,
            "인프라총점":32.0,
            "초등학군":89.99,
            "중학군":52.92,
            "학군총점":60.334,
            "인구수":28.98,
            "인구증감":-2.28,
            "인구총점":19.602,
            "일자리":16.78,
            "소득수준":81.3,
            "일자리총점":36.136,
            "가치 총점":55.5335,
            "매매실거래년":20220118.0,
            "매매실거래가":43800.0,
            "전세실거래년":20211212.0,
            "전세실거래가":33000.0,
            "전세가율":85.71,
            "장기전세가율평균":78.19,
            "전세가율거품지수":-7.52,
            "검색코드":102827,
            "세대수":1713.0,
            "준공년월":"2010-12-07",
            "준공년차":13.0,
            "가까운역이름":"NA",
            "가까운역거리":"NA",
            "역세권여부":"NA",
            "30분이내주요거점역":"NA",
            "30분거점역이름":"NA",
            "1시간이내주요거점역":"NA",
            "1시간거점역이름":"NA",
            "3km이내백화점수":0,
            "5km이내아울렛몰수":0,
            "1km이내대형먀트수":1,
            "500m이내은행수":0,
            "500m이내병원수":3,
            "5km이내대형병원수":1,
            "500m이내공원수":3,
            "3km이내혐오시설수":0,
            "초등학교학업성취도":89.99,
            "중학교학업성취도":88.0,
            "용적률":299,
            "건폐율":14,
            "Y":36.074978,
            "X":129.381863,
            "rank":21.0,
            "area_info":"34평(114.49), 35평(116.69), 39평(130.12), 43평(145.06), 44평(146.88), 49평(163.89), 49평(164.98), 52평(173.79), 58평(193.79), 66평(219.27), 69평(228.23), 75평(248.58), 77평(255.71)",
            "last_sales":"2022-01-18,43800.0,52평(173.79)",
            "rank_history":[
                [
                    "202202",
                    21
                ],
                [
                    "202201",
                    21
                ]
            ],
            "rank_gap":0
        },
        {
            "index":0,
            "아파트명":"고려",
            "투자타입":"재건축",
            "전용면적(m2)":"64.59",
            "전용면적(평)":"19평",
            "법정동주소":"경상북도 포항시 북구 대신동 1-1",
            "도로명주소":"경상북도 포항시 북구 삼호로 91",
            "세대수":0,
            "입주년차":"--",
            "용적률점수":100,
            "건폐율점수":60,
            "세대당주차수":"--",
            "난방방식":"--",
            "공급면적":50,
            "전용률":80,
            "욕실수":"--",
            "현관타입":"--",
            "주거총점":58.5,
            "지역구공급총점":0.0,
            "역세권":"NA",
            "30분내 이동가능 거점":"NA",
            "1시간내 이동가능 거점":"NA",
            "교통총점":"NA",
            "백화점":100,
            "아울렛몰":0,
            "대형마트":0,
            "은행":0,
            "병원":60,
            "종합병원":100,
            "공원":0,
            "혐오시설":0,
            "인프라총점":56.0,
            "초등학군":90.0,
            "중학군":40.74,
            "학군총점":50.592,
            "인구수":28.98,
            "인구증감":-2.28,
            "인구총점":19.602,
            "일자리":16.78,
            "소득수준":81.3,
            "일자리총점":36.136,
            "가치 총점":55.523,
            "매매실거래년":"18000101",
            "매매실거래가":null,
            "전세실거래년":null,
            "전세실거래가":null,
            "전세가율":null,
            "장기전세가율평균":78.19,
            "전세가율거품지수":null,
            "검색코드":110105,
            "세대수":256.0,
            "준공년월":"1984-04-14",
            "준공년차":39.0,
            "가까운역이름":"NA",
            "가까운역거리":"NA",
            "역세권여부":"NA",
            "30분이내주요거점역":"NA",
            "30분거점역이름":"NA",
            "1시간이내주요거점역":"NA",
            "1시간거점역이름":"NA",
            "3km이내백화점수":1,
            "5km이내아울렛몰수":0,
            "1km이내대형먀트수":0,
            "500m이내은행수":1,
            "500m이내병원수":11,
            "5km이내대형병원수":5,
            "500m이내공원수":0,
            "3km이내혐오시설수":0,
            "초등학교학업성취도":90.0,
            "중학교학업성취도":67.5,
            "용적률":129,
            "건폐율":32,
            "Y":36.048793,
            "X":129.369675,
            "rank":22.0,
            "area_info":"19평(64.59), 19평(64.7)",
            "last_sales":"1800-01-01,nan,19평(64.59)",
            "rank_history":[
                [
                    "202202",
                    22
                ],
                [
                    "202201",
                    26
                ]
            ],
            "rank_gap":4
        },
        {
            "index":72,
            "아파트명":"창포아이파크4차",
            "투자타입":"일반",
            "전용면적(m2)":"121.84",
            "전용면적(평)":"36평",
            "법정동주소":"경상북도 포항시 북구 두호동 1101-1",
            "도로명주소":"경상북도 포항시 북구 대곡로 22",
            "세대수":0,
            "입주년차":40,
            "용적률점수":"--",
            "건폐율점수":"--",
            "세대당주차수":30,
            "난방방식":30,
            "공급면적":"--",
            "전용률":"--",
            "욕실수":100,
            "현관타입":100,
            "주거총점":35.5,
            "지역구공급총점":0.0,
            "역세권":"NA",
            "30분내 이동가능 거점":"NA",
            "1시간내 이동가능 거점":"NA",
            "교통총점":"NA",
            "백화점":100,
            "아울렛몰":0,
            "대형마트":80,
            "은행":0,
            "병원":60,
            "종합병원":100,
            "공원":100,
            "혐오시설":0,
            "인프라총점":71.0,
            "초등학군":90.0,
            "중학군":50.04,
            "학군총점":58.032,
            "인구수":28.98,
            "인구증감":-2.28,
            "인구총점":19.602,
            "일자리":16.78,
            "소득수준":81.3,
            "일자리총점":36.136,
            "가치 총점":55.333,
            "매매실거래년":20211120.0,
            "매매실거래가":27000.0,
            "전세실거래년":20210712.0,
            "전세실거래가":28500.0,
            "전세가율":105.56,
            "장기전세가율평균":78.19,
            "전세가율거품지수":-27.37,
            "검색코드":101131,
            "세대수":122.0,
            "준공년월":"2007-07-25",
            "준공년차":16.0,
            "가까운역이름":"NA",
            "가까운역거리":"NA",
            "역세권여부":"NA",
            "30분이내주요거점역":"NA",
            "30분거점역이름":"NA",
            "1시간이내주요거점역":"NA",
            "1시간거점역이름":"NA",
            "3km이내백화점수":1,
            "5km이내아울렛몰수":0,
            "1km이내대형먀트수":1,
            "500m이내은행수":0,
            "500m이내병원수":23,
            "5km이내대형병원수":2,
            "500m이내공원수":7,
            "3km이내혐오시설수":0,
            "초등학교학업성취도":90.0,
            "중학교학업성취도":83.4,
            "용적률":226,
            "건폐율":15,
            "Y":36.065285,
            "X":129.374446,
            "rank":23.0,
            "area_info":"36평(121.84)",
            "last_sales":"2021-11-20,27000.0,36평(121.84)",
            "rank_history":[
                [
                    "202202",
                    23
                ],
                [
                    "202201",
                    22
                ]
            ],
            "rank_gap":-1
        },
        {
            "index":431,
            "아파트명":"대림힐타운",
            "투자타입":"일반",
            "전용면적(m2)":"72.37",
            "전용면적(평)":"21평",
            "법정동주소":"경상북도 포항시 북구 학잠동 21-1",
            "도로명주소":"경상북도 포항시 북구 양학로34번길 14",
            "세대수":90,
            "입주년차":20,
            "용적률점수":"--",
            "건폐율점수":"--",
            "세대당주차수":0,
            "난방방식":30,
            "공급면적":"--",
            "전용률":"--",
            "욕실수":50,
            "현관타입":100,
            "주거총점":53.5,
            "지역구공급총점":0.0,
            "역세권":"NA",
            "30분내 이동가능 거점":"NA",
            "1시간내 이동가능 거점":"NA",
            "교통총점":"NA",
            "백화점":100,
            "아울렛몰":0,
            "대형마트":0,
            "은행":0,
            "병원":30,
            "종합병원":100,
            "공원":0,
            "혐오시설":0,
            "인프라총점":53.0,
            "초등학군":90.05,
            "중학군":54.08,
            "학군총점":61.274,
            "인구수":28.98,
            "인구증감":-2.28,
            "인구총점":19.602,
            "일자리":16.78,
            "소득수준":81.3,
            "일자리총점":36.136,
            "가치 총점":55.2435,
            "매매실거래년":20220121.0,
            "매매실거래가":12480.0,
            "전세실거래년":20211207.0,
            "전세실거래가":12500.0,
            "전세가율":100.16,
            "장기전세가율평균":78.19,
            "전세가율거품지수":-21.97,
            "검색코드":7368,
            "세대수":1220.0,
            "준공년월":"1999-12-17",
            "준공년차":24.0,
            "가까운역이름":"NA",
            "가까운역거리":"NA",
            "역세권여부":"NA",
            "30분이내주요거점역":"NA",
            "30분거점역이름":"NA",
            "1시간이내주요거점역":"NA",
            "1시간거점역이름":"NA",
            "3km이내백화점수":1,
            "5km이내아울렛몰수":0,
            "1km이내대형먀트수":0,
            "500m이내은행수":0,
            "500m이내병원수":8,
            "5km이내대형병원수":5,
            "500m이내공원수":0,
            "3km이내혐오시설수":0,
            "초등학교학업성취도":90.05,
            "중학교학업성취도":89.2,
            "용적률":268,
            "건폐율":20,
            "Y":36.028223,
            "X":129.351778,
            "rank":24.0,
            "area_info":"21평(72.37), 23평(78.9), 29평(96.33), 32평(107.27), 43평(144.64)",
            "last_sales":"2022-01-21,12480.0,21평(72.37)",
            "rank_history":[
                [
                    "202202",
                    24
                ],
                [
                    "202201",
                    31
                ]
            ],
            "rank_gap":7
        },
        {
            "index":367,
            "아파트명":"죽도신성펠리스2차",
            "투자타입":"일반",
            "전용면적(m2)":"68.92",
            "전용면적(평)":"20평",
            "법정동주소":"경상북도 포항시 북구 죽도동 604-23",
            "도로명주소":"경상북도 포항시 북구 중흥로 251",
            "세대수":0,
            "입주년차":80,
            "용적률점수":"--",
            "건폐율점수":"--",
            "세대당주차수":0,
            "난방방식":30,
            "공급면적":"--",
            "전용률":"--",
            "욕실수":100,
            "현관타입":100,
            "주거총점":39.0,
            "지역구공급총점":0.0,
            "역세권":"NA",
            "30분내 이동가능 거점":"NA",
            "1시간내 이동가능 거점":"NA",
            "교통총점":"NA",
            "백화점":100,
            "아울렛몰":0,
            "대형마트":80,
            "은행":0,
            "병원":80,
            "종합병원":100,
            "공원":100,
            "혐오시설":0,
            "인프라총점":73.0,
            "초등학군":90.05,
            "중학군":38.14,
            "학군총점":48.522,
            "인구수":28.98,
            "인구증감":-2.28,
            "인구총점":19.602,
            "일자리":16.78,
            "소득수준":81.3,
            "일자리총점":36.136,
            "가치 총점":54.9805,
            "매매실거래년":20211110.0,
            "매매실거래가":13800.0,
            "전세실거래년":20200206.0,
            "전세실거래가":12000.0,
            "전세가율":86.96,
            "장기전세가율평균":78.19,
            "전세가율거품지수":-8.77,
            "검색코드":131951,
            "세대수":106.0,
            "준공년월":"2015-12-22",
            "준공년차":8.0,
            "가까운역이름":"NA",
            "가까운역거리":"NA",
            "역세권여부":"NA",
            "30분이내주요거점역":"NA",
            "30분거점역이름":"NA",
            "1시간이내주요거점역":"NA",
            "1시간거점역이름":"NA",
            "3km이내백화점수":1,
            "5km이내아울렛몰수":0,
            "1km이내대형먀트수":1,
            "500m이내은행수":0,
            "500m이내병원수":32,
            "5km이내대형병원수":5,
            "500m이내공원수":6,
            "3km이내혐오시설수":0,
            "초등학교학업성취도":90.05,
            "중학교학업성취도":63.1,
            "용적률":0,
            "건폐율":0,
            "Y":36.025838,
            "X":129.360146,
            "rank":25.0,
            "area_info":"20평(68.92), 20평(69.42), 20평(69.34), 21평(71.16), 21평(72.68), 23평(77.67), 23평(77.32), 23평(77.76), 23평(78.56), 25평(85.75)",
            "last_sales":"2021-11-10,13800.0,20평(68.92)",
            "rank_history":[
                [
                    "202202",
                    25
                ],
                [
                    "202201",
                    29
                ]
            ],
            "rank_gap":4
        },
        {
            "index":39,
            "아파트명":"산호녹원맨션",
            "투자타입":"일반",
            "전용면적(m2)":"76.42",
            "전용면적(평)":"23평",
            "법정동주소":"경상북도 포항시 북구 두호동 1074",
            "도로명주소":"경상북도 포항시 북구 삼흥로100번길 43",
            "세대수":50,
            "입주년차":0,
            "용적률점수":"--",
            "건폐율점수":"--",
            "세대당주차수":0,
            "난방방식":30,
            "공급면적":"--",
            "전용률":"--",
            "욕실수":50,
            "현관타입":100,
            "주거총점":35.5,
            "지역구공급총점":0.0,
            "역세권":"NA",
            "30분내 이동가능 거점":"NA",
            "1시간내 이동가능 거점":"NA",
            "교통총점":"NA",
            "백화점":100,
            "아울렛몰":0,
            "대형마트":80,
            "은행":0,
            "병원":60,
            "종합병원":100,
            "공원":100,
            "혐오시설":0,
            "인프라총점":71.0,
            "초등학군":89.99,
            "중학군":47.9,
            "학군총점":56.318,
            "인구수":28.98,
            "인구증감":-2.28,
            "인구총점":19.602,
            "일자리":16.78,
            "소득수준":81.3,
            "일자리총점":36.136,
            "가치 총점":54.9045,
            "매매실거래년":20211125.0,
            "매매실거래가":14300.0,
            "전세실거래년":20210913.0,
            "전세실거래가":9000.0,
            "전세가율":91.84,
            "장기전세가율평균":78.19,
            "전세가율거품지수":-13.65,
            "검색코드":16369,
            "세대수":420.0,
            "준공년월":"1993-05-26",
            "준공년차":30.0,
            "가까운역이름":"NA",
            "가까운역거리":"NA",
            "역세권여부":"NA",
            "30분이내주요거점역":"NA",
            "30분거점역이름":"NA",
            "1시간이내주요거점역":"NA",
            "1시간거점역이름":"NA",
            "3km이내백화점수":1,
            "5km이내아울렛몰수":0,
            "1km이내대형먀트수":1,
            "500m이내은행수":0,
            "500m이내병원수":12,
            "5km이내대형병원수":2,
            "500m이내공원수":2,
            "3km이내혐오시설수":0,
            "초등학교학업성취도":89.99,
            "중학교학업성취도":79.3,
            "용적률":328,
            "건폐율":26,
            "Y":36.06959,
            "X":129.384123,
            "rank":26.0,
            "area_info":"23평(76.42), 25평(83.12), 29평(97.05), 30평(100.27), 31평(103.76)",
            "last_sales":"2021-11-25,14300.0,31평(103.76)",
            "rank_history":[
                [
                    "202202",
                    26
                ],
                [
                    "202201",
                    30
                ]
            ],
            "rank_gap":4
        },
        {
            "index":448,
            "아파트명":"포항우방비치타운",
            "투자타입":"일반",
            "전용면적(m2)":"80.28",
            "전용면적(평)":"24평",
            "법정동주소":"경상북도 포항시 북구 항구동 13",
            "도로명주소":"경상북도 포항시 북구 삼호로 175",
            "세대수":80,
            "입주년차":20,
            "용적률점수":"--",
            "건폐율점수":"--",
            "세대당주차수":30,
            "난방방식":80,
            "공급면적":"--",
            "전용률":"--",
            "욕실수":50,
            "현관타입":100,
            "주거총점":59.5,
            "지역구공급총점":0.0,
            "역세권":"NA",
            "30분내 이동가능 거점":"NA",
            "1시간내 이동가능 거점":"NA",
            "교통총점":"NA",
            "백화점":100,
            "아울렛몰":0,
            "대형마트":0,
            "은행":0,
            "병원":10,
            "종합병원":100,
            "공원":80,
            "혐오시설":0,
            "인프라총점":53.4,
            "초등학군":90.0,
            "중학군":40.74,
            "학군총점":50.592,
            "인구수":28.98,
            "인구증감":-2.28,
            "인구총점":19.602,
            "일자리":16.78,
            "소득수준":81.3,
            "일자리총점":36.136,
            "가치 총점":54.833,
            "매매실거래년":20211218.0,
            "매매실거래가":28000.0,
            "전세실거래년":20211124.0,
            "전세실거래가":7263.0,
            "전세가율":44.29,
            "장기전세가율평균":78.19,
            "전세가율거품지수":33.9,
            "검색코드":16429,
            "세대수":888.0,
            "준공년월":"1999-12-01",
            "준공년차":24.0,
            "가까운역이름":"NA",
            "가까운역거리":"NA",
            "역세권여부":"NA",
            "30분이내주요거점역":"NA",
            "30분거점역이름":"NA",
            "1시간이내주요거점역":"NA",
            "1시간거점역이름":"NA",
            "3km이내백화점수":1,
            "5km이내아울렛몰수":0,
            "1km이내대형먀트수":0,
            "500m이내은행수":0,
            "500m이내병원수":4,
            "5km이내대형병원수":4,
            "500m이내공원수":1,
            "3km이내혐오시설수":0,
            "초등학교학업성취도":90.0,
            "중학교학업성취도":67.5,
            "용적률":335,
            "건폐율":24,
            "Y":36.054449,
            "X":129.375533,
            "rank":27.0,
            "area_info":"24평(80.28), 32평(107.22), 42평(139.46)",
            "last_sales":"2021-12-18,28000.0,42평(139.46)",
            "rank_history":[
                [
                    "202202",
                    27
                ],
                [
                    "202201",
                    23
                ]
            ],
            "rank_gap":-4
        },
        {
            "index":227,
            "아파트명":"우현삼도뷰엔빌W(16,19블럭)",
            "투자타입":"일반",
            "전용면적(m2)":"24.4",
            "전용면적(평)":"7평",
            "법정동주소":"경상북도 포항시 북구 우현동 우현토지구획정리지구 16,19블럭",
            "도로명주소":"경상북도 포항시 북구 우창동로 76",
            "세대수":50,
            "입주년차":60,
            "용적률점수":"--",
            "건폐율점수":"--",
            "세대당주차수":60,
            "난방방식":30,
            "공급면적":"--",
            "전용률":"--",
            "욕실수":50,
            "현관타입":100,
            "주거총점":56.5,
            "지역구공급총점":0.0,
            "역세권":"NA",
            "30분내 이동가능 거점":"NA",
            "1시간내 이동가능 거점":"NA",
            "교통총점":"NA",
            "백화점":100,
            "아울렛몰":0,
            "대형마트":0,
            "은행":0,
            "병원":10,
            "종합병원":100,
            "공원":0,
            "혐오시설":0,
            "인프라총점":51.0,
            "초등학군":90.09,
            "중학군":50.22,
            "학군총점":58.194,
            "인구수":28.98,
            "인구증감":-2.28,
            "인구총점":19.602,
            "일자리":16.78,
            "소득수준":81.3,
            "일자리총점":36.136,
            "가치 총점":54.7235,
            "매매실거래년":20220106.0,
            "매매실거래가":43500.0,
            "전세실거래년":20210819.0,
            "전세실거래가":6100.0,
            "전세가율":93.85,
            "장기전세가율평균":78.19,
            "전세가율거품지수":-15.66,
            "검색코드":104977,
            "세대수":593.0,
            "준공년월":"2013-06-01",
            "준공년차":10.0,
            "가까운역이름":"NA",
            "가까운역거리":"NA",
            "역세권여부":"NA",
            "30분이내주요거점역":"NA",
            "30분거점역이름":"NA",
            "1시간이내주요거점역":"NA",
            "1시간거점역이름":"NA",
            "3km이내백화점수":1,
            "5km이내아울렛몰수":0,
            "1km이내대형먀트수":0,
            "500m이내은행수":0,
            "500m이내병원수":4,
            "5km이내대형병원수":4,
            "500m이내공원수":0,
            "3km이내혐오시설수":0,
            "초등학교학업성취도":90.09,
            "중학교학업성취도":83.5,
            "용적률":292,
            "건폐율":22,
            "Y":36.057026,
            "X":129.3661,
            "rank":28.0,
            "area_info":"7평(24.4), 34평(113.35), 36평(121.92), 39평(130.71), 45평(149.82), 51평(170.79)",
            "last_sales":"2022-01-06,43500.0,51평(170.79)",
            "rank_history":[
                [
                    "202202",
                    28
                ],
                [
                    "202201",
                    24
                ]
            ],
            "rank_gap":-4
        },
        {
            "index":234,
            "아파트명":"우현신동아파밀리에3차",
            "투자타입":"일반",
            "전용면적(m2)":"113.8",
            "전용면적(평)":"34평",
            "법정동주소":"경상북도 포항시 북구 우현동 542",
            "도로명주소":"경상북도 포항시 북구 우창동로 10",
            "세대수":30,
            "입주년차":40,
            "용적률점수":"--",
            "건폐율점수":"--",
            "세대당주차수":60,
            "난방방식":30,
            "공급면적":"--",
            "전용률":"--",
            "욕실수":100,
            "현관타입":100,
            "주거총점":50.5,
            "지역구공급총점":0.0,
            "역세권":"NA",
            "30분내 이동가능 거점":"NA",
            "1시간내 이동가능 거점":"NA",
            "교통총점":"NA",
            "백화점":100,
            "아울렛몰":0,
            "대형마트":0,
            "은행":0,
            "병원":30,
            "종합병원":100,
            "공원":100,
            "혐오시설":0,
            "인프라총점":56.0,
            "초등학군":90.09,
            "중학군":50.22,
            "학군총점":58.194,
            "인구수":28.98,
            "인구증감":-2.28,
            "인구총점":19.602,
            "일자리":16.78,
            "소득수준":81.3,
            "일자리총점":36.136,
            "가치 총점":54.6235,
            "매매실거래년":20220115.0,
            "매매실거래가":30000.0,
            "전세실거래년":20180318.0,
            "전세실거래가":17000.0,
            "전세가율":64.15,
            "장기전세가율평균":78.19,
            "전세가율거품지수":14.04,
            "검색코드":101137,
            "세대수":356.0,
            "준공년월":"2007-11-22",
            "준공년차":16.0,
            "가까운역이름":"NA",
            "가까운역거리":"NA",
            "역세권여부":"NA",
            "30분이내주요거점역":"NA",
            "30분거점역이름":"NA",
            "1시간이내주요거점역":"NA",
            "1시간거점역이름":"NA",
            "3km이내백화점수":1,
            "5km이내아울렛몰수":0,
            "1km이내대형먀트수":0,
            "500m이내은행수":0,
            "500m이내병원수":8,
            "5km이내대형병원수":5,
            "500m이내공원수":2,
            "3km이내혐오시설수":0,
            "초등학교학업성취도":90.09,
            "중학교학업성취도":83.5,
            "용적률":295,
            "건폐율":16,
            "Y":36.054074,
            "X":129.360222,
            "rank":29.0,
            "area_info":"34평(113.8), 34평(114.16), 34평(114.94), 47평(156.74), 47평(157.04), 47평(157.9), 47평(158.46), 68평(226.83), 68평(227.92)",
            "last_sales":"2022-01-15,30000.0,47평(157.04)",
            "rank_history":[
                [
                    "202202",
                    29
                ],
                [
                    "202201",
                    25
                ]
            ],
            "rank_gap":-4
        },
        {
            "index":63,
            "아파트명":"창포아이파크1차",
            "투자타입":"일반",
            "전용면적(m2)":"116.35",
            "전용면적(평)":"35평",
            "법정동주소":"경상북도 포항시 북구 두호동 1103-3",
            "도로명주소":"경상북도 포항시 북구 대곡로 7",
            "세대수":30,
            "입주년차":40,
            "용적률점수":"--",
            "건폐율점수":"--",
            "세대당주차수":30,
            "난방방식":30,
            "공급면적":"--",
            "전용률":"--",
            "욕실수":100,
            "현관타입":100,
            "주거총점":46.0,
            "지역구공급총점":0.0,
            "역세권":"NA",
            "30분내 이동가능 거점":"NA",
            "1시간내 이동가능 거점":"NA",
            "교통총점":"NA",
            "백화점":100,
            "아울렛몰":0,
            "대형마트":0,
            "은행":0,
            "병원":60,
            "종합병원":100,
            "공원":100,
            "혐오시설":0,
            "인프라총점":59.0,
            "초등학군":90.0,
            "중학군":50.04,
            "학군총점":58.032,
            "인구수":28.98,
            "인구증감":-2.28,
            "인구총점":19.602,
            "일자리":16.78,
            "소득수준":81.3,
            "일자리총점":36.136,
            "가치 총점":54.208,
            "매매실거래년":20211230.0,
            "매매실거래가":28800.0,
            "전세실거래년":20220111.0,
            "전세실거래가":27000.0,
            "전세가율":93.75,
            "장기전세가율평균":78.19,
            "전세가율거품지수":-15.56,
            "검색코드":13711,
            "세대수":330.0,
            "준공년월":"2004-10-28",
            "준공년차":19.0,
            "가까운역이름":"NA",
            "가까운역거리":"NA",
            "역세권여부":"NA",
            "30분이내주요거점역":"NA",
            "30분거점역이름":"NA",
            "1시간이내주요거점역":"NA",
            "1시간거점역이름":"NA",
            "3km이내백화점수":1,
            "5km이내아울렛몰수":0,
            "1km이내대형먀트수":0,
            "500m이내은행수":1,
            "500m이내병원수":28,
            "5km이내대형병원수":3,
            "500m이내공원수":9,
            "3km이내혐오시설수":0,
            "초등학교학업성취도":90.0,
            "중학교학업성취도":83.4,
            "용적률":268,
            "건폐율":18,
            "Y":36.063905,
            "X":129.372979,
            "rank":30.0,
            "area_info":"35평(116.35), 40평(134.65), 47평(156.75)",
            "last_sales":"2021-12-30,28800.0,35평(116.35)",
            "rank_history":[
                [
                    "202202",
                    30
                ],
                [
                    "202201",
                    27
                ]
            ],
            "rank_gap":-3
        },
        {
            "index":250,
            "아파트명":"포항우현더힐",
            "투자타입":"일반",
            "전용면적(m2)":"103.77",
            "전용면적(평)":"31평",
            "법정동주소":"경상북도 포항시 북구 우현동 554",
            "도로명주소":"경상북도 포항시 북구 우창로 101",
            "세대수":0,
            "입주년차":100,
            "용적률점수":"--",
            "건폐율점수":"--",
            "세대당주차수":60,
            "난방방식":30,
            "공급면적":"--",
            "전용률":"--",
            "욕실수":100,
            "현관타입":100,
            "주거총점":52.0,
            "지역구공급총점":0.0,
            "역세권":"NA",
            "30분내 이동가능 거점":"NA",
            "1시간내 이동가능 거점":"NA",
            "교통총점":"NA",
            "백화점":100,
            "아울렛몰":0,
            "대형마트":0,
            "은행":0,
            "병원":0,
            "종합병원":100,
            "공원":0,
            "혐오시설":0,
            "인프라총점":50.0,
            "초등학군":90.09,
            "중학군":56.7,
            "학군총점":63.378,
            "인구수":28.98,
            "인구증감":-2.28,
            "인구총점":19.602,
            "일자리":16.78,
            "소득수준":81.3,
            "일자리총점":36.136,
            "가치 총점":54.0445,
            "매매실거래년":"18000101",
            "매매실거래가":null,
            "전세실거래년":null,
            "전세실거래가":null,
            "전세가율":null,
            "장기전세가율평균":78.19,
            "전세가율거품지수":null,
            "검색코드":127440,
            "세대수":272.0,
            "준공년월":"2020-02-11",
            "준공년차":3.0,
            "가까운역이름":"NA",
            "가까운역거리":"NA",
            "역세권여부":"NA",
            "30분이내주요거점역":"NA",
            "30분거점역이름":"NA",
            "1시간이내주요거점역":"NA",
            "1시간거점역이름":"NA",
            "3km이내백화점수":1,
            "5km이내아울렛몰수":0,
            "1km이내대형먀트수":0,
            "500m이내은행수":0,
            "500m이내병원수":0,
            "5km이내대형병원수":3,
            "500m이내공원수":0,
            "3km이내혐오시설수":0,
            "초등학교학업성취도":90.09,
            "중학교학업성취도":94.1,
            "용적률":49,
            "건폐율":19,
            "Y":36.063207,
            "X":129.360476,
            "rank":31.0,
            "area_info":"31평(103.77), 31평(103.75), 31평(104.06), 31평(104.06), 40평(134.76), 40평(134.42), 40평(134.45), 40평(134.76), 40평(134.76), 40평(134.76)",
            "last_sales":"1800-01-01,nan,31평(103.77)",
            "rank_history":[
                [
                    "202202",
                    31
                ],
                [
                    "202201",
                    28
                ]
            ],
            "rank_gap":-3
        },
        {
            "index":441,
            "아파트명":"학잠보성",
            "투자타입":"일반",
            "전용면적(m2)":"81.89",
            "전용면적(평)":"24평",
            "법정동주소":"경상북도 포항시 북구 학잠동 114-1",
            "도로명주소":"경상북도 포항시 북구 양학로 70-30",
            "세대수":50,
            "입주년차":0,
            "용적률점수":"--",
            "건폐율점수":"--",
            "세대당주차수":30,
            "난방방식":30,
            "공급면적":"--",
            "전용률":"--",
            "욕실수":50,
            "현관타입":100,
            "주거총점":40.0,
            "지역구공급총점":0.0,
            "역세권":"NA",
            "30분내 이동가능 거점":"NA",
            "1시간내 이동가능 거점":"NA",
            "교통총점":"NA",
            "백화점":100,
            "아울렛몰":0,
            "대형마트":80,
            "은행":0,
            "병원":30,
            "종합병원":100,
            "공원":0,
            "혐오시설":0,
            "인프라총점":65.0,
            "초등학군":90.0,
            "중학군":47.24,
            "학군총점":55.792,
            "인구수":28.98,
            "인구증감":-2.28,
            "인구총점":19.602,
            "일자리":16.78,
            "소득수준":81.3,
            "일자리총점":36.136,
            "가치 총점":53.948,
            "매매실거래년":20220125.0,
            "매매실거래가":12800.0,
            "전세실거래년":20220127.0,
            "전세실거래가":11000.0,
            "전세가율":85.94,
            "장기전세가율평균":78.19,
            "전세가율거품지수":-7.75,
            "검색코드":16428,
            "세대수":664.0,
            "준공년월":"1998-10-30",
            "준공년차":25.0,
            "가까운역이름":"NA",
            "가까운역거리":"NA",
            "역세권여부":"NA",
            "30분이내주요거점역":"NA",
            "30분거점역이름":"NA",
            "1시간이내주요거점역":"NA",
            "1시간거점역이름":"NA",
            "3km이내백화점수":1,
            "5km이내아울렛몰수":0,
            "1km이내대형먀트수":1,
            "500m이내은행수":0,
            "500m이내병원수":6,
            "5km이내대형병원수":5,
            "500m이내공원수":0,
            "3km이내혐오시설수":0,
            "초등학교학업성취도":90.0,
            "중학교학업성취도":78.4,
            "용적률":222,
            "건폐율":16,
            "Y":36.031119,
            "X":129.349131,
            "rank":32.0,
            "area_info":"24평(81.89), 32평(108.44), 49평(163.82)",
            "last_sales":"2022-01-25,12800.0,24평(81.89)",
            "rank_history":[
                [
                    "202202",
                    32
                ],
                [
                    "202201",
                    47
                ]
            ],
            "rank_gap":15
        },
        {
            "index":398,
            "아파트명":"창포주공2단지",
            "투자타입":"일반",
            "전용면적(m2)":"53.15",
            "전용면적(평)":"16평",
            "법정동주소":"경상북도 포항시 북구 창포동 645",
            "도로명주소":"경상북도 포항시 북구 새천년대로1123번길 9",
            "세대수":100,
            "입주년차":0,
            "용적률점수":"--",
            "건폐율점수":"--",
            "세대당주차수":0,
            "난방방식":30,
            "공급면적":"--",
            "전용률":"--",
            "욕실수":50,
            "현관타입":10,
            "주거총점":44.0,
            "지역구공급총점":0.0,
            "역세권":"NA",
            "30분내 이동가능 거점":"NA",
            "1시간내 이동가능 거점":"NA",
            "교통총점":"NA",
            "백화점":100,
            "아울렛몰":0,
            "대형마트":0,
            "은행":0,
            "병원":60,
            "종합병원":100,
            "공원":100,
            "혐오시설":0,
            "인프라총점":59.0,
            "초등학군":89.98,
            "중학군":50.04,
            "학군총점":58.028,
            "인구수":28.98,
            "인구증감":-2.28,
            "인구총점":19.602,
            "일자리":16.78,
            "소득수준":81.3,
            "일자리총점":36.136,
            "가치 총점":53.507,
            "매매실거래년":20220125.0,
            "매매실거래가":8000.0,
            "전세실거래년":20220121.0,
            "전세실거래가":6500.0,
            "전세가율":81.25,
            "장기전세가율평균":78.19,
            "전세가율거품지수":-3.06,
            "검색코드":7328,
            "세대수":1844.0,
            "준공년월":"1994-10-26",
            "준공년차":29.0,
            "가까운역이름":"NA",
            "가까운역거리":"NA",
            "역세권여부":"NA",
            "30분이내주요거점역":"NA",
            "30분거점역이름":"NA",
            "1시간이내주요거점역":"NA",
            "1시간거점역이름":"NA",
            "3km이내백화점수":1,
            "5km이내아울렛몰수":0,
            "1km이내대형먀트수":0,
            "500m이내은행수":0,
            "500m이내병원수":11,
            "5km이내대형병원수":2,
            "500m이내공원수":9,
            "3km이내혐오시설수":0,
            "초등학교학업성취도":89.98,
            "중학교학업성취도":83.4,
            "용적률":0,
            "건폐율":0,
            "Y":36.068479,
            "X":129.370205,
            "rank":33.0,
            "area_info":"16평(53.15), 16평(54.81), 23평(79.19), 25평(85.55)",
            "last_sales":"2022-01-25,8000.0,16평(53.15)",
            "rank_history":[
                [
                    "202202",
                    33
                ],
                [
                    "202201",
                    38
                ]
            ],
            "rank_gap":5
        },
        {
            "index":396,
            "아파트명":"창포주공1단지",
            "투자타입":"일반",
            "전용면적(m2)":"57.12",
            "전용면적(평)":"17평",
            "법정동주소":"경상북도 포항시 북구 창포동 645",
            "도로명주소":"경상북도 포항시 북구 새천년대로1075번길 10",
            "세대수":100,
            "입주년차":0,
            "용적률점수":"--",
            "건폐율점수":"--",
            "세대당주차수":0,
            "난방방식":30,
            "공급면적":"--",
            "전용률":"--",
            "욕실수":50,
            "현관타입":10,
            "주거총점":44.0,
            "지역구공급총점":0.0,
            "역세권":"NA",
            "30분내 이동가능 거점":"NA",
            "1시간내 이동가능 거점":"NA",
            "교통총점":"NA",
            "백화점":100,
            "아울렛몰":0,
            "대형마트":0,
            "은행":0,
            "병원":60,
            "종합병원":100,
            "공원":100,
            "혐오시설":0,
            "인프라총점":59.0,
            "초등학군":89.98,
            "중학군":50.04,
            "학군총점":58.028,
            "인구수":28.98,
            "인구증감":-2.28,
            "인구총점":19.602,
            "일자리":16.78,
            "소득수준":81.3,
            "일자리총점":36.136,
            "가치 총점":53.507,
            "매매실거래년":20211231.0,
            "매매실거래가":6000.0,
            "전세실거래년":20220117.0,
            "전세실거래가":6500.0,
            "전세가율":108.33,
            "장기전세가율평균":78.19,
            "전세가율거품지수":-30.14,
            "검색코드":7320,
            "세대수":1696.0,
            "준공년월":"1994-04-13",
            "준공년차":29.0,
            "가까운역이름":"NA",
            "가까운역거리":"NA",
            "역세권여부":"NA",
            "30분이내주요거점역":"NA",
            "30분거점역이름":"NA",
            "1시간이내주요거점역":"NA",
            "1시간거점역이름":"NA",
            "3km이내백화점수":1,
            "5km이내아울렛몰수":0,
            "1km이내대형먀트수":0,
            "500m이내은행수":0,
            "500m이내병원수":27,
            "5km이내대형병원수":3,
            "500m이내공원수":11,
            "3km이내혐오시설수":0,
            "초등학교학업성취도":89.98,
            "중학교학업성취도":83.4,
            "용적률":0,
            "건폐율":0,
            "Y":36.066024,
            "X":129.370562,
            "rank":33.0,
            "area_info":"17평(57.12), 20평(67.93)",
            "last_sales":"2021-12-31,6000.0,17평(57.12)",
            "rank_history":[
                [
                    "202202",
                    33
                ],
                [
                    "202201",
                    32
                ]
            ],
            "rank_gap":-1
        },
        {
            "index":322,
            "아파트명":"장성푸르지오",
            "투자타입":"일반",
            "전용면적(m2)":"94.86",
            "전용면적(평)":"28평",
            "법정동주소":"경상북도 포항시 북구 장성동 1620",
            "도로명주소":"경상북도 포항시 북구 침촌지구로 10",
            "세대수":100,
            "입주년차":100,
            "용적률점수":"--",
            "건폐율점수":"--",
            "세대당주차수":60,
            "난방방식":30,
            "공급면적":"--",
            "전용률":"--",
            "욕실수":100,
            "현관타입":100,
            "주거총점":87.0,
            "지역구공급총점":0.0,
            "역세권":"NA",
            "30분내 이동가능 거점":"NA",
            "1시간내 이동가능 거점":"NA",
            "교통총점":"NA",
            "백화점":0,
            "아울렛몰":0,
            "대형마트":0,
            "은행":0,
            "병원":0,
            "종합병원":80,
            "공원":100,
            "혐오시설":0,
            "인프라총점":19.0,
            "초등학군":89.99,
            "중학군":52.92,
            "학군총점":60.334,
            "인구수":28.98,
            "인구증감":-2.28,
            "인구총점":19.602,
            "일자리":16.78,
            "소득수준":81.3,
            "일자리총점":36.136,
            "가치 총점":53.1335,
            "매매실거래년":20220108.0,
            "매매실거래가":59900.0,
            "전세실거래년":20220115.0,
            "전세실거래가":23500.0,
            "전세가율":88.01,
            "장기전세가율평균":78.19,
            "전세가율거품지수":-9.82,
            "검색코드":117936,
            "세대수":1500.0,
            "준공년월":"2020-01-01",
            "준공년차":3.0,
            "가까운역이름":"NA",
            "가까운역거리":"NA",
            "역세권여부":"NA",
            "30분이내주요거점역":"NA",
            "30분거점역이름":"NA",
            "1시간이내주요거점역":"NA",
            "1시간거점역이름":"NA",
            "3km이내백화점수":0,
            "5km이내아울렛몰수":0,
            "1km이내대형먀트수":0,
            "500m이내은행수":0,
            "500m이내병원수":1,
            "5km이내대형병원수":1,
            "500m이내공원수":3,
            "3km이내혐오시설수":0,
            "초등학교학업성취도":89.99,
            "중학교학업성취도":88.0,
            "용적률":0,
            "건폐율":0,
            "Y":36.087617,
            "X":129.379693,
            "rank":34.0,
            "area_info":"28평(94.86), 28평(95.79), 33평(111.89), 33평(112.04), 33평(112.37), 39평(130.01), 54평(179.99), 54평(179.05)",
            "last_sales":"2022-01-08,59900.0,39평(130.01)",
            "rank_history":[
                [
                    "202202",
                    34
                ],
                [
                    "202201",
                    33
                ]
            ],
            "rank_gap":-1
        },
        {
            "index":362,
            "아파트명":"송정한일맨션",
            "투자타입":"재건축",
            "전용면적(m2)":"101.91",
            "전용면적(평)":"30평",
            "법정동주소":"경상북도 포항시 북구 죽도동 20-117",
            "도로명주소":"경상북도 포항시 북구 죽도로68번길 15",
            "세대수":0,
            "입주년차":"--",
            "용적률점수":0,
            "건폐율점수":80,
            "세대당주차수":"--",
            "난방방식":"--",
            "공급면적":90,
            "전용률":80,
            "욕실수":"--",
            "현관타입":"--",
            "주거총점":24.5,
            "지역구공급총점":0.0,
            "역세권":"NA",
            "30분내 이동가능 거점":"NA",
            "1시간내 이동가능 거점":"NA",
            "교통총점":"NA",
            "백화점":100,
            "아울렛몰":0,
            "대형마트":80,
            "은행":100,
            "병원":80,
            "종합병원":100,
            "공원":80,
            "혐오시설":0,
            "인프라총점":82.4,
            "초등학군":90.03,
            "중학군":34.44,
            "학군총점":45.558,
            "인구수":28.98,
            "인구증감":-2.28,
            "인구총점":19.602,
            "일자리":16.78,
            "소득수준":81.3,
            "일자리총점":36.136,
            "가치 총점":52.9245,
            "매매실거래년":20220112.0,
            "매매실거래가":14000.0,
            "전세실거래년":null,
            "전세실거래가":null,
            "전세가율":null,
            "장기전세가율평균":78.19,
            "전세가율거품지수":null,
            "검색코드":7314,
            "세대수":160.0,
            "준공년월":"1992-12-31",
            "준공년차":31.0,
            "가까운역이름":"NA",
            "가까운역거리":"NA",
            "역세권여부":"NA",
            "30분이내주요거점역":"NA",
            "30분거점역이름":"NA",
            "1시간이내주요거점역":"NA",
            "1시간거점역이름":"NA",
            "3km이내백화점수":1,
            "5km이내아울렛몰수":0,
            "1km이내대형먀트수":1,
            "500m이내은행수":7,
            "500m이내병원수":46,
            "5km이내대형병원수":5,
            "500m이내공원수":1,
            "3km이내혐오시설수":0,
            "초등학교학업성취도":90.03,
            "중학교학업성취도":57.4,
            "용적률":314,
            "건폐율":29,
            "Y":36.032356,
            "X":129.36959,
            "rank":35.0,
            "area_info":"30평(101.91), 30평(102.15), 31평(104.83), 34평(113.13), 36평(120.2)",
            "last_sales":"2022-01-12,14000.0,36평(120.2)",
            "rank_history":[
                [
                    "202202",
                    35
                ],
                [
                    "202201",
                    36
                ]
            ],
            "rank_gap":1
        },
        {
            "index":38,
            "아파트명":"산호그린맨션2차",
            "투자타입":"재건축",
            "전용면적(m2)":"104.33",
            "전용면적(평)":"31평",
            "법정동주소":"경상북도 포항시 북구 두호동 1082-3",
            "도로명주소":"경상북도 포항시 북구 삼흥로18번길 27",
            "세대수":0,
            "입주년차":"--",
            "용적률점수":0,
            "건폐율점수":100,
            "세대당주차수":"--",
            "난방방식":"--",
            "공급면적":90,
            "전용률":80,
            "욕실수":"--",
            "현관타입":"--",
            "주거총점":28.5,
            "지역구공급총점":0.0,
            "역세권":"NA",
            "30분내 이동가능 거점":"NA",
            "1시간내 이동가능 거점":"NA",
            "교통총점":"NA",
            "백화점":100,
            "아울렛몰":0,
            "대형마트":80,
            "은행":0,
            "병원":60,
            "종합병원":100,
            "공원":100,
            "혐오시설":0,
            "인프라총점":71.0,
            "초등학군":89.98,
            "중학군":50.04,
            "학군총점":58.028,
            "인구수":28.98,
            "인구증감":-2.28,
            "인구총점":19.602,
            "일자리":16.78,
            "소득수준":81.3,
            "일자리총점":36.136,
            "가치 총점":52.882,
            "매매실거래년":20211111.0,
            "매매실거래가":15200.0,
            "전세실거래년":20211210.0,
            "전세실거래가":9000.0,
            "전세가율":59.21,
            "장기전세가율평균":78.19,
            "전세가율거품지수":18.98,
            "검색코드":6944,
            "세대수":147.0,
            "준공년월":"1990-11-05",
            "준공년차":33.0,
            "가까운역이름":"NA",
            "가까운역거리":"NA",
            "역세권여부":"NA",
            "30분이내주요거점역":"NA",
            "30분거점역이름":"NA",
            "1시간이내주요거점역":"NA",
            "1시간거점역이름":"NA",
            "3km이내백화점수":1,
            "5km이내아울렛몰수":0,
            "1km이내대형먀트수":1,
            "500m이내은행수":0,
            "500m이내병원수":18,
            "5km이내대형병원수":2,
            "500m이내공원수":4,
            "3km이내혐오시설수":0,
            "초등학교학업성취도":89.98,
            "중학교학업성취도":83.4,
            "용적률":261,
            "건폐율":19,
            "Y":36.06611,
            "X":129.38205,
            "rank":36.0,
            "area_info":"31평(104.33)",
            "last_sales":"2021-11-11,15200.0,31평(104.33)",
            "rank_history":[
                [
                    "202202",
                    36
                ],
                [
                    "202201",
                    34
                ]
            ],
            "rank_gap":-2
        },
        {
            "index":311,
            "아파트명":"장성럭키2차",
            "투자타입":"일반",
            "전용면적(m2)":"104.09",
            "전용면적(평)":"31평",
            "법정동주소":"경상북도 포항시 북구 장성동 1351",
            "도로명주소":"경상북도 포항시 북구 삼흥로 50-13",
            "세대수":0,
            "입주년차":0,
            "용적률점수":"--",
            "건폐율점수":"--",
            "세대당주차수":0,
            "난방방식":80,
            "공급면적":"--",
            "전용률":"--",
            "욕실수":100,
            "현관타입":100,
            "주거총점":28.0,
            "지역구공급총점":0.0,
            "역세권":"NA",
            "30분내 이동가능 거점":"NA",
            "1시간내 이동가능 거점":"NA",
            "교통총점":"NA",
            "백화점":100,
            "아울렛몰":0,
            "대형마트":80,
            "은행":0,
            "병원":60,
            "종합병원":100,
            "공원":100,
            "혐오시설":0,
            "인프라총점":71.0,
            "초등학군":89.98,
            "중학군":50.04,
            "학군총점":58.028,
            "인구수":28.98,
            "인구증감":-2.28,
            "인구총점":19.602,
            "일자리":16.78,
            "소득수준":81.3,
            "일자리총점":36.136,
            "가치 총점":52.707,
            "매매실거래년":20220111.0,
            "매매실거래가":24800.0,
            "전세실거래년":20211230.0,
            "전세실거래가":16500.0,
            "전세가율":91.67,
            "장기전세가율평균":78.19,
            "전세가율거품지수":-13.48,
            "검색코드":16410,
            "세대수":270.0,
            "준공년월":"1993-02-13",
            "준공년차":30.0,
            "가까운역이름":"NA",
            "가까운역거리":"NA",
            "역세권여부":"NA",
            "30분이내주요거점역":"NA",
            "30분거점역이름":"NA",
            "1시간이내주요거점역":"NA",
            "1시간거점역이름":"NA",
            "3km이내백화점수":1,
            "5km이내아울렛몰수":0,
            "1km이내대형먀트수":1,
            "500m이내은행수":0,
            "500m이내병원수":18,
            "5km이내대형병원수":2,
            "500m이내공원수":5,
            "3km이내혐오시설수":0,
            "초등학교학업성취도":89.98,
            "중학교학업성취도":83.4,
            "용적률":0,
            "건폐율":0,
            "Y":36.067126,
            "X":129.37975,
            "rank":37.0,
            "area_info":"31평(104.09), 57평(191.13), 67평(222.0)",
            "last_sales":"2022-01-11,24800.0,57평(191.13)",
            "rank_history":[
                [
                    "202202",
                    37
                ],
                [
                    "202201",
                    35
                ]
            ],
            "rank_gap":-2
        },
        {
            "index":136,
            "아파트명":"포항양덕하우스토리",
            "투자타입":"일반",
            "전용면적(m2)":"152.94",
            "전용면적(평)":"46평",
            "법정동주소":"경상북도 포항시 북구 양덕동 1457",
            "도로명주소":"경상북도 포항시 북구 천마로72번길 11",
            "세대수":30,
            "입주년차":60,
            "용적률점수":"--",
            "건폐율점수":"--",
            "세대당주차수":80,
            "난방방식":30,
            "공급면적":"--",
            "전용률":"--",
            "욕실수":100,
            "현관타입":100,
            "주거총점":57.5,
            "지역구공급총점":0.0,
            "역세권":"NA",
            "30분내 이동가능 거점":"NA",
            "1시간내 이동가능 거점":"NA",
            "교통총점":"NA",
            "백화점":0,
            "아울렛몰":0,
            "대형마트":80,
            "은행":70,
            "병원":60,
            "종합병원":80,
            "공원":80,
            "혐오시설":0,
            "인프라총점":43.4,
            "초등학군":90.01,
            "중학군":52.92,
            "학군총점":60.338,
            "인구수":28.98,
            "인구증감":-2.28,
            "인구총점":19.602,
            "일자리":16.78,
            "소득수준":81.3,
            "일자리총점":36.136,
            "가치 총점":52.5695,
            "매매실거래년":20211217.0,
            "매매실거래가":32300.0,
            "전세실거래년":20211023.0,
            "전세실거래가":32000.0,
            "전세가율":99.07,
            "장기전세가율평균":78.19,
            "전세가율거품지수":-20.88,
            "검색코드":27286,
            "세대수":375.0,
            "준공년월":"2009-06-15",
            "준공년차":14.0,
            "가까운역이름":"NA",
            "가까운역거리":"NA",
            "역세권여부":"NA",
            "30분이내주요거점역":"NA",
            "30분거점역이름":"NA",
            "1시간이내주요거점역":"NA",
            "1시간거점역이름":"NA",
            "3km이내백화점수":0,
            "5km이내아울렛몰수":0,
            "1km이내대형먀트수":1,
            "500m이내은행수":3,
            "500m이내병원수":25,
            "5km이내대형병원수":1,
            "500m이내공원수":1,
            "3km이내혐오시설수":0,
            "초등학교학업성취도":90.01,
            "중학교학업성취도":88.0,
            "용적률":298,
            "건폐율":21,
            "Y":36.083966,
            "X":129.398686,
            "rank":38.0,
            "area_info":"46평(152.94), 46평(152.73), 46평(154.49), 54평(181.77)",
            "last_sales":"2021-12-17,32300.0,46평(152.94)",
            "rank_history":[
                [
                    "202202",
                    38
                ],
                [
                    "202201",
                    37
                ]
            ],
            "rank_gap":-1
        },
        {
            "index":13,
            "아파트명":"동아금강맨션",
            "투자타입":"일반",
            "전용면적(m2)":"88.5",
            "전용면적(평)":"26평",
            "법정동주소":"경상북도 포항시 북구 두호동 1070",
            "도로명주소":"경상북도 포항시 북구 용두산길 74",
            "세대수":0,
            "입주년차":0,
            "용적률점수":"--",
            "건폐율점수":"--",
            "세대당주차수":30,
            "난방방식":30,
            "공급면적":"--",
            "전용률":"--",
            "욕실수":100,
            "현관타입":100,
            "주거총점":27.5,
            "지역구공급총점":0.0,
            "역세권":"NA",
            "30분내 이동가능 거점":"NA",
            "1시간내 이동가능 거점":"NA",
            "교통총점":"NA",
            "백화점":100,
            "아울렛몰":0,
            "대형마트":80,
            "은행":0,
            "병원":60,
            "종합병원":100,
            "공원":100,
            "혐오시설":0,
            "인프라총점":71.0,
            "초등학군":89.99,
            "중학군":50.04,
            "학군총점":58.03,
            "인구수":28.98,
            "인구증감":-2.28,
            "인구총점":19.602,
            "일자리":16.78,
            "소득수준":81.3,
            "일자리총점":36.136,
            "가치 총점":52.5325,
            "매매실거래년":20211227.0,
            "매매실거래가":17000.0,
            "전세실거래년":20200906.0,
            "전세실거래가":7500.0,
            "전세가율":120.0,
            "장기전세가율평균":78.19,
            "전세가율거품지수":-41.81,
            "검색코드":6936,
            "세대수":284.0,
            "준공년월":"1993-04-20",
            "준공년차":30.0,
            "가까운역이름":"NA",
            "가까운역거리":"NA",
            "역세권여부":"NA",
            "30분이내주요거점역":"NA",
            "30분거점역이름":"NA",
            "1시간이내주요거점역":"NA",
            "1시간거점역이름":"NA",
            "3km이내백화점수":1,
            "5km이내아울렛몰수":0,
            "1km이내대형먀트수":1,
            "500m이내은행수":0,
            "500m이내병원수":12,
            "5km이내대형병원수":2,
            "500m이내공원수":4,
            "3km이내혐오시설수":0,
            "초등학교학업성취도":89.99,
            "중학교학업성취도":83.4,
            "용적률":0,
            "건폐율":0,
            "Y":36.070372,
            "X":129.381905,
            "rank":39.0,
            "area_info":"26평(88.5), 30평(99.29), 32평(107.49)",
            "last_sales":"2021-12-27,17000.0,32평(107.49)",
            "rank_history":[
                [
                    "202202",
                    39
                ],
                [
                    "202201",
                    40
                ]
            ],
            "rank_gap":1
        },
        {
            "index":438,
            "아파트명":"학잠동아",
            "투자타입":"일반",
            "전용면적(m2)":"80.48",
            "전용면적(평)":"24평",
            "법정동주소":"경상북도 포항시 북구 학잠동 203",
            "도로명주소":"경상북도 포항시 북구 양학로 158",
            "세대수":50,
            "입주년차":0,
            "용적률점수":"--",
            "건폐율점수":"--",
            "세대당주차수":0,
            "난방방식":30,
            "공급면적":"--",
            "전용률":"--",
            "욕실수":50,
            "현관타입":100,
            "주거총점":35.5,
            "지역구공급총점":0.0,
            "역세권":"NA",
            "30분내 이동가능 거점":"NA",
            "1시간내 이동가능 거점":"NA",
            "교통총점":"NA",
            "백화점":100,
            "아울렛몰":0,
            "대형마트":80,
            "은행":0,
            "병원":0,
            "종합병원":100,
            "공원":80,
            "혐오시설":0,
            "인프라총점":64.4,
            "초등학군":90.0,
            "중학군":47.24,
            "학군총점":55.792,
            "인구수":28.98,
            "인구증감":-2.28,
            "인구총점":19.602,
            "일자리":16.78,
            "소득수준":81.3,
            "일자리총점":36.136,
            "가치 총점":52.133,
            "매매실거래년":20220115.0,
            "매매실거래가":16400.0,
            "전세실거래년":20211221.0,
            "전세실거래가":11025.0,
            "전세가율":67.23,
            "장기전세가율평균":78.19,
            "전세가율거품지수":10.96,
            "검색코드":7369,
            "세대수":492.0,
            "준공년월":"1998-01-01",
            "준공년차":25.0,
            "가까운역이름":"NA",
            "가까운역거리":"NA",
            "역세권여부":"NA",
            "30분이내주요거점역":"NA",
            "30분거점역이름":"NA",
            "1시간이내주요거점역":"NA",
            "1시간거점역이름":"NA",
            "3km이내백화점수":1,
            "5km이내아울렛몰수":0,
            "1km이내대형먀트수":1,
            "500m이내은행수":0,
            "500m이내병원수":0,
            "5km이내대형병원수":5,
            "500m이내공원수":1,
            "3km이내혐오시설수":0,
            "초등학교학업성취도":90.0,
            "중학교학업성취도":78.4,
            "용적률":247,
            "건폐율":19,
            "Y":36.034523,
            "X":129.342121,
            "rank":40.0,
            "area_info":"24평(80.48), 32평(108.07), 46평(153.53)",
            "last_sales":"2022-01-15,16400.0,24평(80.48)",
            "rank_history":[
                [
                    "202202",
                    40
                ],
                [
                    "202201",
                    58
                ]
            ],
            "rank_gap":18
        },
        {
            "index":69,
            "아파트명":"창포아이파크3차",
            "투자타입":"일반",
            "전용면적(m2)":"118.88",
            "전용면적(평)":"35평",
            "법정동주소":"경상북도 포항시 북구 두호동 1105",
            "도로명주소":"경상북도 포항시 북구 새천년대로1076번길 38",
            "세대수":0,
            "입주년차":40,
            "용적률점수":"--",
            "건폐율점수":"--",
            "세대당주차수":30,
            "난방방식":30,
            "공급면적":"--",
            "전용률":"--",
            "욕실수":100,
            "현관타입":100,
            "주거총점":35.5,
            "지역구공급총점":0.0,
            "역세권":"NA",
            "30분내 이동가능 거점":"NA",
            "1시간내 이동가능 거점":"NA",
            "교통총점":"NA",
            "백화점":100,
            "아울렛몰":0,
            "대형마트":0,
            "은행":20,
            "병원":80,
            "종합병원":100,
            "공원":100,
            "혐오시설":0,
            "인프라총점":63.0,
            "초등학군":90.0,
            "중학군":50.04,
            "학군총점":58.032,
            "인구수":28.98,
            "인구증감":-2.28,
            "인구총점":19.602,
            "일자리":16.78,
            "소득수준":81.3,
            "일자리총점":36.136,
            "가치 총점":52.133,
            "매매실거래년":20211007.0,
            "매매실거래가":38000.0,
            "전세실거래년":null,
            "전세실거래가":null,
            "전세가율":null,
            "장기전세가율평균":78.19,
            "전세가율거품지수":null,
            "검색코드":17743,
            "세대수":296.0,
            "준공년월":"2005-12-20",
            "준공년차":18.0,
            "가까운역이름":"NA",
            "가까운역거리":"NA",
            "역세권여부":"NA",
            "30분이내주요거점역":"NA",
            "30분거점역이름":"NA",
            "1시간이내주요거점역":"NA",
            "1시간거점역이름":"NA",
            "3km이내백화점수":1,
            "5km이내아울렛몰수":0,
            "1km이내대형먀트수":0,
            "500m이내은행수":2,
            "500m이내병원수":42,
            "5km이내대형병원수":2,
            "500m이내공원수":4,
            "3km이내혐오시설수":0,
            "초등학교학업성취도":90.0,
            "중학교학업성취도":83.4,
            "용적률":287,
            "건폐율":18,
            "Y":36.063666,
            "X":129.374939,
            "rank":40.0,
            "area_info":"35평(118.88), 36평(121.15), 48평(159.94)",
            "last_sales":"2021-10-07,38000.0,48평(159.94)",
            "rank_history":[
                [
                    "202202",
                    40
                ],
                [
                    "202201",
                    39
                ]
            ],
            "rank_gap":-1
        },
        {
            "index":345,
            "아파트명":"창포청구",
            "투자타입":"일반",
            "전용면적(m2)":"101.03",
            "전용면적(평)":"30평",
            "법정동주소":"경상북도 포항시 북구 장성동 1343",
            "도로명주소":"경상북도 포항시 북구 새천년대로1123번길 14",
            "세대수":50,
            "입주년차":0,
            "용적률점수":"--",
            "건폐율점수":"--",
            "세대당주차수":0,
            "난방방식":30,
            "공급면적":"--",
            "전용률":"--",
            "욕실수":100,
            "현관타입":100,
            "주거총점":40.5,
            "지역구공급총점":0.0,
            "역세권":"NA",
            "30분내 이동가능 거점":"NA",
            "1시간내 이동가능 거점":"NA",
            "교통총점":"NA",
            "백화점":100,
            "아울렛몰":0,
            "대형마트":0,
            "은행":0,
            "병원":30,
            "종합병원":100,
            "공원":100,
            "혐오시설":0,
            "인프라총점":56.0,
            "초등학군":89.98,
            "중학군":50.04,
            "학군총점":58.028,
            "인구수":28.98,
            "인구증감":-2.28,
            "인구총점":19.602,
            "일자리":16.78,
            "소득수준":81.3,
            "일자리총점":36.136,
            "가치 총점":51.082,
            "매매실거래년":20220113.0,
            "매매실거래가":16000.0,
            "전세실거래년":20211221.0,
            "전세실거래가":16500.0,
            "전세가율":103.12,
            "장기전세가율평균":78.19,
            "전세가율거품지수":-24.93,
            "검색코드":7302,
            "세대수":445.0,
            "준공년월":"1993-11-12",
            "준공년차":30.0,
            "가까운역이름":"NA",
            "가까운역거리":"NA",
            "역세권여부":"NA",
            "30분이내주요거점역":"NA",
            "30분거점역이름":"NA",
            "1시간이내주요거점역":"NA",
            "1시간거점역이름":"NA",
            "3km이내백화점수":1,
            "5km이내아울렛몰수":0,
            "1km이내대형먀트수":0,
            "500m이내은행수":0,
            "500m이내병원수":8,
            "5km이내대형병원수":2,
            "500m이내공원수":9,
            "3km이내혐오시설수":0,
            "초등학교학업성취도":89.98,
            "중학교학업성취도":83.4,
            "용적률":219,
            "건폐율":20,
            "Y":36.069859,
            "X":129.370074,
            "rank":41.0,
            "area_info":"30평(101.03), 35평(117.35), 40평(132.94), 45평(149.22)",
            "last_sales":"2022-01-13,16000.0,30평(101.03)",
            "rank_history":[
                [
                    "202202",
                    41
                ],
                [
                    "202201",
                    41
                ]
            ],
            "rank_gap":0
        },
        {
            "index":319,
            "아파트명":"장성청구하이츠",
            "투자타입":"일반",
            "전용면적(m2)":"78.75",
            "전용면적(평)":"23평",
            "법정동주소":"경상북도 포항시 북구 장성동 447",
            "도로명주소":"경상북도 포항시 북구 삼흥로 100-22",
            "세대수":0,
            "입주년차":20,
            "용적률점수":"--",
            "건폐율점수":"--",
            "세대당주차수":30,
            "난방방식":30,
            "공급면적":"--",
            "전용률":"--",
            "욕실수":50,
            "현관타입":100,
            "주거총점":26.5,
            "지역구공급총점":0.0,
            "역세권":"NA",
            "30분내 이동가능 거점":"NA",
            "1시간내 이동가능 거점":"NA",
            "교통총점":"NA",
            "백화점":100,
            "아울렛몰":0,
            "대형마트":80,
            "은행":0,
            "병원":30,
            "종합병원":100,
            "공원":100,
            "혐오시설":0,
            "인프라총점":68.0,
            "초등학군":89.99,
            "중학군":50.04,
            "학군총점":58.03,
            "인구수":28.98,
            "인구증감":-2.28,
            "인구총점":19.602,
            "일자리":16.78,
            "소득수준":81.3,
            "일자리총점":36.136,
            "가치 총점":50.9825,
            "매매실거래년":20211108.0,
            "매매실거래가":17900.0,
            "전세실거래년":20181217.0,
            "전세실거래가":8000.0,
            "전세가율":94.12,
            "장기전세가율평균":78.19,
            "전세가율거품지수":-15.93,
            "검색코드":7286,
            "세대수":228.0,
            "준공년월":"1999-07-30",
            "준공년차":24.0,
            "가까운역이름":"NA",
            "가까운역거리":"NA",
            "역세권여부":"NA",
            "30분이내주요거점역":"NA",
            "30분거점역이름":"NA",
            "1시간이내주요거점역":"NA",
            "1시간거점역이름":"NA",
            "3km이내백화점수":1,
            "5km이내아울렛몰수":0,
            "1km이내대형먀트수":1,
            "500m이내은행수":0,
            "500m이내병원수":8,
            "5km이내대형병원수":2,
            "500m이내공원수":2,
            "3km이내혐오시설수":0,
            "초등학교학업성취도":89.99,
            "중학교학업성취도":83.4,
            "용적률":286,
            "건폐율":26,
            "Y":36.071188,
            "X":129.378411,
            "rank":42.0,
            "area_info":"23평(78.75), 32평(106.19), 33평(110.24)",
            "last_sales":"2021-11-08,17900.0,33평(110.24)",
            "rank_history":[
                [
                    "202202",
                    42
                ],
                [
                    "202201",
                    42
                ]
            ],
            "rank_gap":0
        },
        {
            "index":223,
            "아파트명":"우현더휴",
            "투자타입":"일반",
            "전용면적(m2)":"60.33",
            "전용면적(평)":"18평",
            "법정동주소":"경상북도 포항시 북구 우현동 우현1토지구획정리사업지구22블록6로트",
            "도로명주소":"경상북도 포항시 북구 우창동로 90",
            "세대수":0,
            "입주년차":80,
            "용적률점수":"--",
            "건폐율점수":"--",
            "세대당주차수":30,
            "난방방식":30,
            "공급면적":"--",
            "전용률":"--",
            "욕실수":50,
            "현관타입":100,
            "주거총점":38.5,
            "지역구공급총점":0.0,
            "역세권":"NA",
            "30분내 이동가능 거점":"NA",
            "1시간내 이동가능 거점":"NA",
            "교통총점":"NA",
            "백화점":100,
            "아울렛몰":0,
            "대형마트":0,
            "은행":0,
            "병원":30,
            "종합병원":100,
            "공원":80,
            "혐오시설":0,
            "인프라총점":55.4,
            "초등학군":90.09,
            "중학군":50.22,
            "학군총점":58.194,
            "인구수":28.98,
            "인구증감":-2.28,
            "인구총점":19.602,
            "일자리":16.78,
            "소득수준":81.3,
            "일자리총점":36.136,
            "가치 총점":50.1835,
            "매매실거래년":20171226.0,
            "매매실거래가":14380.0,
            "전세실거래년":null,
            "전세실거래가":null,
            "전세가율":null,
            "장기전세가율평균":78.19,
            "전세가율거품지수":null,
            "검색코드":118448,
            "세대수":119.0,
            "준공년월":"2017-12-01",
            "준공년차":6.0,
            "가까운역이름":"NA",
            "가까운역거리":"NA",
            "역세권여부":"NA",
            "30분이내주요거점역":"NA",
            "30분거점역이름":"NA",
            "1시간이내주요거점역":"NA",
            "1시간거점역이름":"NA",
            "3km이내백화점수":1,
            "5km이내아울렛몰수":0,
            "1km이내대형먀트수":0,
            "500m이내은행수":0,
            "500m이내병원수":5,
            "5km이내대형병원수":4,
            "500m이내공원수":1,
            "3km이내혐오시설수":0,
            "초등학교학업성취도":90.09,
            "중학교학업성취도":83.5,
            "용적률":0,
            "건폐율":0,
            "Y":36.057879,
            "X":129.368001,
            "rank":43.0,
            "area_info":"18평(60.33), 20평(66.5), 23평(79.01), 30평(101.02)",
            "last_sales":"2017-12-26,14380.0,18평(60.33)",
            "rank_history":[
                [
                    "202202",
                    43
                ],
                [
                    "202201",
                    44
                ]
            ],
            "rank_gap":1
        },
        {
            "index":113,
            "아파트명":"양덕삼구트리니엔2차",
            "투자타입":"일반",
            "전용면적(m2)":"89.58",
            "전용면적(평)":"27평",
            "법정동주소":"경상북도 포항시 북구 양덕동 467-1",
            "도로명주소":"경상북도 포항시 북구 장량중앙로 40",
            "세대수":80,
            "입주년차":80,
            "용적률점수":"--",
            "건폐율점수":"--",
            "세대당주차수":30,
            "난방방식":30,
            "공급면적":"--",
            "전용률":"--",
            "욕실수":100,
            "현관타입":100,
            "주거총점":71.5,
            "지역구공급총점":0.0,
            "역세권":"NA",
            "30분내 이동가능 거점":"NA",
            "1시간내 이동가능 거점":"NA",
            "교통총점":"NA",
            "백화점":0,
            "아울렛몰":0,
            "대형마트":0,
            "은행":0,
            "병원":60,
            "종합병원":80,
            "공원":100,
            "혐오시설":0,
            "인프라총점":25.0,
            "초등학군":89.99,
            "중학군":52.92,
            "학군총점":60.334,
            "인구수":28.98,
            "인구증감":-2.28,
            "인구총점":19.602,
            "일자리":16.78,
            "소득수준":81.3,
            "일자리총점":36.136,
            "가치 총점":50.1085,
            "매매실거래년":20220117.0,
            "매매실거래가":27800.0,
            "전세실거래년":20220115.0,
            "전세실거래가":25000.0,
            "전세가율":89.93,
            "장기전세가율평균":78.19,
            "전세가율거품지수":-11.74,
            "검색코드":104896,
            "세대수":820.0,
            "준공년월":"2014-06-16",
            "준공년차":9.0,
            "가까운역이름":"NA",
            "가까운역거리":"NA",
            "역세권여부":"NA",
            "30분이내주요거점역":"NA",
            "30분거점역이름":"NA",
            "1시간이내주요거점역":"NA",
            "1시간거점역이름":"NA",
            "3km이내백화점수":0,
            "5km이내아울렛몰수":0,
            "1km이내대형먀트수":0,
            "500m이내은행수":1,
            "500m이내병원수":12,
            "5km이내대형병원수":1,
            "500m이내공원수":5,
            "3km이내혐오시설수":0,
            "초등학교학업성취도":89.99,
            "중학교학업성취도":88.0,
            "용적률":179,
            "건폐율":18,
            "Y":36.090059,
            "X":129.384681,
            "rank":44.0,
            "area_info":"27평(89.58), 33평(109.85)",
            "last_sales":"2022-01-17,27800.0,27평(89.58)",
            "rank_history":[
                [
                    "202202",
                    44
                ],
                [
                    "202201",
                    43
                ]
            ],
            "rank_gap":-1
        },
        {
            "index":444,
            "아파트명":"학잠주공2단지",
            "투자타입":"재건축",
            "전용면적(m2)":"50.97",
            "전용면적(평)":"15평",
            "법정동주소":"경상북도 포항시 북구 학잠동 252",
            "도로명주소":"경상북도 포항시 북구 양학로96번길 11-12",
            "세대수":80,
            "입주년차":"--",
            "용적률점수":0,
            "건폐율점수":0,
            "세대당주차수":"--",
            "난방방식":"--",
            "공급면적":50,
            "전용률":40,
            "욕실수":"--",
            "현관타입":"--",
            "주거총점":28.5,
            "지역구공급총점":0.0,
            "역세권":"NA",
            "30분내 이동가능 거점":"NA",
            "1시간내 이동가능 거점":"NA",
            "교통총점":"NA",
            "백화점":100,
            "아울렛몰":0,
            "대형마트":80,
            "은행":0,
            "병원":10,
            "종합병원":100,
            "공원":80,
            "혐오시설":0,
            "인프라총점":65.4,
            "초등학군":90.0,
            "중학군":47.24,
            "학군총점":55.792,
            "인구수":28.98,
            "인구증감":-2.28,
            "인구총점":19.602,
            "일자리":16.78,
            "소득수준":81.3,
            "일자리총점":36.136,
            "가치 총점":50.083,
            "매매실거래년":20220113.0,
            "매매실거래가":5800.0,
            "전세실거래년":20220119.0,
            "전세실거래가":3200.0,
            "전세가율":55.17,
            "장기전세가율평균":78.19,
            "전세가율거품지수":23.02,
            "검색코드":7373,
            "세대수":753.0,
            "준공년월":"1992-10-17",
            "준공년차":31.0,
            "가까운역이름":"NA",
            "가까운역거리":"NA",
            "역세권여부":"NA",
            "30분이내주요거점역":"NA",
            "30분거점역이름":"NA",
            "1시간이내주요거점역":"NA",
            "1시간거점역이름":"NA",
            "3km이내백화점수":1,
            "5km이내아울렛몰수":0,
            "1km이내대형먀트수":1,
            "500m이내은행수":0,
            "500m이내병원수":3,
            "5km이내대형병원수":5,
            "500m이내공원수":1,
            "3km이내혐오시설수":0,
            "초등학교학업성취도":90.0,
            "중학교학업성취도":78.4,
            "용적률":0,
            "건폐율":0,
            "Y":36.032,
            "X":129.346927,
            "rank":45.0,
            "area_info":"15평(50.97), 15평(52.6), 15평(52.86), 15평(52.0)",
            "last_sales":"2022-01-13,5800.0,15평(50.97)",
            "rank_history":[
                [
                    "202202",
                    45
                ],
                [
                    "202201",
                    70
                ]
            ],
            "rank_gap":25
        },
        {
            "index":86,
            "아파트명":"양학도뮤토",
            "투자타입":"일반",
            "전용면적(m2)":"110.09",
            "전용면적(평)":"33평",
            "법정동주소":"경상북도 포항시 북구 득량동 306",
            "도로명주소":"경상북도 포항시 북구 득량길 20",
            "세대수":30,
            "입주년차":80,
            "용적률점수":"--",
            "건폐율점수":"--",
            "세대당주차수":60,
            "난방방식":30,
            "공급면적":"--",
            "전용률":"--",
            "욕실수":100,
            "현관타입":100,
            "주거총점":58.5,
            "지역구공급총점":0.0,
            "역세권":"NA",
            "30분내 이동가능 거점":"NA",
            "1시간내 이동가능 거점":"NA",
            "교통총점":"NA",
            "백화점":0,
            "아울렛몰":0,
            "대형마트":80,
            "은행":0,
            "병원":30,
            "종합병원":100,
            "공원":0,
            "혐오시설":0,
            "인프라총점":35.0,
            "초등학군":90.01,
            "중학군":54.08,
            "학군총점":61.266,
            "인구수":28.98,
            "인구증감":-2.28,
            "인구총점":19.602,
            "일자리":16.78,
            "소득수준":81.3,
            "일자리총점":36.136,
            "가치 총점":49.7915,
            "매매실거래년":20211125.0,
            "매매실거래가":57750.0,
            "전세실거래년":20210903.0,
            "전세실거래가":29000.0,
            "전세가율":96.67,
            "장기전세가율평균":78.19,
            "전세가율거품지수":-18.48,
            "검색코드":107342,
            "세대수":363.0,
            "준공년월":"2014-11-24",
            "준공년차":9.0,
            "가까운역이름":"NA",
            "가까운역거리":"NA",
            "역세권여부":"NA",
            "30분이내주요거점역":"NA",
            "30분거점역이름":"NA",
            "1시간이내주요거점역":"NA",
            "1시간거점역이름":"NA",
            "3km이내백화점수":0,
            "5km이내아울렛몰수":0,
            "1km이내대형먀트수":1,
            "500m이내은행수":0,
            "500m이내병원수":7,
            "5km이내대형병원수":5,
            "500m이내공원수":0,
            "3km이내혐오시설수":0,
            "초등학교학업성취도":90.01,
            "중학교학업성취도":89.2,
            "용적률":249,
            "건폐율":31,
            "Y":36.027302,
            "X":129.346954,
            "rank":46.0,
            "area_info":"33평(110.09), 33평(111.23), 48평(159.58), 49평(163.2), 55평(182.2), 56평(187.46), 57평(189.96), 76평(252.66), 76평(254.47)",
            "last_sales":"2021-11-25,57750.0,76평(254.47)",
            "rank_history":[
                [
                    "202202",
                    46
                ],
                [
                    "202201",
                    71
                ]
            ],
            "rank_gap":25
        },
        {
            "index":294,
            "아파트명":"장미",
            "투자타입":"일반",
            "전용면적(m2)":"73.47",
            "전용면적(평)":"22평",
            "법정동주소":"경상북도 포항시 북구 장성동 1369-1",
            "도로명주소":"경상북도 포항시 북구 삼흥로88번길 10",
            "세대수":0,
            "입주년차":0,
            "용적률점수":"--",
            "건폐율점수":"--",
            "세대당주차수":0,
            "난방방식":30,
            "공급면적":"--",
            "전용률":"--",
            "욕실수":50,
            "현관타입":100,
            "주거총점":18.0,
            "지역구공급총점":0.0,
            "역세권":"NA",
            "30분내 이동가능 거점":"NA",
            "1시간내 이동가능 거점":"NA",
            "교통총점":"NA",
            "백화점":100,
            "아울렛몰":0,
            "대형마트":80,
            "은행":0,
            "병원":60,
            "종합병원":100,
            "공원":100,
            "혐오시설":0,
            "인프라총점":71.0,
            "초등학군":89.99,
            "중학군":50.04,
            "학군총점":58.03,
            "인구수":28.98,
            "인구증감":-2.28,
            "인구총점":19.602,
            "일자리":16.78,
            "소득수준":81.3,
            "일자리총점":36.136,
            "가치 총점":49.2075,
            "매매실거래년":20211220.0,
            "매매실거래가":8000.0,
            "전세실거래년":20210305.0,
            "전세실거래가":6500.0,
            "전세가율":81.25,
            "장기전세가율평균":78.19,
            "전세가율거품지수":-3.06,
            "검색코드":16416,
            "세대수":244.0,
            "준공년월":"1994-07-19",
            "준공년차":29.0,
            "가까운역이름":"NA",
            "가까운역거리":"NA",
            "역세권여부":"NA",
            "30분이내주요거점역":"NA",
            "30분거점역이름":"NA",
            "1시간이내주요거점역":"NA",
            "1시간거점역이름":"NA",
            "3km이내백화점수":1,
            "5km이내아울렛몰수":0,
            "1km이내대형먀트수":1,
            "500m이내은행수":0,
            "500m이내병원수":12,
            "5km이내대형병원수":2,
            "500m이내공원수":4,
            "3km이내혐오시설수":0,
            "초등학교학업성취도":89.99,
            "중학교학업성취도":83.4,
            "용적률":0,
            "건폐율":0,
            "Y":36.06921,
            "X":129.3807,
            "rank":47.0,
            "area_info":"22평(73.47)",
            "last_sales":"2021-12-20,8000.0,22평(73.47)",
            "rank_history":[
                [
                    "202202",
                    47
                ],
                [
                    "202201",
                    53
                ]
            ],
            "rank_gap":6
        },
        {
            "index":292,
            "아파트명":"산호그린맨션7차",
            "투자타입":"일반",
            "전용면적(m2)":"83.45",
            "전용면적(평)":"25평",
            "법정동주소":"경상북도 포항시 북구 장성동 1364-1",
            "도로명주소":"경상북도 포항시 북구 삼흥로88번길 11",
            "세대수":0,
            "입주년차":0,
            "용적률점수":"--",
            "건폐율점수":"--",
            "세대당주차수":0,
            "난방방식":30,
            "공급면적":"--",
            "전용률":"--",
            "욕실수":50,
            "현관타입":100,
            "주거총점":18.0,
            "지역구공급총점":0.0,
            "역세권":"NA",
            "30분내 이동가능 거점":"NA",
            "1시간내 이동가능 거점":"NA",
            "교통총점":"NA",
            "백화점":100,
            "아울렛몰":0,
            "대형마트":80,
            "은행":0,
            "병원":60,
            "종합병원":100,
            "공원":100,
            "혐오시설":0,
            "인프라총점":71.0,
            "초등학군":89.99,
            "중학군":50.04,
            "학군총점":58.03,
            "인구수":28.98,
            "인구증감":-2.28,
            "인구총점":19.602,
            "일자리":16.78,
            "소득수준":81.3,
            "일자리총점":36.136,
            "가치 총점":49.2075,
            "매매실거래년":20211011.0,
            "매매실거래가":15000.0,
            "전세실거래년":20211129.0,
            "전세실거래가":7500.0,
            "전세가율":64.1,
            "장기전세가율평균":78.19,
            "전세가율거품지수":14.09,
            "검색코드":101139,
            "세대수":159.0,
            "준공년월":"1996-01-31",
            "준공년차":27.0,
            "가까운역이름":"NA",
            "가까운역거리":"NA",
            "역세권여부":"NA",
            "30분이내주요거점역":"NA",
            "30분거점역이름":"NA",
            "1시간이내주요거점역":"NA",
            "1시간거점역이름":"NA",
            "3km이내백화점수":1,
            "5km이내아울렛몰수":0,
            "1km이내대형먀트수":1,
            "500m이내은행수":0,
            "500m이내병원수":12,
            "5km이내대형병원수":2,
            "500m이내공원수":4,
            "3km이내혐오시설수":0,
            "초등학교학업성취도":89.99,
            "중학교학업성취도":83.4,
            "용적률":0,
            "건폐율":0,
            "Y":36.070082,
            "X":129.380512,
            "rank":47.0,
            "area_info":"25평(83.45), 32평(108.04)",
            "last_sales":"2021-10-11,15000.0,32평(108.04)",
            "rank_history":[
                [
                    "202202",
                    47
                ],
                [
                    "202201",
                    53
                ]
            ],
            "rank_gap":6
        },
        {
            "index":26,
            "아파트명":"두호천호타운",
            "투자타입":"일반",
            "전용면적(m2)":"75.91",
            "전용면적(평)":"22평",
            "법정동주소":"경상북도 포항시 북구 두호동 1069",
            "도로명주소":"경상북도 포항시 북구 삼흥로100번길 24",
            "세대수":0,
            "입주년차":0,
            "용적률점수":"--",
            "건폐율점수":"--",
            "세대당주차수":0,
            "난방방식":30,
            "공급면적":"--",
            "전용률":"--",
            "욕실수":50,
            "현관타입":100,
            "주거총점":18.0,
            "지역구공급총점":0.0,
            "역세권":"NA",
            "30분내 이동가능 거점":"NA",
            "1시간내 이동가능 거점":"NA",
            "교통총점":"NA",
            "백화점":100,
            "아울렛몰":0,
            "대형마트":80,
            "은행":0,
            "병원":60,
            "종합병원":100,
            "공원":100,
            "혐오시설":0,
            "인프라총점":71.0,
            "초등학군":89.99,
            "중학군":50.04,
            "학군총점":58.03,
            "인구수":28.98,
            "인구증감":-2.28,
            "인구총점":19.602,
            "일자리":16.78,
            "소득수준":81.3,
            "일자리총점":36.136,
            "가치 총점":49.2075,
            "매매실거래년":20211030.0,
            "매매실거래가":6500.0,
            "전세실거래년":20140621.0,
            "전세실거래가":6300.0,
            "전세가율":52.5,
            "장기전세가율평균":78.19,
            "전세가율거품지수":25.69,
            "검색코드":16384,
            "세대수":189.0,
            "준공년월":"1994-04-22",
            "준공년차":29.0,
            "가까운역이름":"NA",
            "가까운역거리":"NA",
            "역세권여부":"NA",
            "30분이내주요거점역":"NA",
            "30분거점역이름":"NA",
            "1시간이내주요거점역":"NA",
            "1시간거점역이름":"NA",
            "3km이내백화점수":1,
            "5km이내아울렛몰수":0,
            "1km이내대형먀트수":1,
            "500m이내은행수":0,
            "500m이내병원수":13,
            "5km이내대형병원수":2,
            "500m이내공원수":3,
            "3km이내혐오시설수":0,
            "초등학교학업성취도":89.99,
            "중학교학업성취도":83.4,
            "용적률":408,
            "건폐율":38,
            "Y":36.070899,
            "X":129.381548,
            "rank":47.0,
            "area_info":"22평(75.91), 23평(77.85), 24평(82.49), 26평(87.64), 34평(113.76)",
            "last_sales":"2021-10-30,6500.0,26평(87.64)",
            "rank_history":[
                [
                    "202202",
                    47
                ],
                [
                    "202201",
                    46
                ]
            ],
            "rank_gap":-1
        },
        {
            "index":55,
            "아파트명":"제일우성1차",
            "투자타입":"일반",
            "전용면적(m2)":"80.17",
            "전용면적(평)":"24평",
            "법정동주소":"경상북도 포항시 북구 두호동 1081-5",
            "도로명주소":"경상북도 포항시 북구 용두산길 38-8",
            "세대수":0,
            "입주년차":0,
            "용적률점수":"--",
            "건폐율점수":"--",
            "세대당주차수":0,
            "난방방식":30,
            "공급면적":"--",
            "전용률":"--",
            "욕실수":50,
            "현관타입":100,
            "주거총점":18.0,
            "지역구공급총점":0.0,
            "역세권":"NA",
            "30분내 이동가능 거점":"NA",
            "1시간내 이동가능 거점":"NA",
            "교통총점":"NA",
            "백화점":100,
            "아울렛몰":0,
            "대형마트":80,
            "은행":0,
            "병원":60,
            "종합병원":100,
            "공원":100,
            "혐오시설":0,
            "인프라총점":71.0,
            "초등학군":89.98,
            "중학군":50.04,
            "학군총점":58.028,
            "인구수":28.98,
            "인구증감":-2.28,
            "인구총점":19.602,
            "일자리":16.78,
            "소득수준":81.3,
            "일자리총점":36.136,
            "가치 총점":49.207,
            "매매실거래년":20220123.0,
            "매매실거래가":10900.0,
            "전세실거래년":20211229.0,
            "전세실거래가":10000.0,
            "전세가율":91.74,
            "장기전세가율평균":78.19,
            "전세가율거품지수":-13.55,
            "검색코드":16376,
            "세대수":134.0,
            "준공년월":"1996-12-05",
            "준공년차":27.0,
            "가까운역이름":"NA",
            "가까운역거리":"NA",
            "역세권여부":"NA",
            "30분이내주요거점역":"NA",
            "30분거점역이름":"NA",
            "1시간이내주요거점역":"NA",
            "1시간거점역이름":"NA",
            "3km이내백화점수":1,
            "5km이내아울렛몰수":0,
            "1km이내대형먀트수":1,
            "500m이내은행수":0,
            "500m이내병원수":18,
            "5km이내대형병원수":2,
            "500m이내공원수":5,
            "3km이내혐오시설수":0,
            "초등학교학업성취도":89.98,
            "중학교학업성취도":83.4,
            "용적률":243,
            "건폐율":22,
            "Y":36.066785,
            "X":129.38192,
            "rank":48.0,
            "area_info":"24평(80.17), 31평(105.12)",
            "last_sales":"2022-01-23,10900.0,24평(80.17)",
            "rank_history":[
                [
                    "202202",
                    48
                ],
                [
                    "202201",
                    45
                ]
            ],
            "rank_gap":-3
        },
        {
            "index":304,
            "아파트명":"장성동롯데",
            "투자타입":"일반",
            "전용면적(m2)":"81.81",
            "전용면적(평)":"24평",
            "법정동주소":"경상북도 포항시 북구 장성동 1455-1",
            "도로명주소":"경상북도 포항시 북구 법원로40번길 38",
            "세대수":80,
            "입주년차":40,
            "용적률점수":"--",
            "건폐율점수":"--",
            "세대당주차수":30,
            "난방방식":30,
            "공급면적":"--",
            "전용률":"--",
            "욕실수":100,
            "현관타입":100,
            "주거총점":63.5,
            "지역구공급총점":0.0,
            "역세권":"NA",
            "30분내 이동가능 거점":"NA",
            "1시간내 이동가능 거점":"NA",
            "교통총점":"NA",
            "백화점":0,
            "아울렛몰":0,
            "대형마트":80,
            "은행":0,
            "병원":10,
            "종합병원":80,
            "공원":100,
            "혐오시설":0,
            "인프라총점":32.0,
            "초등학군":90.01,
            "중학군":47.9,
            "학군총점":56.322,
            "인구수":28.98,
            "인구증감":-2.28,
            "인구총점":19.602,
            "일자리":16.78,
            "소득수준":81.3,
            "일자리총점":36.136,
            "가치 총점":49.1055,
            "매매실거래년":20220122.0,
            "매매실거래가":18950.0,
            "전세실거래년":20220126.0,
            "전세실거래가":17500.0,
            "전세가율":92.35,
            "장기전세가율평균":78.19,
            "전세가율거품지수":-14.16,
            "검색코드":17379,
            "세대수":820.0,
            "준공년월":"2004-03-26",
            "준공년차":19.0,
            "가까운역이름":"NA",
            "가까운역거리":"NA",
            "역세권여부":"NA",
            "30분이내주요거점역":"NA",
            "30분거점역이름":"NA",
            "1시간이내주요거점역":"NA",
            "1시간거점역이름":"NA",
            "3km이내백화점수":0,
            "5km이내아울렛몰수":0,
            "1km이내대형먀트수":1,
            "500m이내은행수":1,
            "500m이내병원수":2,
            "5km이내대형병원수":1,
            "500m이내공원수":3,
            "3km이내혐오시설수":0,
            "초등학교학업성취도":90.01,
            "중학교학업성취도":79.3,
            "용적률":271,
            "건폐율":18,
            "Y":36.077229,
            "X":129.389052,
            "rank":49.0,
            "area_info":"24평(81.81), 34평(112.5), 46평(152.75)",
            "last_sales":"2022-01-22,18950.0,24평(81.81)",
            "rank_history":[
                [
                    "202202",
                    49
                ],
                [
                    "202201",
                    48
                ]
            ],
            "rank_gap":-1
        },
        {
            "index":129,
            "아파트명":"포항양덕삼성쉐르빌",
            "투자타입":"일반",
            "전용면적(m2)":"113.3",
            "전용면적(평)":"34평",
            "법정동주소":"경상북도 포항시 북구 양덕동 1732",
            "도로명주소":"경상북도 포항시 북구 양덕로50번길 33",
            "세대수":90,
            "입주년차":60,
            "용적률점수":"--",
            "건폐율점수":"--",
            "세대당주차수":60,
            "난방방식":30,
            "공급면적":"--",
            "전용률":"--",
            "욕실수":100,
            "현관타입":100,
            "주거총점":75.5,
            "지역구공급총점":0.0,
            "역세권":"NA",
            "30분내 이동가능 거점":"NA",
            "1시간내 이동가능 거점":"NA",
            "교통총점":"NA",
            "백화점":0,
            "아울렛몰":0,
            "대형마트":80,
            "은행":0,
            "병원":30,
            "종합병원":0,
            "공원":100,
            "혐오시설":0,
            "인프라총점":18.0,
            "초등학군":89.99,
            "중학군":53.96,
            "학군총점":61.166,
            "인구수":28.98,
            "인구증감":-2.28,
            "인구총점":19.602,
            "일자리":16.78,
            "소득수준":81.3,
            "일자리총점":36.136,
            "가치 총점":48.9165,
            "매매실거래년":20211225.0,
            "매매실거래가":36000.0,
            "전세실거래년":20220127.0,
            "전세실거래가":25000.0,
            "전세가율":94.7,
            "장기전세가율평균":78.19,
            "전세가율거품지수":-16.51,
            "검색코드":27285,
            "세대수":945.0,
            "준공년월":"2010-07-28",
            "준공년차":13.0,
            "가까운역이름":"NA",
            "가까운역거리":"NA",
            "역세권여부":"NA",
            "30분이내주요거점역":"NA",
            "30분거점역이름":"NA",
            "1시간이내주요거점역":"NA",
            "1시간거점역이름":"NA",
            "3km이내백화점수":0,
            "5km이내아울렛몰수":0,
            "1km이내대형먀트수":1,
            "500m이내은행수":0,
            "500m이내병원수":8,
            "5km이내대형병원수":0,
            "500m이내공원수":3,
            "3km이내혐오시설수":0,
            "초등학교학업성취도":89.99,
            "중학교학업성취도":87.4,
            "용적률":275,
            "건폐율":36,
            "Y":36.084922,
            "X":129.40562,
            "rank":50.0,
            "area_info":"34평(113.3), 47평(156.75), 47평(156.6), 54평(179.82), 64평(212.79), 83평(276.15), 83평(276.15)",
            "last_sales":"2021-12-25,36000.0,54평(179.82)",
            "rank_history":[
                [
                    "202202",
                    50
                ],
                [
                    "202201",
                    49
                ]
            ],
            "rank_gap":-1
        },
        {
            "index":96,
            "아파트명":"포항이동삼성",
            "투자타입":"일반",
            "전용면적(m2)":"96.56",
            "전용면적(평)":"29평",
            "법정동주소":"경상북도 포항시 북구 득량동 303",
            "도로명주소":"경상북도 포항시 북구 이동로 48-11",
            "세대수":80,
            "입주년차":20,
            "용적률점수":"--",
            "건폐율점수":"--",
            "세대당주차수":30,
            "난방방식":30,
            "공급면적":"--",
            "전용률":"--",
            "욕실수":50,
            "현관타입":100,
            "주거총점":54.5,
            "지역구공급총점":0.0,
            "역세권":"NA",
            "30분내 이동가능 거점":"NA",
            "1시간내 이동가능 거점":"NA",
            "교통총점":"NA",
            "백화점":0,
            "아울렛몰":0,
            "대형마트":80,
            "은행":0,
            "병원":10,
            "종합병원":100,
            "공원":100,
            "혐오시설":0,
            "인프라총점":36.0,
            "초등학군":90.0,
            "중학군":54.08,
            "학군총점":61.264,
            "인구수":28.98,
            "인구증감":-2.28,
            "인구총점":19.602,
            "일자리":16.78,
            "소득수준":81.3,
            "일자리총점":36.136,
            "가치 총점":48.791,
            "매매실거래년":20220111.0,
            "매매실거래가":21500.0,
            "전세실거래년":20220114.0,
            "전세실거래가":18200.0,
            "전세가율":84.65,
            "장기전세가율평균":78.19,
            "전세가율거품지수":-6.46,
            "검색코드":16387,
            "세대수":758.0,
            "준공년월":"2000-02-02",
            "준공년차":23.0,
            "가까운역이름":"NA",
            "가까운역거리":"NA",
            "역세권여부":"NA",
            "30분이내주요거점역":"NA",
            "30분거점역이름":"NA",
            "1시간이내주요거점역":"NA",
            "1시간거점역이름":"NA",
            "3km이내백화점수":0,
            "5km이내아울렛몰수":0,
            "1km이내대형먀트수":1,
            "500m이내은행수":0,
            "500m이내병원수":4,
            "5km이내대형병원수":5,
            "500m이내공원수":3,
            "3km이내혐오시설수":0,
            "초등학교학업성취도":90.0,
            "중학교학업성취도":89.2,
            "용적률":248,
            "건폐율":18,
            "Y":36.031193,
            "X":129.341754,
            "rank":51.0,
            "area_info":"29평(96.56), 32평(108.77), 38평(125.92), 49평(165.21)",
            "last_sales":"2022-01-11,21500.0,29평(96.56)",
            "rank_history":[
                [
                    "202202",
                    51
                ],
                [
                    "202201",
                    78
                ]
            ],
            "rank_gap":27
        },
        {
            "index":342,
            "아파트명":"창포보성",
            "투자타입":"일반",
            "전용면적(m2)":"105.22",
            "전용면적(평)":"31평",
            "법정동주소":"경상북도 포항시 북구 장성동 1342",
            "도로명주소":"경상북도 포항시 북구 새천년대로1123번길 28",
            "세대수":30,
            "입주년차":0,
            "용적률점수":"--",
            "건폐율점수":"--",
            "세대당주차수":0,
            "난방방식":30,
            "공급면적":"--",
            "전용률":"--",
            "욕실수":100,
            "현관타입":100,
            "주거총점":33.5,
            "지역구공급총점":0.0,
            "역세권":"NA",
            "30분내 이동가능 거점":"NA",
            "1시간내 이동가능 거점":"NA",
            "교통총점":"NA",
            "백화점":100,
            "아울렛몰":0,
            "대형마트":0,
            "은행":0,
            "병원":30,
            "종합병원":100,
            "공원":100,
            "혐오시설":0,
            "인프라총점":56.0,
            "초등학군":89.98,
            "중학군":50.04,
            "학군총점":58.028,
            "인구수":28.98,
            "인구증감":-2.28,
            "인구총점":19.602,
            "일자리":16.78,
            "소득수준":81.3,
            "일자리총점":36.136,
            "가치 총점":48.632,
            "매매실거래년":20211104.0,
            "매매실거래가":19000.0,
            "전세실거래년":20211026.0,
            "전세실거래가":15000.0,
            "전세가율":93.75,
            "장기전세가율평균":78.19,
            "전세가율거품지수":-15.56,
            "검색코드":16419,
            "세대수":300.0,
            "준공년월":"1993-11-18",
            "준공년차":30.0,
            "가까운역이름":"NA",
            "가까운역거리":"NA",
            "역세권여부":"NA",
            "30분이내주요거점역":"NA",
            "30분거점역이름":"NA",
            "1시간이내주요거점역":"NA",
            "1시간거점역이름":"NA",
            "3km이내백화점수":1,
            "5km이내아울렛몰수":0,
            "1km이내대형먀트수":0,
            "500m이내은행수":0,
            "500m이내병원수":7,
            "5km이내대형병원수":2,
            "500m이내공원수":9,
            "3km이내혐오시설수":0,
            "초등학교학업성취도":89.98,
            "중학교학업성취도":83.4,
            "용적률":201,
            "건폐율":22,
            "Y":36.070262,
            "X":129.368771,
            "rank":52.0,
            "area_info":"31평(105.22), 43평(142.38), 48평(161.47)",
            "last_sales":"2021-11-04,19000.0,48평(161.47)",
            "rank_history":[
                [
                    "202202",
                    52
                ],
                [
                    "202201",
                    50
                ]
            ],
            "rank_gap":-2
        },
        {
            "index":166,
            "아파트명":"용흥쌍용",
            "투자타입":"일반",
            "전용면적(m2)":"80.83",
            "전용면적(평)":"24평",
            "법정동주소":"경상북도 포항시 북구 용흥동 17",
            "도로명주소":"경상북도 포항시 북구 용흥로 354",
            "세대수":50,
            "입주년차":0,
            "용적률점수":"--",
            "건폐율점수":"--",
            "세대당주차수":30,
            "난방방식":30,
            "공급면적":"--",
            "전용률":"--",
            "욕실수":50,
            "현관타입":100,
            "주거총점":40.0,
            "지역구공급총점":0.0,
            "역세권":"NA",
            "30분내 이동가능 거점":"NA",
            "1시간내 이동가능 거점":"NA",
            "교통총점":"NA",
            "백화점":100,
            "아울렛몰":0,
            "대형마트":0,
            "은행":0,
            "병원":0,
            "종합병원":100,
            "공원":0,
            "혐오시설":0,
            "인프라총점":50.0,
            "초등학군":89.98,
            "중학군":50.6,
            "학군총점":58.476,
            "인구수":28.98,
            "인구증감":-2.28,
            "인구총점":19.602,
            "일자리":16.78,
            "소득수준":81.3,
            "일자리총점":36.136,
            "가치 총점":48.619,
            "매매실거래년":20211230.0,
            "매매실거래가":10400.0,
            "전세실거래년":20220119.0,
            "전세실거래가":9900.0,
            "전세가율":95.19,
            "장기전세가율평균":78.19,
            "전세가율거품지수":-17.0,
            "검색코드":7144,
            "세대수":486.0,
            "준공년월":"1998-04-13",
            "준공년차":25.0,
            "가까운역이름":"NA",
            "가까운역거리":"NA",
            "역세권여부":"NA",
            "30분이내주요거점역":"NA",
            "30분거점역이름":"NA",
            "1시간이내주요거점역":"NA",
            "1시간거점역이름":"NA",
            "3km이내백화점수":1,
            "5km이내아울렛몰수":0,
            "1km이내대형먀트수":0,
            "500m이내은행수":0,
            "500m이내병원수":0,
            "5km이내대형병원수":5,
            "500m이내공원수":0,
            "3km이내혐오시설수":0,
            "초등학교학업성취도":89.98,
            "중학교학업성취도":83.8,
            "용적률":330,
            "건폐율":25,
            "Y":36.044901,
            "X":129.357656,
            "rank":53.0,
            "area_info":"24평(80.83), 32평(107.77), 49평(162.05)",
            "last_sales":"2021-12-30,10400.0,24평(80.83)",
            "rank_history":[
                [
                    "202202",
                    53
                ],
                [
                    "202201",
                    51
                ]
            ],
            "rank_gap":-2
        },
        {
            "index":175,
            "아파트명":"우방타운",
            "투자타입":"재건축",
            "전용면적(m2)":"90.22",
            "전용면적(평)":"27평",
            "법정동주소":"경상북도 포항시 북구 용흥동 366",
            "도로명주소":"경상북도 포항시 북구 대안길 56",
            "세대수":100,
            "입주년차":"--",
            "용적률점수":0,
            "건폐율점수":0,
            "세대당주차수":"--",
            "난방방식":"--",
            "공급면적":70,
            "전용률":60,
            "욕실수":"--",
            "현관타입":"--",
            "주거총점":36.5,
            "지역구공급총점":0.0,
            "역세권":"NA",
            "30분내 이동가능 거점":"NA",
            "1시간내 이동가능 거점":"NA",
            "교통총점":"NA",
            "백화점":100,
            "아울렛몰":0,
            "대형마트":0,
            "은행":0,
            "병원":30,
            "종합병원":100,
            "공원":0,
            "혐오시설":0,
            "인프라총점":53.0,
            "초등학군":89.98,
            "중학군":50.6,
            "학군총점":58.476,
            "인구수":28.98,
            "인구증감":-2.28,
            "인구총점":19.602,
            "일자리":16.78,
            "소득수준":81.3,
            "일자리총점":36.136,
            "가치 총점":48.594,
            "매매실거래년":20220120.0,
            "매매실거래가":17000.0,
            "전세실거래년":20220115.0,
            "전세실거래가":13000.0,
            "전세가율":100.0,
            "장기전세가율평균":78.19,
            "전세가율거품지수":-21.81,
            "검색코드":7185,
            "세대수":2652.0,
            "준공년월":"1990-12-24",
            "준공년차":33.0,
            "가까운역이름":"NA",
            "가까운역거리":"NA",
            "역세권여부":"NA",
            "30분이내주요거점역":"NA",
            "30분거점역이름":"NA",
            "1시간이내주요거점역":"NA",
            "1시간거점역이름":"NA",
            "3km이내백화점수":1,
            "5km이내아울렛몰수":0,
            "1km이내대형먀트수":0,
            "500m이내은행수":1,
            "500m이내병원수":5,
            "5km이내대형병원수":5,
            "500m이내공원수":0,
            "3km이내혐오시설수":0,
            "초등학교학업성취도":89.98,
            "중학교학업성취도":83.8,
            "용적률":0,
            "건폐율":0,
            "Y":36.043176,
            "X":129.352433,
            "rank":54.0,
            "area_info":"27평(90.22), 34평(112.78), 45평(150.81), 51평(170.86), 62평(206.9)",
            "last_sales":"2022-01-20,17000.0,34평(112.78)",
            "rank_history":[
                [
                    "202202",
                    54
                ],
                [
                    "202201",
                    56
                ]
            ],
            "rank_gap":2
        },
        {
            "index":117,
            "아파트명":"양덕풍림아이원",
            "투자타입":"일반",
            "전용면적(m2)":"117.02",
            "전용면적(평)":"35평",
            "법정동주소":"경상북도 포항시 북구 양덕동 1731",
            "도로명주소":"경상북도 포항시 북구 양덕로 60",
            "세대수":100,
            "입주년차":40,
            "용적률점수":"--",
            "건폐율점수":"--",
            "세대당주차수":60,
            "난방방식":30,
            "공급면적":"--",
            "전용률":"--",
            "욕실수":100,
            "현관타입":100,
            "주거총점":75.0,
            "지역구공급총점":0.0,
            "역세권":"NA",
            "30분내 이동가능 거점":"NA",
            "1시간내 이동가능 거점":"NA",
            "교통총점":"NA",
            "백화점":0,
            "아울렛몰":0,
            "대형마트":80,
            "은행":0,
            "병원":30,
            "종합병원":0,
            "공원":100,
            "혐오시설":0,
            "인프라총점":18.0,
            "초등학군":89.99,
            "중학군":52.92,
            "학군총점":60.334,
            "인구수":28.98,
            "인구증감":-2.28,
            "인구총점":19.602,
            "일자리":16.78,
            "소득수준":81.3,
            "일자리총점":36.136,
            "가치 총점":48.5335,
            "매매실거래년":20211210.0,
            "매매실거래가":39200.0,
            "전세실거래년":20220112.0,
            "전세실거래가":24500.0,
            "전세가율":80.33,
            "장기전세가율평균":78.19,
            "전세가율거품지수":-2.14,
            "검색코드":24787,
            "세대수":1723.0,
            "준공년월":"2008-06-27",
            "준공년차":15.0,
            "가까운역이름":"NA",
            "가까운역거리":"NA",
            "역세권여부":"NA",
            "30분이내주요거점역":"NA",
            "30분거점역이름":"NA",
            "1시간이내주요거점역":"NA",
            "1시간거점역이름":"NA",
            "3km이내백화점수":0,
            "5km이내아울렛몰수":0,
            "1km이내대형먀트수":1,
            "500m이내은행수":1,
            "500m이내병원수":9,
            "5km이내대형병원수":0,
            "500m이내공원수":3,
            "3km이내혐오시설수":0,
            "초등학교학업성취도":89.99,
            "중학교학업성취도":88.0,
            "용적률":271,
            "건폐율":16,
            "Y":36.085208,
            "X":129.403515,
            "rank":55.0,
            "area_info":"35평(117.02), 35평(117.17), 39평(131.67), 43평(142.89), 48평(160.34), 55평(184.77), 72평(241.19)",
            "last_sales":"2021-12-10,39200.0,55평(184.77)",
            "rank_history":[
                [
                    "202202",
                    55
                ],
                [
                    "202201",
                    52
                ]
            ],
            "rank_gap":-3
        },
        {
            "index":330,
            "아파트명":"장성현대",
            "투자타입":"일반",
            "전용면적(m2)":"74.88",
            "전용면적(평)":"22평",
            "법정동주소":"경상북도 포항시 북구 장성동 1408-1",
            "도로명주소":"경상북도 포항시 북구 장량로113번길 30",
            "세대수":50,
            "입주년차":20,
            "용적률점수":"--",
            "건폐율점수":"--",
            "세대당주차수":30,
            "난방방식":30,
            "공급면적":"--",
            "전용률":"--",
            "욕실수":50,
            "현관타입":100,
            "주거총점":44.0,
            "지역구공급총점":0.0,
            "역세권":"NA",
            "30분내 이동가능 거점":"NA",
            "1시간내 이동가능 거점":"NA",
            "교통총점":"NA",
            "백화점":0,
            "아울렛몰":0,
            "대형마트":80,
            "은행":70,
            "병원":60,
            "종합병원":80,
            "공원":100,
            "혐오시설":0,
            "인프라총점":44.0,
            "초등학군":90.01,
            "중학군":52.92,
            "학군총점":60.338,
            "인구수":28.98,
            "인구증감":-2.28,
            "인구총점":19.602,
            "일자리":16.78,
            "소득수준":81.3,
            "일자리총점":36.136,
            "가치 총점":48.0845,
            "매매실거래년":20211218.0,
            "매매실거래가":20600.0,
            "전세실거래년":20211115.0,
            "전세실거래가":12200.0,
            "전세가율":93.85,
            "장기전세가율평균":78.19,
            "전세가율거품지수":-15.66,
            "검색코드":7290,
            "세대수":645.0,
            "준공년월":"1999-03-03",
            "준공년차":24.0,
            "가까운역이름":"NA",
            "가까운역거리":"NA",
            "역세권여부":"NA",
            "30분이내주요거점역":"NA",
            "30분거점역이름":"NA",
            "1시간이내주요거점역":"NA",
            "1시간거점역이름":"NA",
            "3km이내백화점수":0,
            "5km이내아울렛몰수":0,
            "1km이내대형먀트수":1,
            "500m이내은행수":3,
            "500m이내병원수":17,
            "5km이내대형병원수":1,
            "500m이내공원수":6,
            "3km이내혐오시설수":0,
            "초등학교학업성취도":90.01,
            "중학교학업성취도":88.0,
            "용적률":209,
            "건폐율":17,
            "Y":36.084375,
            "X":129.393808,
            "rank":56.0,
            "area_info":"22평(74.88), 22평(74.73), 29평(96.17), 32평(105.86), 32평(105.96), 32평(108.56), 37평(123.9), 49평(163.13), 50평(167.16)",
            "last_sales":"2021-12-18,20600.0,37평(123.9)",
            "rank_history":[
                [
                    "202202",
                    56
                ],
                [
                    "202201",
                    54
                ]
            ],
            "rank_gap":-2
        },
        {
            "index":103,
            "아파트명":"양덕e-편한세상2차",
            "투자타입":"일반",
            "전용면적(m2)":"116.69",
            "전용면적(평)":"35평",
            "법정동주소":"경상북도 포항시 북구 양덕동 1448",
            "도로명주소":"경상북도 포항시 북구 천마로90번길 11",
            "세대수":50,
            "입주년차":60,
            "용적률점수":"--",
            "건폐율점수":"--",
            "세대당주차수":60,
            "난방방식":30,
            "공급면적":"--",
            "전용률":"--",
            "욕실수":100,
            "현관타입":100,
            "주거총점":61.5,
            "지역구공급총점":0.0,
            "역세권":"NA",
            "30분내 이동가능 거점":"NA",
            "1시간내 이동가능 거점":"NA",
            "교통총점":"NA",
            "백화점":0,
            "아울렛몰":0,
            "대형마트":80,
            "은행":70,
            "병원":60,
            "종합병원":0,
            "공원":100,
            "혐오시설":0,
            "인프라총점":28.0,
            "초등학군":90.01,
            "중학군":52.92,
            "학군총점":60.338,
            "인구수":28.98,
            "인구증감":-2.28,
            "인구총점":19.602,
            "일자리":16.78,
            "소득수준":81.3,
            "일자리총점":36.136,
            "가치 총점":47.8095,
            "매매실거래년":20211231.0,
            "매매실거래가":28000.0,
            "전세실거래년":20211115.0,
            "전세실거래가":24000.0,
            "전세가율":85.71,
            "장기전세가율평균":78.19,
            "전세가율거품지수":-7.52,
            "검색코드":106793,
            "세대수":581.0,
            "준공년월":"2010-03-25",
            "준공년차":13.0,
            "가까운역이름":"NA",
            "가까운역거리":"NA",
            "역세권여부":"NA",
            "30분이내주요거점역":"NA",
            "30분거점역이름":"NA",
            "1시간이내주요거점역":"NA",
            "1시간거점역이름":"NA",
            "3km이내백화점수":0,
            "5km이내아울렛몰수":0,
            "1km이내대형먀트수":1,
            "500m이내은행수":3,
            "500m이내병원수":22,
            "5km이내대형병원수":0,
            "500m이내공원수":2,
            "3km이내혐오시설수":0,
            "초등학교학업성취도":90.01,
            "중학교학업성취도":88.0,
            "용적률":286,
            "건폐율":20,
            "Y":36.085591,
            "X":129.398459,
            "rank":57.0,
            "area_info":"35평(116.69), 35평(116.72), 35평(117.6), 48평(160.86), 58평(193.87)",
            "last_sales":"2021-12-31,28000.0,35평(116.69)",
            "rank_history":[
                [
                    "202202",
                    57
                ],
                [
                    "202201",
                    55
                ]
            ],
            "rank_gap":-2
        },
        {
            "index":503,
            "아파트명":"삼도뷰엔빌",
            "투자타입":"일반",
            "전용면적(m2)":"107.2",
            "전용면적(평)":"32평",
            "법정동주소":"경상북도 포항시 북구 흥해읍 학천리 454",
            "도로명주소":"경상북도 포항시 북구 도음로877번길 15",
            "세대수":80,
            "입주년차":40,
            "용적률점수":"--",
            "건폐율점수":"--",
            "세대당주차수":60,
            "난방방식":30,
            "공급면적":"--",
            "전용률":"--",
            "욕실수":100,
            "현관타입":100,
            "주거총점":68.0,
            "지역구공급총점":0.0,
            "역세권":"NA",
            "30분내 이동가능 거점":"NA",
            "1시간내 이동가능 거점":"NA",
            "교통총점":"NA",
            "백화점":0,
            "아울렛몰":0,
            "대형마트":0,
            "은행":0,
            "병원":10,
            "종합병원":80,
            "공원":80,
            "혐오시설":0,
            "인프라총점":19.4,
            "초등학군":89.99,
            "중학군":58.24,
            "학군총점":64.59,
            "인구수":28.98,
            "인구증감":-2.28,
            "인구총점":19.602,
            "일자리":16.78,
            "소득수준":81.3,
            "일자리총점":36.136,
            "가치 총점":47.7075,
            "매매실거래년":20220119.0,
            "매매실거래가":22500.0,
            "전세실거래년":20211104.0,
            "전세실거래가":17500.0,
            "전세가율":90.67,
            "장기전세가율평균":78.19,
            "전세가율거품지수":-12.48,
            "검색코드":100853,
            "세대수":875.0,
            "준공년월":"2008-09-16",
            "준공년차":15.0,
            "가까운역이름":"NA",
            "가까운역거리":"NA",
            "역세권여부":"NA",
            "30분이내주요거점역":"NA",
            "30분거점역이름":"NA",
            "1시간이내주요거점역":"NA",
            "1시간거점역이름":"NA",
            "3km이내백화점수":0,
            "5km이내아울렛몰수":0,
            "1km이내대형먀트수":0,
            "500m이내은행수":0,
            "500m이내병원수":2,
            "5km이내대형병원수":1,
            "500m이내공원수":1,
            "3km이내혐오시설수":0,
            "초등학교학업성취도":89.99,
            "중학교학업성취도":96.6,
            "용적률":207,
            "건폐율":15,
            "Y":36.080412,
            "X":129.332531,
            "rank":58.0,
            "area_info":"32평(107.2), 35평(118.33), 36평(121.36), 48평(158.92)",
            "last_sales":"2022-01-19,22500.0,36평(121.36)",
            "rank_history":[
                [
                    "202202",
                    58
                ],
                [
                    "202201",
                    59
                ]
            ],
            "rank_gap":1
        },
        {
            "index":169,
            "아파트명":"용흥현대타워2차",
            "투자타입":"일반",
            "전용면적(m2)":"76.77",
            "전용면적(평)":"23평",
            "법정동주소":"경상북도 포항시 북구 용흥동 66-1",
            "도로명주소":"경상북도 포항시 북구 새마을로 26",
            "세대수":50,
            "입주년차":0,
            "용적률점수":"--",
            "건폐율점수":"--",
            "세대당주차수":0,
            "난방방식":30,
            "공급면적":"--",
            "전용률":"--",
            "욕실수":50,
            "현관타입":100,
            "주거총점":35.5,
            "지역구공급총점":0.0,
            "역세권":"NA",
            "30분내 이동가능 거점":"NA",
            "1시간내 이동가능 거점":"NA",
            "교통총점":"NA",
            "백화점":100,
            "아울렛몰":0,
            "대형마트":0,
            "은행":0,
            "병원":10,
            "종합병원":100,
            "공원":0,
            "혐오시설":0,
            "인프라총점":51.0,
            "초등학군":90.02,
            "중학군":50.6,
            "학군총점":58.484,
            "인구수":28.98,
            "인구증감":-2.28,
            "인구총점":19.602,
            "일자리":16.78,
            "소득수준":81.3,
            "일자리총점":36.136,
            "가치 총점":47.446,
            "매매실거래년":20211128.0,
            "매매실거래가":12900.0,
            "전세실거래년":20210904.0,
            "전세실거래가":11000.0,
            "전세가율":85.27,
            "장기전세가율평균":78.19,
            "전세가율거품지수":-7.08,
            "검색코드":13976,
            "세대수":484.0,
            "준공년월":"1996-09-23",
            "준공년차":27.0,
            "가까운역이름":"NA",
            "가까운역거리":"NA",
            "역세권여부":"NA",
            "30분이내주요거점역":"NA",
            "30분거점역이름":"NA",
            "1시간이내주요거점역":"NA",
            "1시간거점역이름":"NA",
            "3km이내백화점수":1,
            "5km이내아울렛몰수":0,
            "1km이내대형먀트수":0,
            "500m이내은행수":0,
            "500m이내병원수":3,
            "5km이내대형병원수":5,
            "500m이내공원수":0,
            "3km이내혐오시설수":0,
            "초등학교학업성취도":90.02,
            "중학교학업성취도":83.8,
            "용적률":189,
            "건폐율":20,
            "Y":36.039358,
            "X":129.356984,
            "rank":59.0,
            "area_info":"23평(76.77), 26평(88.44), 31평(104.27), 35평(116.71), 47평(158.58), 51평(170.52)",
            "last_sales":"2021-11-28,12900.0,23평(76.77)",
            "rank_history":[
                [
                    "202202",
                    59
                ],
                [
                    "202201",
                    57
                ]
            ],
            "rank_gap":-2
        },
        {
            "index":314,
            "아파트명":"장성삼도뷰엔빌W",
            "투자타입":"일반",
            "전용면적(m2)":"124.34",
            "전용면적(평)":"37평",
            "법정동주소":"경상북도 포항시 북구 장성동 1490-8",
            "도로명주소":"경상북도 포항시 북구 장량로17번길 65",
            "세대수":50,
            "입주년차":60,
            "용적률점수":"--",
            "건폐율점수":"--",
            "세대당주차수":60,
            "난방방식":30,
            "공급면적":"--",
            "전용률":"--",
            "욕실수":100,
            "현관타입":100,
            "주거총점":61.5,
            "지역구공급총점":0.0,
            "역세권":"NA",
            "30분내 이동가능 거점":"NA",
            "1시간내 이동가능 거점":"NA",
            "교통총점":"NA",
            "백화점":0,
            "아울렛몰":0,
            "대형마트":0,
            "은행":0,
            "병원":60,
            "종합병원":80,
            "공원":100,
            "혐오시설":0,
            "인프라총점":25.0,
            "초등학군":89.99,
            "중학군":52.92,
            "학군총점":60.334,
            "인구수":28.98,
            "인구증감":-2.28,
            "인구총점":19.602,
            "일자리":16.78,
            "소득수준":81.3,
            "일자리총점":36.136,
            "가치 총점":46.6085,
            "매매실거래년":20220108.0,
            "매매실거래가":26000.0,
            "전세실거래년":20211130.0,
            "전세실거래가":27000.0,
            "전세가율":103.85,
            "장기전세가율평균":78.19,
            "전세가율거품지수":-25.66,
            "검색코드":102526,
            "세대수":502.0,
            "준공년월":"2011-11-22",
            "준공년차":12.0,
            "가까운역이름":"NA",
            "가까운역거리":"NA",
            "역세권여부":"NA",
            "30분이내주요거점역":"NA",
            "30분거점역이름":"NA",
            "1시간이내주요거점역":"NA",
            "1시간거점역이름":"NA",
            "3km이내백화점수":0,
            "5km이내아울렛몰수":0,
            "1km이내대형먀트수":0,
            "500m이내은행수":0,
            "500m이내병원수":10,
            "5km이내대형병원수":1,
            "500m이내공원수":5,
            "3km이내혐오시설수":0,
            "초등학교학업성취도":89.99,
            "중학교학업성취도":88.0,
            "용적률":299,
            "건폐율":18,
            "Y":36.088819,
            "X":129.382761,
            "rank":60.0,
            "area_info":"37평(124.34), 37평(125.18), 41평(138.55), 45평(150.82), 51평(171.42)",
            "last_sales":"2022-01-08,26000.0,37평(124.34)",
            "rank_history":[
                [
                    "202202",
                    60
                ],
                [
                    "202201",
                    67
                ]
            ],
            "rank_gap":7
        },
        {
            "index":115,
            "아파트명":"양덕트리니엔3차",
            "투자타입":"일반",
            "전용면적(m2)":"89.29",
            "전용면적(평)":"27평",
            "법정동주소":"경상북도 포항시 북구 양덕동 786-1",
            "도로명주소":"경상북도 포항시 북구 천마로 123",
            "세대수":80,
            "입주년차":80,
            "용적률점수":"--",
            "건폐율점수":"--",
            "세대당주차수":30,
            "난방방식":30,
            "공급면적":"--",
            "전용률":"--",
            "욕실수":100,
            "현관타입":100,
            "주거총점":71.5,
            "지역구공급총점":0.0,
            "역세권":"NA",
            "30분내 이동가능 거점":"NA",
            "1시간내 이동가능 거점":"NA",
            "교통총점":"NA",
            "백화점":0,
            "아울렛몰":0,
            "대형마트":80,
            "은행":0,
            "병원":0,
            "종합병원":0,
            "공원":100,
            "혐오시설":0,
            "인프라총점":15.0,
            "초등학군":90.01,
            "중학군":52.92,
            "학군총점":60.338,
            "인구수":28.98,
            "인구증감":-2.28,
            "인구총점":19.602,
            "일자리":16.78,
            "소득수준":81.3,
            "일자리총점":36.136,
            "가치 총점":46.1095,
            "매매실거래년":20220105.0,
            "매매실거래가":29700.0,
            "전세실거래년":20211231.0,
            "전세실거래가":28000.0,
            "전세가율":94.28,
            "장기전세가율평균":78.19,
            "전세가율거품지수":-16.09,
            "검색코드":107031,
            "세대수":730.0,
            "준공년월":"2015-09-24",
            "준공년차":8.0,
            "가까운역이름":"NA",
            "가까운역거리":"NA",
            "역세권여부":"NA",
            "30분이내주요거점역":"NA",
            "30분거점역이름":"NA",
            "1시간이내주요거점역":"NA",
            "1시간거점역이름":"NA",
            "3km이내백화점수":0,
            "5km이내아울렛몰수":0,
            "1km이내대형먀트수":1,
            "500m이내은행수":1,
            "500m이내병원수":0,
            "5km이내대형병원수":0,
            "500m이내공원수":5,
            "3km이내혐오시설수":0,
            "초등학교학업성취도":90.01,
            "중학교학업성취도":88.0,
            "용적률":179,
            "건폐율":16,
            "Y":36.087761,
            "X":129.395544,
            "rank":61.0,
            "area_info":"27평(89.29), 33평(109.85)",
            "last_sales":"2022-01-05,29700.0,27평(89.29)",
            "rank_history":[
                [
                    "202202",
                    61
                ],
                [
                    "202201",
                    61
                ]
            ],
            "rank_gap":0
        },
        {
            "index":287,
            "아파트명":"두호시영1차",
            "투자타입":"일반",
            "전용면적(m2)":"74.82",
            "전용면적(평)":"22평",
            "법정동주소":"경상북도 포항시 북구 장성동 1369",
            "도로명주소":"경상북도 포항시 북구 삼흥로74번길 7-10",
            "세대수":0,
            "입주년차":0,
            "용적률점수":"--",
            "건폐율점수":"--",
            "세대당주차수":0,
            "난방방식":30,
            "공급면적":"--",
            "전용률":"--",
            "욕실수":50,
            "현관타입":10,
            "주거총점":9.0,
            "지역구공급총점":0.0,
            "역세권":"NA",
            "30분내 이동가능 거점":"NA",
            "1시간내 이동가능 거점":"NA",
            "교통총점":"NA",
            "백화점":100,
            "아울렛몰":0,
            "대형마트":80,
            "은행":0,
            "병원":60,
            "종합병원":100,
            "공원":100,
            "혐오시설":0,
            "인프라총점":71.0,
            "초등학군":89.99,
            "중학군":50.04,
            "학군총점":58.03,
            "인구수":28.98,
            "인구증감":-2.28,
            "인구총점":19.602,
            "일자리":16.78,
            "소득수준":81.3,
            "일자리총점":36.136,
            "가치 총점":46.0575,
            "매매실거래년":20220120.0,
            "매매실거래가":5150.0,
            "전세실거래년":20211108.0,
            "전세실거래가":6500.0,
            "전세가율":126.21,
            "장기전세가율평균":78.19,
            "전세가율거품지수":-48.02,
            "검색코드":16412,
            "세대수":182.0,
            "준공년월":"1993-05-11",
            "준공년차":30.0,
            "가까운역이름":"NA",
            "가까운역거리":"NA",
            "역세권여부":"NA",
            "30분이내주요거점역":"NA",
            "30분거점역이름":"NA",
            "1시간이내주요거점역":"NA",
            "1시간거점역이름":"NA",
            "3km이내백화점수":1,
            "5km이내아울렛몰수":0,
            "1km이내대형먀트수":1,
            "500m이내은행수":0,
            "500m이내병원수":12,
            "5km이내대형병원수":2,
            "500m이내공원수":4,
            "3km이내혐오시설수":0,
            "초등학교학업성취도":89.99,
            "중학교학업성취도":83.4,
            "용적률":0,
            "건폐율":0,
            "Y":36.069177,
            "X":129.380053,
            "rank":62.0,
            "area_info":"22평(74.82)",
            "last_sales":"2022-01-20,5150.0,22평(74.82)",
            "rank_history":[
                [
                    "202202",
                    62
                ],
                [
                    "202201",
                    72
                ]
            ],
            "rank_gap":10
        },
        {
            "index":57,
            "아파트명":"제일우성2차",
            "투자타입":"일반",
            "전용면적(m2)":"44.01",
            "전용면적(평)":"13평",
            "법정동주소":"경상북도 포항시 북구 두호동 1078-3",
            "도로명주소":"경상북도 포항시 북구 삼흥로62번길 27-8",
            "세대수":0,
            "입주년차":0,
            "용적률점수":"--",
            "건폐율점수":"--",
            "세대당주차수":0,
            "난방방식":30,
            "공급면적":"--",
            "전용률":"--",
            "욕실수":50,
            "현관타입":10,
            "주거총점":9.0,
            "지역구공급총점":0.0,
            "역세권":"NA",
            "30분내 이동가능 거점":"NA",
            "1시간내 이동가능 거점":"NA",
            "교통총점":"NA",
            "백화점":100,
            "아울렛몰":0,
            "대형마트":80,
            "은행":0,
            "병원":60,
            "종합병원":100,
            "공원":100,
            "혐오시설":0,
            "인프라총점":71.0,
            "초등학군":89.99,
            "중학군":50.04,
            "학군총점":58.03,
            "인구수":28.98,
            "인구증감":-2.28,
            "인구총점":19.602,
            "일자리":16.78,
            "소득수준":81.3,
            "일자리총점":36.136,
            "가치 총점":46.0575,
            "매매실거래년":20220124.0,
            "매매실거래가":4950.0,
            "전세실거래년":20210930.0,
            "전세실거래가":3100.0,
            "전세가율":62.63,
            "장기전세가율평균":78.19,
            "전세가율거품지수":15.56,
            "검색코드":16377,
            "세대수":224.0,
            "준공년월":"1996-12-05",
            "준공년차":27.0,
            "가까운역이름":"NA",
            "가까운역거리":"NA",
            "역세권여부":"NA",
            "30분이내주요거점역":"NA",
            "30분거점역이름":"NA",
            "1시간이내주요거점역":"NA",
            "1시간거점역이름":"NA",
            "3km이내백화점수":1,
            "5km이내아울렛몰수":0,
            "1km이내대형먀트수":1,
            "500m이내은행수":0,
            "500m이내병원수":16,
            "5km이내대형병원수":2,
            "500m이내공원수":5,
            "3km이내혐오시설수":0,
            "초등학교학업성취도":89.99,
            "중학교학업성취도":83.4,
            "용적률":275,
            "건폐율":26,
            "Y":36.06811,
            "X":129.381888,
            "rank":62.0,
            "area_info":"13평(44.01), 25평(85.29), 25평(85.42), 32평(108.09), 51평(170.39), 53평(175.72)",
            "last_sales":"2022-01-24,4950.0,13평(44.01)",
            "rank_history":[
                [
                    "202202",
                    62
                ],
                [
                    "202201",
                    60
                ]
            ],
            "rank_gap":-2
        },
        {
            "index":204,
            "아파트명":"대동우방타운",
            "투자타입":"일반",
            "전용면적(m2)":"78.49",
            "전용면적(평)":"23평",
            "법정동주소":"경상북도 포항시 북구 우현동 94-8",
            "도로명주소":"경상북도 포항시 북구 중앙로419번길 21",
            "세대수":50,
            "입주년차":0,
            "용적률점수":"--",
            "건폐율점수":"--",
            "세대당주차수":0,
            "난방방식":30,
            "공급면적":"--",
            "전용률":"--",
            "욕실수":50,
            "현관타입":10,
            "주거총점":26.5,
            "지역구공급총점":0.0,
            "역세권":"NA",
            "30분내 이동가능 거점":"NA",
            "1시간내 이동가능 거점":"NA",
            "교통총점":"NA",
            "백화점":100,
            "아울렛몰":0,
            "대형마트":0,
            "은행":0,
            "병원":30,
            "종합병원":100,
            "공원":80,
            "혐오시설":0,
            "인프라총점":55.4,
            "초등학군":90.03,
            "중학군":50.22,
            "학군총점":58.182,
            "인구수":28.98,
            "인구증감":-2.28,
            "인구총점":19.602,
            "일자리":16.78,
            "소득수준":81.3,
            "일자리총점":36.136,
            "가치 총점":45.9805,
            "매매실거래년":20220112.0,
            "매매실거래가":11500.0,
            "전세실거래년":20220119.0,
            "전세실거래가":11800.0,
            "전세가율":102.61,
            "장기전세가율평균":78.19,
            "전세가율거품지수":-24.42,
            "검색코드":16404,
            "세대수":698.0,
            "준공년월":"1994-10-28",
            "준공년차":29.0,
            "가까운역이름":"NA",
            "가까운역거리":"NA",
            "역세권여부":"NA",
            "30분이내주요거점역":"NA",
            "30분거점역이름":"NA",
            "1시간이내주요거점역":"NA",
            "1시간거점역이름":"NA",
            "3km이내백화점수":1,
            "5km이내아울렛몰수":0,
            "1km이내대형먀트수":0,
            "500m이내은행수":0,
            "500m이내병원수":5,
            "5km이내대형병원수":5,
            "500m이내공원수":1,
            "3km이내혐오시설수":0,
            "초등학교학업성취도":90.03,
            "중학교학업성취도":83.5,
            "용적률":217,
            "건폐율":31,
            "Y":36.049547,
            "X":129.360422,
            "rank":63.0,
            "area_info":"23평(78.49), 24평(80.55), 30평(101.19), 45평(151.22)",
            "last_sales":"2022-01-12,11500.0,23평(78.49)",
            "rank_history":[
                [
                    "202202",
                    63
                ],
                [
                    "202201",
                    68
                ]
            ],
            "rank_gap":5
        },
        {
            "index":291,
            "아파트명":"산호그린맨션5차",
            "투자타입":"재건축",
            "전용면적(m2)":"103.87",
            "전용면적(평)":"31평",
            "법정동주소":"경상북도 포항시 북구 장성동 1350-1",
            "도로명주소":"경상북도 포항시 북구 용두산길 45",
            "세대수":0,
            "입주년차":"--",
            "용적률점수":0,
            "건폐율점수":0,
            "세대당주차수":"--",
            "난방방식":"--",
            "공급면적":90,
            "전용률":80,
            "욕실수":"--",
            "현관타입":"--",
            "주거총점":8.5,
            "지역구공급총점":0.0,
            "역세권":"NA",
            "30분내 이동가능 거점":"NA",
            "1시간내 이동가능 거점":"NA",
            "교통총점":"NA",
            "백화점":100,
            "아울렛몰":0,
            "대형마트":80,
            "은행":0,
            "병원":60,
            "종합병원":100,
            "공원":100,
            "혐오시설":0,
            "인프라총점":71.0,
            "초등학군":89.99,
            "중학군":50.04,
            "학군총점":58.03,
            "인구수":28.98,
            "인구증감":-2.28,
            "인구총점":19.602,
            "일자리":16.78,
            "소득수준":81.3,
            "일자리총점":36.136,
            "가치 총점":45.8825,
            "매매실거래년":20211223.0,
            "매매실거래가":15250.0,
            "전세실거래년":20210907.0,
            "전세실거래가":13500.0,
            "전세가율":88.52,
            "장기전세가율평균":78.19,
            "전세가율거품지수":-10.33,
            "검색코드":7273,
            "세대수":168.0,
            "준공년월":"1992-06-18",
            "준공년차":31.0,
            "가까운역이름":"NA",
            "가까운역거리":"NA",
            "역세권여부":"NA",
            "30분이내주요거점역":"NA",
            "30분거점역이름":"NA",
            "1시간이내주요거점역":"NA",
            "1시간거점역이름":"NA",
            "3km이내백화점수":1,
            "5km이내아울렛몰수":0,
            "1km이내대형먀트수":1,
            "500m이내은행수":0,
            "500m이내병원수":16,
            "5km이내대형병원수":2,
            "500m이내공원수":5,
            "3km이내혐오시설수":0,
            "초등학교학업성취도":89.99,
            "중학교학업성취도":83.4,
            "용적률":0,
            "건폐율":0,
            "Y":36.06799,
            "X":129.38003,
            "rank":64.0,
            "area_info":"31평(103.87)",
            "last_sales":"2021-12-23,15250.0,31평(103.87)",
            "rank_history":[
                [
                    "202202",
                    64
                ],
                [
                    "202201",
                    64
                ]
            ],
            "rank_gap":0
        },
        {
            "index":35,
            "아파트명":"산호그린맨션1차",
            "투자타입":"재건축",
            "전용면적(m2)":"99.84",
            "전용면적(평)":"30평",
            "법정동주소":"경상북도 포항시 북구 두호동 1086",
            "도로명주소":"경상북도 포항시 북구 삼흥로18번길 6",
            "세대수":0,
            "입주년차":"--",
            "용적률점수":0,
            "건폐율점수":0,
            "세대당주차수":"--",
            "난방방식":"--",
            "공급면적":90,
            "전용률":80,
            "욕실수":"--",
            "현관타입":"--",
            "주거총점":8.5,
            "지역구공급총점":0.0,
            "역세권":"NA",
            "30분내 이동가능 거점":"NA",
            "1시간내 이동가능 거점":"NA",
            "교통총점":"NA",
            "백화점":100,
            "아울렛몰":0,
            "대형마트":80,
            "은행":0,
            "병원":60,
            "종합병원":100,
            "공원":100,
            "혐오시설":0,
            "인프라총점":71.0,
            "초등학군":89.98,
            "중학군":50.04,
            "학군총점":58.028,
            "인구수":28.98,
            "인구증감":-2.28,
            "인구총점":19.602,
            "일자리":16.78,
            "소득수준":81.3,
            "일자리총점":36.136,
            "가치 총점":45.882,
            "매매실거래년":20211109.0,
            "매매실거래가":22100.0,
            "전세실거래년":20211115.0,
            "전세실거래가":15000.0,
            "전세가율":103.45,
            "장기전세가율평균":78.19,
            "전세가율거품지수":-25.26,
            "검색코드":16368,
            "세대수":180.0,
            "준공년월":"1990-05-04",
            "준공년차":33.0,
            "가까운역이름":"NA",
            "가까운역거리":"NA",
            "역세권여부":"NA",
            "30분이내주요거점역":"NA",
            "30분거점역이름":"NA",
            "1시간이내주요거점역":"NA",
            "1시간거점역이름":"NA",
            "3km이내백화점수":1,
            "5km이내아울렛몰수":0,
            "1km이내대형먀트수":1,
            "500m이내은행수":0,
            "500m이내병원수":20,
            "5km이내대형병원수":2,
            "500m이내공원수":3,
            "3km이내혐오시설수":0,
            "초등학교학업성취도":89.98,
            "중학교학업성취도":83.4,
            "용적률":0,
            "건폐율":0,
            "Y":36.06419,
            "X":129.381131,
            "rank":65.0,
            "area_info":"30평(99.84), 31평(104.47), 50평(167.14)",
            "last_sales":"2021-11-09,22100.0,50평(167.14)",
            "rank_history":[
                [
                    "202202",
                    65
                ],
                [
                    "202201",
                    62
                ]
            ],
            "rank_gap":-3
        },
        {
            "index":100,
            "아파트명":"양덕4차삼구트리니엔",
            "투자타입":"일반",
            "전용면적(m2)":"89.92",
            "전용면적(평)":"27평",
            "법정동주소":"경상북도 포항시 북구 양덕동 651-1",
            "도로명주소":"경상북도 포항시 북구 장량중앙로 99",
            "세대수":90,
            "입주년차":80,
            "용적률점수":"--",
            "건폐율점수":"--",
            "세대당주차수":30,
            "난방방식":30,
            "공급면적":"--",
            "전용률":"--",
            "욕실수":100,
            "현관타입":100,
            "주거총점":75.0,
            "지역구공급총점":0.0,
            "역세권":"NA",
            "30분내 이동가능 거점":"NA",
            "1시간내 이동가능 거점":"NA",
            "교통총점":"NA",
            "백화점":0,
            "아울렛몰":0,
            "대형마트":0,
            "은행":20,
            "병원":60,
            "종합병원":0,
            "공원":100,
            "혐오시설":0,
            "인프라총점":11.0,
            "초등학군":90.01,
            "중학군":52.92,
            "학군총점":60.338,
            "인구수":28.98,
            "인구증감":-2.28,
            "인구총점":19.602,
            "일자리":16.78,
            "소득수준":81.3,
            "일자리총점":36.136,
            "가치 총점":45.7345,
            "매매실거래년":20220104.0,
            "매매실거래가":33300.0,
            "전세실거래년":20211116.0,
            "전세실거래가":27000.0,
            "전세가율":89.7,
            "장기전세가율평균":78.19,
            "전세가율거품지수":-11.51,
            "검색코드":107745,
            "세대수":1059.0,
            "준공년월":"2017-03-21",
            "준공년차":6.0,
            "가까운역이름":"NA",
            "가까운역거리":"NA",
            "역세권여부":"NA",
            "30분이내주요거점역":"NA",
            "30분거점역이름":"NA",
            "1시간이내주요거점역":"NA",
            "1시간거점역이름":"NA",
            "3km이내백화점수":0,
            "5km이내아울렛몰수":0,
            "1km이내대형먀트수":0,
            "500m이내은행수":2,
            "500m이내병원수":11,
            "5km이내대형병원수":0,
            "500m이내공원수":5,
            "3km이내혐오시설수":0,
            "초등학교학업성취도":90.01,
            "중학교학업성취도":88.0,
            "용적률":199,
            "건폐율":16,
            "Y":36.091166,
            "X":129.392027,
            "rank":66.0,
            "area_info":"27평(89.92), 33평(111.27), 33평(111.24)",
            "last_sales":"2022-01-04,33300.0,33평(111.24)",
            "rank_history":[
                [
                    "202202",
                    66
                ],
                [
                    "202201",
                    74
                ]
            ],
            "rank_gap":8
        },
        {
            "index":381,
            "아파트명":"두호주공3차",
            "투자타입":"재건축",
            "전용면적(m2)":"49.91",
            "전용면적(평)":"15평",
            "법정동주소":"경상북도 포항시 북구 창포동 613",
            "도로명주소":"경상북도 포항시 북구 창흥로 68",
            "세대수":50,
            "입주년차":"--",
            "용적률점수":0,
            "건폐율점수":0,
            "세대당주차수":"--",
            "난방방식":"--",
            "공급면적":50,
            "전용률":80,
            "욕실수":"--",
            "현관타입":"--",
            "주거총점":21.5,
            "지역구공급총점":0.0,
            "역세권":"NA",
            "30분내 이동가능 거점":"NA",
            "1시간내 이동가능 거점":"NA",
            "교통총점":"NA",
            "백화점":100,
            "아울렛몰":0,
            "대형마트":0,
            "은행":0,
            "병원":60,
            "종합병원":100,
            "공원":100,
            "혐오시설":0,
            "인프라총점":59.0,
            "초등학군":89.99,
            "중학군":50.04,
            "학군총점":58.03,
            "인구수":28.98,
            "인구증감":-2.28,
            "인구총점":19.602,
            "일자리":16.78,
            "소득수준":81.3,
            "일자리총점":36.136,
            "가치 총점":45.6325,
            "매매실거래년":20211112.0,
            "매매실거래가":14900.0,
            "전세실거래년":20211004.0,
            "전세실거래가":3000.0,
            "전세가율":23.08,
            "장기전세가율평균":78.19,
            "전세가율거품지수":55.11,
            "검색코드":16422,
            "세대수":470.0,
            "준공년월":"1989-04-15",
            "준공년차":34.0,
            "가까운역이름":"NA",
            "가까운역거리":"NA",
            "역세권여부":"NA",
            "30분이내주요거점역":"NA",
            "30분거점역이름":"NA",
            "1시간이내주요거점역":"NA",
            "1시간거점역이름":"NA",
            "3km이내백화점수":1,
            "5km이내아울렛몰수":0,
            "1km이내대형먀트수":0,
            "500m이내은행수":0,
            "500m이내병원수":16,
            "5km이내대형병원수":3,
            "500m이내공원수":8,
            "3km이내혐오시설수":0,
            "초등학교학업성취도":89.99,
            "중학교학업성취도":83.4,
            "용적률":0,
            "건폐율":0,
            "Y":36.064235,
            "X":129.366191,
            "rank":67.0,
            "area_info":"15평(49.91), 14평(49.48), 17평(57.57), 17평(57.93)",
            "last_sales":"2021-11-12,14900.0,17평(57.93)",
            "rank_history":[
                [
                    "202202",
                    67
                ],
                [
                    "202201",
                    63
                ]
            ],
            "rank_gap":-4
        },
        {
            "index":288,
            "아파트명":"산호그린맨션4차",
            "투자타입":"재건축",
            "전용면적(m2)":"97.02",
            "전용면적(평)":"29평",
            "법정동주소":"경상북도 포항시 북구 장성동 1350",
            "도로명주소":"경상북도 포항시 북구 삼흥로 74",
            "세대수":0,
            "입주년차":"--",
            "용적률점수":0,
            "건폐율점수":0,
            "세대당주차수":"--",
            "난방방식":"--",
            "공급면적":70,
            "전용률":80,
            "욕실수":"--",
            "현관타입":"--",
            "주거총점":7.5,
            "지역구공급총점":0.0,
            "역세권":"NA",
            "30분내 이동가능 거점":"NA",
            "1시간내 이동가능 거점":"NA",
            "교통총점":"NA",
            "백화점":100,
            "아울렛몰":0,
            "대형마트":80,
            "은행":0,
            "병원":60,
            "종합병원":100,
            "공원":100,
            "혐오시설":0,
            "인프라총점":71.0,
            "초등학군":89.99,
            "중학군":50.04,
            "학군총점":58.03,
            "인구수":28.98,
            "인구증감":-2.28,
            "인구총점":19.602,
            "일자리":16.78,
            "소득수준":81.3,
            "일자리총점":36.136,
            "가치 총점":45.5325,
            "매매실거래년":20211126.0,
            "매매실거래가":18000.0,
            "전세실거래년":20210910.0,
            "전세실거래가":12000.0,
            "전세가율":104.35,
            "장기전세가율평균":78.19,
            "전세가율거품지수":-26.16,
            "검색코드":7268,
            "세대수":210.0,
            "준공년월":"1992-12-16",
            "준공년차":31.0,
            "가까운역이름":"NA",
            "가까운역거리":"NA",
            "역세권여부":"NA",
            "30분이내주요거점역":"NA",
            "30분거점역이름":"NA",
            "1시간이내주요거점역":"NA",
            "1시간거점역이름":"NA",
            "3km이내백화점수":1,
            "5km이내아울렛몰수":0,
            "1km이내대형먀트수":1,
            "500m이내은행수":0,
            "500m이내병원수":16,
            "5km이내대형병원수":2,
            "500m이내공원수":5,
            "3km이내혐오시설수":0,
            "초등학교학업성취도":89.99,
            "중학교학업성취도":83.4,
            "용적률":0,
            "건폐율":0,
            "Y":36.068391,
            "X":129.380216,
            "rank":68.0,
            "area_info":"29평(97.02), 31평(103.46), 47평(156.53)",
            "last_sales":"2021-11-26,18000.0,47평(156.53)",
            "rank_history":[
                [
                    "202202",
                    68
                ],
                [
                    "202201",
                    66
                ]
            ],
            "rank_gap":-2
        },
        {
            "index":411,
            "아파트명":"우방청운타운",
            "투자타입":"일반",
            "전용면적(m2)":"60.11",
            "전용면적(평)":"18평",
            "법정동주소":"경상북도 포항시 북구 학산동 6-2",
            "도로명주소":"경상북도 포항시 북구 학전로 35",
            "세대수":50,
            "입주년차":0,
            "용적률점수":"--",
            "건폐율점수":"--",
            "세대당주차수":0,
            "난방방식":30,
            "공급면적":"--",
            "전용률":"--",
            "욕실수":50,
            "현관타입":10,
            "주거총점":26.5,
            "지역구공급총점":0.0,
            "역세권":"NA",
            "30분내 이동가능 거점":"NA",
            "1시간내 이동가능 거점":"NA",
            "교통총점":"NA",
            "백화점":100,
            "아울렛몰":0,
            "대형마트":0,
            "은행":0,
            "병원":60,
            "종합병원":100,
            "공원":100,
            "혐오시설":0,
            "인프라총점":59.0,
            "초등학군":90.0,
            "중학군":40.74,
            "학군총점":50.592,
            "인구수":28.98,
            "인구증감":-2.28,
            "인구총점":19.602,
            "일자리":16.78,
            "소득수준":81.3,
            "일자리총점":36.136,
            "가치 총점":45.523,
            "매매실거래년":20220114.0,
            "매매실거래가":10300.0,
            "전세실거래년":20220122.0,
            "전세실거래가":9650.0,
            "전세가율":93.69,
            "장기전세가율평균":78.19,
            "전세가율거품지수":-15.5,
            "검색코드":16425,
            "세대수":518.0,
            "준공년월":"1998-01-14",
            "준공년차":25.0,
            "가까운역이름":"NA",
            "가까운역거리":"NA",
            "역세권여부":"NA",
            "30분이내주요거점역":"NA",
            "30분거점역이름":"NA",
            "1시간이내주요거점역":"NA",
            "1시간거점역이름":"NA",
            "3km이내백화점수":1,
            "5km이내아울렛몰수":0,
            "1km이내대형먀트수":0,
            "500m이내은행수":1,
            "500m이내병원수":20,
            "5km이내대형병원수":4,
            "500m이내공원수":2,
            "3km이내혐오시설수":0,
            "초등학교학업성취도":90.0,
            "중학교학업성취도":67.5,
            "용적률":243,
            "건폐율":22,
            "Y":36.056389,
            "X":129.373725,
            "rank":69.0,
            "area_info":"18평(60.11), 24평(80.47), 32평(109.09), 38평(126.46), 49평(165.17), 55평(183.68)",
            "last_sales":"2022-01-14,10300.0,18평(60.11)",
            "rank_history":[
                [
                    "202202",
                    69
                ],
                [
                    "202201",
                    65
                ]
            ],
            "rank_gap":-4
        },
        {
            "index":31,
            "아파트명":"명지파크맨션",
            "투자타입":"재건축",
            "전용면적(m2)":"50.29",
            "전용면적(평)":"15평",
            "법정동주소":"경상북도 포항시 북구 두호동 280",
            "도로명주소":"경상북도 포항시 북구 삼호로321번길 23",
            "세대수":0,
            "입주년차":"--",
            "용적률점수":0,
            "건폐율점수":0,
            "세대당주차수":"--",
            "난방방식":"--",
            "공급면적":50,
            "전용률":80,
            "욕실수":"--",
            "현관타입":"--",
            "주거총점":6.5,
            "지역구공급총점":0.0,
            "역세권":"NA",
            "30분내 이동가능 거점":"NA",
            "1시간내 이동가능 거점":"NA",
            "교통총점":"NA",
            "백화점":100,
            "아울렛몰":0,
            "대형마트":80,
            "은행":0,
            "병원":60,
            "종합병원":100,
            "공원":100,
            "혐오시설":0,
            "인프라총점":71.0,
            "초등학군":89.98,
            "중학군":50.04,
            "학군총점":58.028,
            "인구수":28.98,
            "인구증감":-2.28,
            "인구총점":19.602,
            "일자리":16.78,
            "소득수준":81.3,
            "일자리총점":36.136,
            "가치 총점":45.182,
            "매매실거래년":20211106.0,
            "매매실거래가":11000.0,
            "전세실거래년":20210407.0,
            "전세실거래가":5000.0,
            "전세가율":50.51,
            "장기전세가율평균":78.19,
            "전세가율거품지수":27.68,
            "검색코드":16367,
            "세대수":240.0,
            "준공년월":"1986-10-21",
            "준공년차":37.0,
            "가까운역이름":"NA",
            "가까운역거리":"NA",
            "역세권여부":"NA",
            "30분이내주요거점역":"NA",
            "30분거점역이름":"NA",
            "1시간이내주요거점역":"NA",
            "1시간거점역이름":"NA",
            "3km이내백화점수":1,
            "5km이내아울렛몰수":0,
            "1km이내대형먀트수":1,
            "500m이내은행수":0,
            "500m이내병원수":18,
            "5km이내대형병원수":2,
            "500m이내공원수":5,
            "3km이내혐오시설수":0,
            "초등학교학업성취도":89.98,
            "중학교학업성취도":83.4,
            "용적률":0,
            "건폐율":0,
            "Y":36.066973,
            "X":129.3828,
            "rank":70.0,
            "area_info":"15평(50.29), 16평(52.99), 17평(58.52), 20평(66.51)",
            "last_sales":"2021-11-06,11000.0,17평(58.52)",
            "rank_history":[
                [
                    "202202",
                    70
                ],
                [
                    "202201",
                    69
                ]
            ],
            "rank_gap":-1
        },
        {
            "index":73,
            "아파트명":"청우대림1차",
            "투자타입":"재건축",
            "전용면적(m2)":"107.39",
            "전용면적(평)":"32평",
            "법정동주소":"경상북도 포항시 북구 두호동 221-3",
            "도로명주소":"경상북도 포항시 북구 삼호로 335",
            "세대수":0,
            "입주년차":"--",
            "용적률점수":0,
            "건폐율점수":0,
            "세대당주차수":"--",
            "난방방식":"--",
            "공급면적":90,
            "전용률":60,
            "욕실수":"--",
            "현관타입":"--",
            "주거총점":7.5,
            "지역구공급총점":0.0,
            "역세권":"NA",
            "30분내 이동가능 거점":"NA",
            "1시간내 이동가능 거점":"NA",
            "교통총점":"NA",
            "백화점":100,
            "아울렛몰":0,
            "대형마트":80,
            "은행":0,
            "병원":60,
            "종합병원":100,
            "공원":100,
            "혐오시설":0,
            "인프라총점":71.0,
            "초등학군":89.98,
            "중학군":47.9,
            "학군총점":56.316,
            "인구수":28.98,
            "인구증감":-2.28,
            "인구총점":19.602,
            "일자리":16.78,
            "소득수준":81.3,
            "일자리총점":36.136,
            "가치 총점":45.104,
            "매매실거래년":20211118.0,
            "매매실거래가":11000.0,
            "전세실거래년":20210907.0,
            "전세실거래가":10500.0,
            "전세가율":95.45,
            "장기전세가율평균":78.19,
            "전세가율거품지수":-17.26,
            "검색코드":6956,
            "세대수":168.0,
            "준공년월":"1989-11-21",
            "준공년차":34.0,
            "가까운역이름":"NA",
            "가까운역거리":"NA",
            "역세권여부":"NA",
            "30분이내주요거점역":"NA",
            "30분거점역이름":"NA",
            "1시간이내주요거점역":"NA",
            "1시간거점역이름":"NA",
            "3km이내백화점수":1,
            "5km이내아울렛몰수":0,
            "1km이내대형먀트수":1,
            "500m이내은행수":0,
            "500m이내병원수":12,
            "5km이내대형병원수":2,
            "500m이내공원수":5,
            "3km이내혐오시설수":0,
            "초등학교학업성취도":89.98,
            "중학교학업성취도":79.3,
            "용적률":0,
            "건폐율":0,
            "Y":36.066943,
            "X":129.385397,
            "rank":71.0,
            "area_info":"32평(107.39)",
            "last_sales":"2021-11-18,11000.0,32평(107.39)",
            "rank_history":[
                [
                    "202202",
                    71
                ],
                [
                    "202201",
                    77
                ]
            ],
            "rank_gap":6
        },
        {
            "index":74,
            "아파트명":"청우대림2차",
            "투자타입":"재건축",
            "전용면적(m2)":"62.16",
            "전용면적(평)":"18평",
            "법정동주소":"경상북도 포항시 북구 두호동 1071",
            "도로명주소":"경상북도 포항시 북구 용두산길 62",
            "세대수":0,
            "입주년차":"--",
            "용적률점수":0,
            "건폐율점수":0,
            "세대당주차수":"--",
            "난방방식":"--",
            "공급면적":50,
            "전용률":60,
            "욕실수":"--",
            "현관타입":"--",
            "주거총점":5.5,
            "지역구공급총점":0.0,
            "역세권":"NA",
            "30분내 이동가능 거점":"NA",
            "1시간내 이동가능 거점":"NA",
            "교통총점":"NA",
            "백화점":100,
            "아울렛몰":0,
            "대형마트":80,
            "은행":0,
            "병원":60,
            "종합병원":100,
            "공원":100,
            "혐오시설":0,
            "인프라총점":71.0,
            "초등학군":89.99,
            "중학군":50.04,
            "학군총점":58.03,
            "인구수":28.98,
            "인구증감":-2.28,
            "인구총점":19.602,
            "일자리":16.78,
            "소득수준":81.3,
            "일자리총점":36.136,
            "가치 총점":44.8325,
            "매매실거래년":20211228.0,
            "매매실거래가":16000.0,
            "전세실거래년":20201020.0,
            "전세실거래가":4000.0,
            "전세가율":108.11,
            "장기전세가율평균":78.19,
            "전세가율거품지수":-29.92,
            "검색코드":6958,
            "세대수":294.0,
            "준공년월":"1990-12-03",
            "준공년차":33.0,
            "가까운역이름":"NA",
            "가까운역거리":"NA",
            "역세권여부":"NA",
            "30분이내주요거점역":"NA",
            "30분거점역이름":"NA",
            "1시간이내주요거점역":"NA",
            "1시간거점역이름":"NA",
            "3km이내백화점수":1,
            "5km이내아울렛몰수":0,
            "1km이내대형먀트수":1,
            "500m이내은행수":0,
            "500m이내병원수":12,
            "5km이내대형병원수":2,
            "500m이내공원수":4,
            "3km이내혐오시설수":0,
            "초등학교학업성취도":89.99,
            "중학교학업성취도":83.4,
            "용적률":0,
            "건폐율":0,
            "Y":36.069472,
            "X":129.381856,
            "rank":72.0,
            "area_info":"18평(62.16), 32평(108.43)",
            "last_sales":"2021-12-28,16000.0,32평(108.43)",
            "rank_history":[
                [
                    "202202",
                    72
                ],
                [
                    "202201",
                    79
                ]
            ],
            "rank_gap":7
        },
        {
            "index":124,
            "아파트명":"포항양덕e-편한세상",
            "투자타입":"일반",
            "전용면적(m2)":"117.68",
            "전용면적(평)":"35평",
            "법정동주소":"경상북도 포항시 북구 양덕동 1455",
            "도로명주소":"경상북도 포항시 북구 천마로90번길 33",
            "세대수":50,
            "입주년차":60,
            "용적률점수":"--",
            "건폐율점수":"--",
            "세대당주차수":60,
            "난방방식":30,
            "공급면적":"--",
            "전용률":"--",
            "욕실수":100,
            "현관타입":100,
            "주거총점":61.5,
            "지역구공급총점":0.0,
            "역세권":"NA",
            "30분내 이동가능 거점":"NA",
            "1시간내 이동가능 거점":"NA",
            "교통총점":"NA",
            "백화점":0,
            "아울렛몰":0,
            "대형마트":80,
            "은행":0,
            "병원":60,
            "종합병원":0,
            "공원":80,
            "혐오시설":0,
            "인프라총점":20.4,
            "초등학군":90.01,
            "중학군":52.92,
            "학군총점":60.338,
            "인구수":28.98,
            "인구증감":-2.28,
            "인구총점":19.602,
            "일자리":16.78,
            "소득수준":81.3,
            "일자리총점":36.136,
            "가치 총점":44.7695,
            "매매실거래년":20220107.0,
            "매매실거래가":50200.0,
            "전세실거래년":null,
            "전세실거래가":null,
            "전세가율":null,
            "장기전세가율평균":78.19,
            "전세가율거품지수":null,
            "검색코드":105503,
            "세대수":637.0,
            "준공년월":"2013-08-19",
            "준공년차":10.0,
            "가까운역이름":"NA",
            "가까운역거리":"NA",
            "역세권여부":"NA",
            "30분이내주요거점역":"NA",
            "30분거점역이름":"NA",
            "1시간이내주요거점역":"NA",
            "1시간거점역이름":"NA",
            "3km이내백화점수":0,
            "5km이내아울렛몰수":0,
            "1km이내대형먀트수":1,
            "500m이내은행수":1,
            "500m이내병원수":14,
            "5km이내대형병원수":0,
            "500m이내공원수":1,
            "3km이내혐오시설수":0,
            "초등학교학업성취도":90.01,
            "중학교학업성취도":88.0,
            "용적률":297,
            "건폐율":21,
            "Y":36.085636,
            "X":129.40077,
            "rank":73.0,
            "area_info":"35평(117.68), 35평(118.5), 40평(133.32), 47평(157.51), 61평(204.3)",
            "last_sales":"2022-01-07,50200.0,61평(204.3)",
            "rank_history":[
                [
                    "202202",
                    73
                ],
                [
                    "202201",
                    81
                ]
            ],
            "rank_gap":8
        },
        {
            "index":24,
            "아파트명":"두호롯데",
            "투자타입":"재건축",
            "전용면적(m2)":"107.52",
            "전용면적(평)":"32평",
            "법정동주소":"경상북도 포항시 북구 두호동 635",
            "도로명주소":"경상북도 포항시 북구 삼호로 221",
            "세대수":30,
            "입주년차":"--",
            "용적률점수":0,
            "건폐율점수":0,
            "세대당주차수":"--",
            "난방방식":"--",
            "공급면적":90,
            "전용률":60,
            "욕실수":"--",
            "현관타입":"--",
            "주거총점":16.5,
            "지역구공급총점":0.0,
            "역세권":"NA",
            "30분내 이동가능 거점":"NA",
            "1시간내 이동가능 거점":"NA",
            "교통총점":"NA",
            "백화점":100,
            "아울렛몰":0,
            "대형마트":0,
            "은행":20,
            "병원":60,
            "종합병원":100,
            "공원":100,
            "혐오시설":0,
            "인프라총점":61.0,
            "초등학군":90.0,
            "중학군":50.04,
            "학군총점":58.032,
            "인구수":28.98,
            "인구증감":-2.28,
            "인구총점":19.602,
            "일자리":16.78,
            "소득수준":81.3,
            "일자리총점":36.136,
            "가치 총점":44.683,
            "매매실거래년":20211213.0,
            "매매실거래가":17900.0,
            "전세실거래년":20210827.0,
            "전세실거래가":17000.0,
            "전세가율":94.97,
            "장기전세가율평균":78.19,
            "전세가율거품지수":-16.78,
            "검색코드":6939,
            "세대수":300.0,
            "준공년월":"1990-11-07",
            "준공년차":33.0,
            "가까운역이름":"NA",
            "가까운역거리":"NA",
            "역세권여부":"NA",
            "30분이내주요거점역":"NA",
            "30분거점역이름":"NA",
            "1시간이내주요거점역":"NA",
            "1시간거점역이름":"NA",
            "3km이내백화점수":1,
            "5km이내아울렛몰수":0,
            "1km이내대형먀트수":0,
            "500m이내은행수":2,
            "500m이내병원수":24,
            "5km이내대형병원수":4,
            "500m이내공원수":2,
            "3km이내혐오시설수":0,
            "초등학교학업성취도":90.0,
            "중학교학업성취도":83.4,
            "용적률":0,
            "건폐율":0,
            "Y":36.05851,
            "X":129.37672,
            "rank":74.0,
            "area_info":"32평(107.52), 47평(157.55)",
            "last_sales":"2021-12-13,17900.0,32평(107.52)",
            "rank_history":[
                [
                    "202202",
                    74
                ],
                [
                    "202201",
                    73
                ]
            ],
            "rank_gap":-1
        },
        {
            "index":271,
            "아파트명":"대방한양",
            "투자타입":"재건축",
            "전용면적(m2)":"87.06",
            "전용면적(평)":"26평",
            "법정동주소":"경상북도 포항시 북구 장성동 956",
            "도로명주소":"경상북도 포항시 북구 성실로 66-11",
            "세대수":0,
            "입주년차":"--",
            "용적률점수":0,
            "건폐율점수":0,
            "세대당주차수":"--",
            "난방방식":"--",
            "공급면적":70,
            "전용률":80,
            "욕실수":"--",
            "현관타입":"--",
            "주거총점":7.5,
            "지역구공급총점":0.0,
            "역세권":"NA",
            "30분내 이동가능 거점":"NA",
            "1시간내 이동가능 거점":"NA",
            "교통총점":"NA",
            "백화점":100,
            "아울렛몰":0,
            "대형마트":80,
            "은행":0,
            "병원":30,
            "종합병원":100,
            "공원":100,
            "혐오시설":0,
            "인프라총점":68.0,
            "초등학군":89.98,
            "중학군":50.04,
            "학군총점":58.028,
            "인구수":28.98,
            "인구증감":-2.28,
            "인구총점":19.602,
            "일자리":16.78,
            "소득수준":81.3,
            "일자리총점":36.136,
            "가치 총점":44.332,
            "매매실거래년":20220122.0,
            "매매실거래가":9800.0,
            "전세실거래년":20211014.0,
            "전세실거래가":9000.0,
            "전세가율":90.0,
            "장기전세가율평균":78.19,
            "전세가율거품지수":-11.81,
            "검색코드":16411,
            "세대수":240.0,
            "준공년월":"1992-09-03",
            "준공년차":31.0,
            "가까운역이름":"NA",
            "가까운역거리":"NA",
            "역세권여부":"NA",
            "30분이내주요거점역":"NA",
            "30분거점역이름":"NA",
            "1시간이내주요거점역":"NA",
            "1시간거점역이름":"NA",
            "3km이내백화점수":1,
            "5km이내아울렛몰수":0,
            "1km이내대형먀트수":1,
            "500m이내은행수":0,
            "500m이내병원수":8,
            "5km이내대형병원수":2,
            "500m이내공원수":5,
            "3km이내혐오시설수":0,
            "초등학교학업성취도":89.98,
            "중학교학업성취도":83.4,
            "용적률":0,
            "건폐율":0,
            "Y":36.070392,
            "X":129.373902,
            "rank":75.0,
            "area_info":"26평(87.06), 29평(95.97), 31평(102.84)",
            "last_sales":"2022-01-22,9800.0,31평(102.84)",
            "rank_history":[
                [
                    "202202",
                    75
                ],
                [
                    "202201",
                    75
                ]
            ],
            "rank_gap":0
        },
        {
            "index":489,
            "아파트명":"대유타운",
            "투자타입":"일반",
            "전용면적(m2)":"71.27",
            "전용면적(평)":"21평",
            "법정동주소":"경상북도 포항시 북구 흥해읍 이인리 424",
            "도로명주소":"경상북도 포항시 북구 달전로 291",
            "세대수":90,
            "입주년차":40,
            "용적률점수":"--",
            "건폐율점수":"--",
            "세대당주차수":0,
            "난방방식":30,
            "공급면적":"--",
            "전용률":"--",
            "욕실수":50,
            "현관타입":100,
            "주거총점":57.5,
            "지역구공급총점":0.0,
            "역세권":"NA",
            "30분내 이동가능 거점":"NA",
            "1시간내 이동가능 거점":"NA",
            "교통총점":"NA",
            "백화점":0,
            "아울렛몰":0,
            "대형마트":0,
            "은행":0,
            "병원":0,
            "종합병원":100,
            "공원":0,
            "혐오시설":0,
            "인프라총점":20.0,
            "초등학군":89.96,
            "중학군":58.24,
            "학군총점":64.584,
            "인구수":28.98,
            "인구증감":-2.28,
            "인구총점":19.602,
            "일자리":16.78,
            "소득수준":81.3,
            "일자리총점":36.136,
            "가치 총점":44.271,
            "매매실거래년":20220122.0,
            "매매실거래가":8800.0,
            "전세실거래년":20211228.0,
            "전세실거래가":6500.0,
            "전세가율":83.33,
            "장기전세가율평균":78.19,
            "전세가율거품지수":-5.14,
            "검색코드":106530,
            "세대수":980.0,
            "준공년월":"2005-05-27",
            "준공년차":18.0,
            "가까운역이름":"NA",
            "가까운역거리":"NA",
            "역세권여부":"NA",
            "30분이내주요거점역":"NA",
            "30분거점역이름":"NA",
            "1시간이내주요거점역":"NA",
            "1시간거점역이름":"NA",
            "3km이내백화점수":0,
            "5km이내아울렛몰수":0,
            "1km이내대형먀트수":0,
            "500m이내은행수":0,
            "500m이내병원수":0,
            "5km이내대형병원수":3,
            "500m이내공원수":0,
            "3km이내혐오시설수":0,
            "초등학교학업성취도":89.96,
            "중학교학업성취도":96.6,
            "용적률":288,
            "건폐율":20,
            "Y":36.070607,
            "X":129.334175,
            "rank":76.0,
            "area_info":"21평(71.27), 25평(85.55)",
            "last_sales":"2022-01-22,8800.0,25평(85.55)",
            "rank_history":[
                [
                    "202202",
                    76
                ],
                [
                    "202201",
                    76
                ]
            ],
            "rank_gap":0
        },
        {
            "index":436,
            "아파트명":"대원양학타운",
            "투자타입":"재건축",
            "전용면적(m2)":"100.78",
            "전용면적(평)":"30평",
            "법정동주소":"경상북도 포항시 북구 학잠동 110",
            "도로명주소":"경상북도 포항시 북구 양학로90번길 12",
            "세대수":0,
            "입주년차":"--",
            "용적률점수":0,
            "건폐율점수":0,
            "세대당주차수":"--",
            "난방방식":"--",
            "공급면적":90,
            "전용률":80,
            "욕실수":"--",
            "현관타입":"--",
            "주거총점":8.5,
            "지역구공급총점":0.0,
            "역세권":"NA",
            "30분내 이동가능 거점":"NA",
            "1시간내 이동가능 거점":"NA",
            "교통총점":"NA",
            "백화점":100,
            "아울렛몰":0,
            "대형마트":80,
            "은행":0,
            "병원":30,
            "종합병원":100,
            "공원":80,
            "혐오시설":0,
            "인프라총점":67.4,
            "초등학군":90.0,
            "중학군":47.24,
            "학군총점":55.792,
            "인구수":28.98,
            "인구증감":-2.28,
            "인구총점":19.602,
            "일자리":16.78,
            "소득수준":81.3,
            "일자리총점":36.136,
            "가치 총점":43.883,
            "매매실거래년":20210821.0,
            "매매실거래가":10500.0,
            "전세실거래년":20200212.0,
            "전세실거래가":7500.0,
            "전세가율":71.43,
            "장기전세가율평균":78.19,
            "전세가율거품지수":6.76,
            "검색코드":16427,
            "세대수":145.0,
            "준공년월":"1991-11-30",
            "준공년차":32.0,
            "가까운역이름":"NA",
            "가까운역거리":"NA",
            "역세권여부":"NA",
            "30분이내주요거점역":"NA",
            "30분거점역이름":"NA",
            "1시간이내주요거점역":"NA",
            "1시간거점역이름":"NA",
            "3km이내백화점수":1,
            "5km이내아울렛몰수":0,
            "1km이내대형먀트수":1,
            "500m이내은행수":0,
            "500m이내병원수":6,
            "5km이내대형병원수":5,
            "500m이내공원수":1,
            "3km이내혐오시설수":0,
            "초등학교학업성취도":90.0,
            "중학교학업성취도":78.4,
            "용적률":0,
            "건폐율":0,
            "Y":36.03047,
            "X":129.34714,
            "rank":77.0,
            "area_info":"30평(100.78)",
            "last_sales":"2021-08-21,10500.0,30평(100.78)",
            "rank_history":[
                [
                    "202202",
                    77
                ],
                [
                    "202201",
                    95
                ]
            ],
            "rank_gap":18
        },
        {
            "index":220,
            "아파트명":"우현금성굿모닝빌",
            "투자타입":"일반",
            "전용면적(m2)":"78.8",
            "전용면적(평)":"23평",
            "법정동주소":"경상북도 포항시 북구 우현동 124-1",
            "도로명주소":"경상북도 포항시 북구 아치로55번길 9-16",
            "세대수":0,
            "입주년차":40,
            "용적률점수":"--",
            "건폐율점수":"--",
            "세대당주차수":0,
            "난방방식":30,
            "공급면적":"--",
            "전용률":"--",
            "욕실수":50,
            "현관타입":100,
            "주거총점":26.0,
            "지역구공급총점":0.0,
            "역세권":"NA",
            "30분내 이동가능 거점":"NA",
            "1시간내 이동가능 거점":"NA",
            "교통총점":"NA",
            "백화점":100,
            "아울렛몰":0,
            "대형마트":0,
            "은행":0,
            "병원":0,
            "종합병원":100,
            "공원":0,
            "혐오시설":0,
            "인프라총점":50.0,
            "초등학군":89.98,
            "중학군":50.6,
            "학군총점":58.476,
            "인구수":28.98,
            "인구증감":-2.28,
            "인구총점":19.602,
            "일자리":16.78,
            "소득수준":81.3,
            "일자리총점":36.136,
            "가치 총점":43.719,
            "매매실거래년":20211225.0,
            "매매실거래가":10900.0,
            "전세실거래년":20161201.0,
            "전세실거래가":10000.0,
            "전세가율":91.74,
            "장기전세가율평균":78.19,
            "전세가율거품지수":-13.55,
            "검색코드":17574,
            "세대수":109.0,
            "준공년월":"2004-01-12",
            "준공년차":19.0,
            "가까운역이름":"NA",
            "가까운역거리":"NA",
            "역세권여부":"NA",
            "30분이내주요거점역":"NA",
            "30분거점역이름":"NA",
            "1시간이내주요거점역":"NA",
            "1시간거점역이름":"NA",
            "3km이내백화점수":1,
            "5km이내아울렛몰수":0,
            "1km이내대형먀트수":0,
            "500m이내은행수":0,
            "500m이내병원수":1,
            "5km이내대형병원수":5,
            "500m이내공원수":0,
            "3km이내혐오시설수":0,
            "초등학교학업성취도":89.98,
            "중학교학업성취도":83.8,
            "용적률":222,
            "건폐율":25,
            "Y":36.050028,
            "X":129.356235,
            "rank":78.0,
            "area_info":"23평(78.8), 28평(94.06), 33평(111.38)",
            "last_sales":"2021-12-25,10900.0,23평(78.8)",
            "rank_history":[
                [
                    "202202",
                    78
                ],
                [
                    "202201",
                    80
                ]
            ],
            "rank_gap":2
        },
        {
            "index":161,
            "아파트명":"용흥보성타운",
            "투자타입":"일반",
            "전용면적(m2)":"80.98",
            "전용면적(평)":"24평",
            "법정동주소":"경상북도 포항시 북구 용흥동 528",
            "도로명주소":"경상북도 포항시 북구 용흥로 128",
            "세대수":0,
            "입주년차":20,
            "용적률점수":"--",
            "건폐율점수":"--",
            "세대당주차수":30,
            "난방방식":30,
            "공급면적":"--",
            "전용률":"--",
            "욕실수":50,
            "현관타입":100,
            "주거총점":26.5,
            "지역구공급총점":0.0,
            "역세권":"NA",
            "30분내 이동가능 거점":"NA",
            "1시간내 이동가능 거점":"NA",
            "교통총점":"NA",
            "백화점":100,
            "아울렛몰":0,
            "대형마트":0,
            "은행":0,
            "병원":30,
            "종합병원":100,
            "공원":0,
            "혐오시설":0,
            "인프라총점":53.0,
            "초등학군":90.02,
            "중학군":42.24,
            "학군총점":51.796,
            "인구수":28.98,
            "인구증감":-2.28,
            "인구총점":19.602,
            "일자리":16.78,
            "소득수준":81.3,
            "일자리총점":36.136,
            "가치 총점":43.424,
            "매매실거래년":20211217.0,
            "매매실거래가":10000.0,
            "전세실거래년":20210809.0,
            "전세실거래가":10000.0,
            "전세가율":100.0,
            "장기전세가율평균":78.19,
            "전세가율거품지수":-21.81,
            "검색코드":16388,
            "세대수":277.0,
            "준공년월":"2000-06-12",
            "준공년차":23.0,
            "가까운역이름":"NA",
            "가까운역거리":"NA",
            "역세권여부":"NA",
            "30분이내주요거점역":"NA",
            "30분거점역이름":"NA",
            "1시간이내주요거점역":"NA",
            "1시간거점역이름":"NA",
            "3km이내백화점수":1,
            "5km이내아울렛몰수":0,
            "1km이내대형먀트수":0,
            "500m이내은행수":0,
            "500m이내병원수":5,
            "5km이내대형병원수":5,
            "500m이내공원수":0,
            "3km이내혐오시설수":0,
            "초등학교학업성취도":90.02,
            "중학교학업성취도":70.4,
            "용적률":270,
            "건폐율":21,
            "Y":36.039845,
            "X":129.348148,
            "rank":79.0,
            "area_info":"24평(80.98), 29평(97.07), 32평(107.29)",
            "last_sales":"2021-12-17,10000.0,24평(80.98)",
            "rank_history":[
                [
                    "202202",
                    79
                ],
                [
                    "202201",
                    86
                ]
            ],
            "rank_gap":7
        },
        {
            "index":499,
            "아파트명":"삼도드림파크",
            "투자타입":"일반",
            "전용면적(m2)":"77.15",
            "전용면적(평)":"23평",
            "법정동주소":"경상북도 포항시 북구 흥해읍 이인리 929",
            "도로명주소":"경상북도 포항시 북구 달전로 365",
            "세대수":80,
            "입주년차":40,
            "용적률점수":"--",
            "건폐율점수":"--",
            "세대당주차수":0,
            "난방방식":30,
            "공급면적":"--",
            "전용률":"--",
            "욕실수":50,
            "현관타입":100,
            "주거총점":54.0,
            "지역구공급총점":0.0,
            "역세권":"NA",
            "30분내 이동가능 거점":"NA",
            "1시간내 이동가능 거점":"NA",
            "교통총점":"NA",
            "백화점":0,
            "아울렛몰":0,
            "대형마트":0,
            "은행":0,
            "병원":0,
            "종합병원":100,
            "공원":0,
            "혐오시설":0,
            "인프라총점":20.0,
            "초등학군":89.99,
            "중학군":58.24,
            "학군총점":64.59,
            "인구수":28.98,
            "인구증감":-2.28,
            "인구총점":19.602,
            "일자리":16.78,
            "소득수준":81.3,
            "일자리총점":36.136,
            "가치 총점":43.0475,
            "매매실거래년":20220125.0,
            "매매실거래가":9700.0,
            "전세실거래년":20220125.0,
            "전세실거래가":9500.0,
            "전세가율":97.94,
            "장기전세가율평균":78.19,
            "전세가율거품지수":-19.75,
            "검색코드":19461,
            "세대수":791.0,
            "준공년월":"2004-05-14",
            "준공년차":19.0,
            "가까운역이름":"NA",
            "가까운역거리":"NA",
            "역세권여부":"NA",
            "30분이내주요거점역":"NA",
            "30분거점역이름":"NA",
            "1시간이내주요거점역":"NA",
            "1시간거점역이름":"NA",
            "3km이내백화점수":0,
            "5km이내아울렛몰수":0,
            "1km이내대형먀트수":0,
            "500m이내은행수":0,
            "500m이내병원수":1,
            "5km이내대형병원수":3,
            "500m이내공원수":0,
            "3km이내혐오시설수":0,
            "초등학교학업성취도":89.99,
            "중학교학업성취도":96.6,
            "용적률":247,
            "건폐율":17,
            "Y":36.07614,
            "X":129.33916,
            "rank":80.0,
            "area_info":"23평(77.15), 26평(88.36), 26평(89.06), 34평(112.4)",
            "last_sales":"2022-01-25,9700.0,23평(77.15)",
            "rank_history":[
                [
                    "202202",
                    80
                ],
                [
                    "202201",
                    84
                ]
            ],
            "rank_gap":4
        },
        {
            "index":233,
            "아파트명":"우현시영",
            "투자타입":"일반",
            "전용면적(m2)":"54.02",
            "전용면적(평)":"16평",
            "법정동주소":"경상북도 포항시 북구 우현동 52",
            "도로명주소":"경상북도 포항시 북구 새천년대로 940",
            "세대수":0,
            "입주년차":0,
            "용적률점수":"--",
            "건폐율점수":"--",
            "세대당주차수":0,
            "난방방식":30,
            "공급면적":"--",
            "전용률":"--",
            "욕실수":50,
            "현관타입":100,
            "주거총점":18.0,
            "지역구공급총점":0.0,
            "역세권":"NA",
            "30분내 이동가능 거점":"NA",
            "1시간내 이동가능 거점":"NA",
            "교통총점":"NA",
            "백화점":100,
            "아울렛몰":0,
            "대형마트":0,
            "은행":0,
            "병원":30,
            "종합병원":100,
            "공원":80,
            "혐오시설":0,
            "인프라총점":55.4,
            "초등학군":90.0,
            "중학군":50.22,
            "학군총점":58.176,
            "인구수":28.98,
            "인구증감":-2.28,
            "인구총점":19.602,
            "일자리":16.78,
            "소득수준":81.3,
            "일자리총점":36.136,
            "가치 총점":43.004,
            "매매실거래년":20211207.0,
            "매매실거래가":6500.0,
            "전세실거래년":20211005.0,
            "전세실거래가":5400.0,
            "전세가율":83.08,
            "장기전세가율평균":78.19,
            "전세가율거품지수":-4.89,
            "검색코드":16405,
            "세대수":140.0,
            "준공년월":"1993-03-31",
            "준공년차":30.0,
            "가까운역이름":"NA",
            "가까운역거리":"NA",
            "역세권여부":"NA",
            "30분이내주요거점역":"NA",
            "30분거점역이름":"NA",
            "1시간이내주요거점역":"NA",
            "1시간거점역이름":"NA",
            "3km이내백화점수":1,
            "5km이내아울렛몰수":0,
            "1km이내대형먀트수":0,
            "500m이내은행수":0,
            "500m이내병원수":8,
            "5km이내대형병원수":5,
            "500m이내공원수":1,
            "3km이내혐오시설수":0,
            "초등학교학업성취도":90.0,
            "중학교학업성취도":83.5,
            "용적률":0,
            "건폐율":0,
            "Y":36.054516,
            "X":129.36417,
            "rank":81.0,
            "area_info":"16평(54.02)",
            "last_sales":"2021-12-07,6500.0,16평(54.02)",
            "rank_history":[
                [
                    "202202",
                    81
                ],
                [
                    "202201",
                    83
                ]
            ],
            "rank_gap":2
        },
        {
            "index":218,
            "아파트명":"우방궁전",
            "투자타입":"일반",
            "전용면적(m2)":"79.02",
            "전용면적(평)":"23평",
            "법정동주소":"경상북도 포항시 북구 우현동 70-1",
            "도로명주소":"경상북도 포항시 북구 중앙로 448",
            "세대수":0,
            "입주년차":0,
            "용적률점수":"--",
            "건폐율점수":"--",
            "세대당주차수":0,
            "난방방식":30,
            "공급면적":"--",
            "전용률":"--",
            "욕실수":50,
            "현관타입":100,
            "주거총점":18.0,
            "지역구공급총점":0.0,
            "역세권":"NA",
            "30분내 이동가능 거점":"NA",
            "1시간내 이동가능 거점":"NA",
            "교통총점":"NA",
            "백화점":100,
            "아울렛몰":0,
            "대형마트":0,
            "은행":0,
            "병원":30,
            "종합병원":100,
            "공원":80,
            "혐오시설":0,
            "인프라총점":55.4,
            "초등학군":90.0,
            "중학군":50.22,
            "학군총점":58.176,
            "인구수":28.98,
            "인구증감":-2.28,
            "인구총점":19.602,
            "일자리":16.78,
            "소득수준":81.3,
            "일자리총점":36.136,
            "가치 총점":43.004,
            "매매실거래년":20211015.0,
            "매매실거래가":13000.0,
            "전세실거래년":20211222.0,
            "전세실거래가":5000.0,
            "전세가율":55.56,
            "장기전세가율평균":78.19,
            "전세가율거품지수":22.63,
            "검색코드":16406,
            "세대수":135.0,
            "준공년월":"1995-05-30",
            "준공년차":28.0,
            "가까운역이름":"NA",
            "가까운역거리":"NA",
            "역세권여부":"NA",
            "30분이내주요거점역":"NA",
            "30분거점역이름":"NA",
            "1시간이내주요거점역":"NA",
            "1시간거점역이름":"NA",
            "3km이내백화점수":1,
            "5km이내아울렛몰수":0,
            "1km이내대형먀트수":0,
            "500m이내은행수":0,
            "500m이내병원수":8,
            "5km이내대형병원수":5,
            "500m이내공원수":1,
            "3km이내혐오시설수":0,
            "초등학교학업성취도":90.0,
            "중학교학업성취도":83.5,
            "용적률":249,
            "건폐율":24,
            "Y":36.05234,
            "X":129.3614,
            "rank":81.0,
            "area_info":"23평(79.02), 30평(100.36)",
            "last_sales":"2021-10-15,13000.0,30평(100.36)",
            "rank_history":[
                [
                    "202202",
                    81
                ],
                [
                    "202201",
                    83
                ]
            ],
            "rank_gap":2
        },
        {
            "index":200,
            "아파트명":"현대1차",
            "투자타입":"재건축",
            "전용면적(m2)":"87.88",
            "전용면적(평)":"26평",
            "법정동주소":"경상북도 포항시 북구 용흥동 57-2",
            "도로명주소":"경상북도 포항시 북구 새마을로 2",
            "세대수":50,
            "입주년차":"--",
            "용적률점수":0,
            "건폐율점수":0,
            "세대당주차수":"--",
            "난방방식":"--",
            "공급면적":70,
            "전용률":80,
            "욕실수":"--",
            "현관타입":"--",
            "주거총점":22.5,
            "지역구공급총점":0.0,
            "역세권":"NA",
            "30분내 이동가능 거점":"NA",
            "1시간내 이동가능 거점":"NA",
            "교통총점":"NA",
            "백화점":100,
            "아울렛몰":0,
            "대형마트":0,
            "은행":0,
            "병원":10,
            "종합병원":100,
            "공원":0,
            "혐오시설":0,
            "인프라총점":51.0,
            "초등학군":90.03,
            "중학군":50.6,
            "학군총점":58.486,
            "인구수":28.98,
            "인구증감":-2.28,
            "인구총점":19.602,
            "일자리":16.78,
            "소득수준":81.3,
            "일자리총점":36.136,
            "가치 총점":42.8965,
            "매매실거래년":20220118.0,
            "매매실거래가":13000.0,
            "전세실거래년":20220113.0,
            "전세실거래가":12000.0,
            "전세가율":120.0,
            "장기전세가율평균":78.19,
            "전세가율거품지수":-41.81,
            "검색코드":7209,
            "세대수":575.0,
            "준공년월":"1989-12-09",
            "준공년차":34.0,
            "가까운역이름":"NA",
            "가까운역거리":"NA",
            "역세권여부":"NA",
            "30분이내주요거점역":"NA",
            "30분거점역이름":"NA",
            "1시간이내주요거점역":"NA",
            "1시간거점역이름":"NA",
            "3km이내백화점수":1,
            "5km이내아울렛몰수":0,
            "1km이내대형먀트수":0,
            "500m이내은행수":1,
            "500m이내병원수":2,
            "5km이내대형병원수":5,
            "500m이내공원수":0,
            "3km이내혐오시설수":0,
            "초등학교학업성취도":90.03,
            "중학교학업성취도":83.8,
            "용적률":0,
            "건폐율":0,
            "Y":36.039323,
            "X":129.358459,
            "rank":82.0,
            "area_info":"26평(87.88), 26평(87.88), 31평(103.62), 44평(147.95)",
            "last_sales":"2022-01-18,13000.0,31평(103.62)",
            "rank_history":[
                [
                    "202202",
                    82
                ],
                [
                    "202201",
                    85
                ]
            ],
            "rank_gap":3
        },
        {
            "index":377,
            "아파트명":"두호주공2차",
            "투자타입":"재건축",
            "전용면적(m2)":"49.48",
            "전용면적(평)":"14평",
            "법정동주소":"경상북도 포항시 북구 창포동 611",
            "도로명주소":"경상북도 포항시 북구 창흥로 67",
            "세대수":50,
            "입주년차":"--",
            "용적률점수":0,
            "건폐율점수":0,
            "세대당주차수":"--",
            "난방방식":"--",
            "공급면적":50,
            "전용률":60,
            "욕실수":"--",
            "현관타입":"--",
            "주거총점":20.5,
            "지역구공급총점":0.0,
            "역세권":"NA",
            "30분내 이동가능 거점":"NA",
            "1시간내 이동가능 거점":"NA",
            "교통총점":"NA",
            "백화점":100,
            "아울렛몰":0,
            "대형마트":0,
            "은행":0,
            "병원":0,
            "종합병원":100,
            "공원":100,
            "혐오시설":0,
            "인프라총점":53.0,
            "초등학군":89.99,
            "중학군":50.04,
            "학군총점":58.03,
            "인구수":28.98,
            "인구증감":-2.28,
            "인구총점":19.602,
            "일자리":16.78,
            "소득수준":81.3,
            "일자리총점":36.136,
            "가치 총점":42.8825,
            "매매실거래년":20211020.0,
            "매매실거래가":15400.0,
            "전세실거래년":20210821.0,
            "전세실거래가":3000.0,
            "전세가율":18.87,
            "장기전세가율평균":78.19,
            "전세가율거품지수":59.32,
            "검색코드":16421,
            "세대수":520.0,
            "준공년월":"1988-09-11",
            "준공년차":35.0,
            "가까운역이름":"NA",
            "가까운역거리":"NA",
            "역세권여부":"NA",
            "30분이내주요거점역":"NA",
            "30분거점역이름":"NA",
            "1시간이내주요거점역":"NA",
            "1시간거점역이름":"NA",
            "3km이내백화점수":1,
            "5km이내아울렛몰수":0,
            "1km이내대형먀트수":0,
            "500m이내은행수":0,
            "500m이내병원수":1,
            "5km이내대형병원수":3,
            "500m이내공원수":7,
            "3km이내혐오시설수":0,
            "초등학교학업성취도":89.99,
            "중학교학업성취도":83.4,
            "용적률":0,
            "건폐율":0,
            "Y":36.064005,
            "X":129.365011,
            "rank":83.0,
            "area_info":"14평(49.48), 15평(49.91), 17평(57.92), 17평(57.56)",
            "last_sales":"2021-10-20,15400.0,17평(57.92)",
            "rank_history":[
                [
                    "202202",
                    83
                ],
                [
                    "202201",
                    82
                ]
            ],
            "rank_gap":-1
        },
        {
            "index":481,
            "아파트명":"달전삼도뷰엔빌스마트2차",
            "투자타입":"일반",
            "전용면적(m2)":"81.88",
            "전용면적(평)":"24평",
            "법정동주소":"경상북도 포항시 북구 흥해읍 학천리 846",
            "도로명주소":"경상북도 포항시 북구 동해대로 1181",
            "세대수":30,
            "입주년차":80,
            "용적률점수":"--",
            "건폐율점수":"--",
            "세대당주차수":30,
            "난방방식":30,
            "공급면적":"--",
            "전용률":"--",
            "욕실수":100,
            "현관타입":100,
            "주거총점":54.0,
            "지역구공급총점":0.0,
            "역세권":"NA",
            "30분내 이동가능 거점":"NA",
            "1시간내 이동가능 거점":"NA",
            "교통총점":"NA",
            "백화점":0,
            "아울렛몰":0,
            "대형마트":0,
            "은행":0,
            "병원":10,
            "종합병원":80,
            "공원":80,
            "혐오시설":0,
            "인프라총점":19.4,
            "초등학군":89.99,
            "중학군":58.24,
            "학군총점":64.59,
            "인구수":28.98,
            "인구증감":-2.28,
            "인구총점":19.602,
            "일자리":16.78,
            "소득수준":81.3,
            "일자리총점":36.136,
            "가치 총점":42.8075,
            "매매실거래년":20220109.0,
            "매매실거래가":23800.0,
            "전세실거래년":20211013.0,
            "전세실거래가":17000.0,
            "전세가율":88.54,
            "장기전세가율평균":78.19,
            "전세가율거품지수":-10.35,
            "검색코드":107324,
            "세대수":360.0,
            "준공년월":"2016-03-31",
            "준공년차":7.0,
            "가까운역이름":"NA",
            "가까운역거리":"NA",
            "역세권여부":"NA",
            "30분이내주요거점역":"NA",
            "30분거점역이름":"NA",
            "1시간이내주요거점역":"NA",
            "1시간거점역이름":"NA",
            "3km이내백화점수":0,
            "5km이내아울렛몰수":0,
            "1km이내대형먀트수":0,
            "500m이내은행수":0,
            "500m이내병원수":2,
            "5km이내대형병원수":1,
            "500m이내공원수":1,
            "3km이내혐오시설수":0,
            "초등학교학업성취도":89.99,
            "중학교학업성취도":96.6,
            "용적률":253,
            "건폐율":21,
            "Y":36.081702,
            "X":129.33421,
            "rank":84.0,
            "area_info":"24평(81.88), 33평(109.15), 33평(110.11)",
            "last_sales":"2022-01-09,23800.0,33평(110.11)",
            "rank_history":[
                [
                    "202202",
                    84
                ],
                [
                    "202201",
                    88
                ]
            ],
            "rank_gap":4
        },
        {
            "index":437,
            "아파트명":"무궁화",
            "투자타입":"재건축",
            "전용면적(m2)":"57.85",
            "전용면적(평)":"17평",
            "법정동주소":"경상북도 포항시 북구 학잠동 198",
            "도로명주소":"경상북도 포항시 북구 양학로 134",
            "세대수":0,
            "입주년차":"--",
            "용적률점수":0,
            "건폐율점수":0,
            "세대당주차수":"--",
            "난방방식":"--",
            "공급면적":50,
            "전용률":80,
            "욕실수":"--",
            "현관타입":"--",
            "주거총점":6.5,
            "지역구공급총점":0.0,
            "역세권":"NA",
            "30분내 이동가능 거점":"NA",
            "1시간내 이동가능 거점":"NA",
            "교통총점":"NA",
            "백화점":100,
            "아울렛몰":0,
            "대형마트":80,
            "은행":0,
            "병원":0,
            "종합병원":100,
            "공원":80,
            "혐오시설":0,
            "인프라총점":64.4,
            "초등학군":90.0,
            "중학군":47.24,
            "학군총점":55.792,
            "인구수":28.98,
            "인구증감":-2.28,
            "인구총점":19.602,
            "일자리":16.78,
            "소득수준":81.3,
            "일자리총점":36.136,
            "가치 총점":41.983,
            "매매실거래년":20211020.0,
            "매매실거래가":11500.0,
            "전세실거래년":20211218.0,
            "전세실거래가":5500.0,
            "전세가율":47.83,
            "장기전세가율평균":78.19,
            "전세가율거품지수":30.36,
            "검색코드":106564,
            "세대수":125.0,
            "준공년월":"1985-12-16",
            "준공년차":38.0,
            "가까운역이름":"NA",
            "가까운역거리":"NA",
            "역세권여부":"NA",
            "30분이내주요거점역":"NA",
            "30분거점역이름":"NA",
            "1시간이내주요거점역":"NA",
            "1시간거점역이름":"NA",
            "3km이내백화점수":1,
            "5km이내아울렛몰수":0,
            "1km이내대형먀트수":1,
            "500m이내은행수":0,
            "500m이내병원수":1,
            "5km이내대형병원수":5,
            "500m이내공원수":1,
            "3km이내혐오시설수":0,
            "초등학교학업성취도":90.0,
            "중학교학업성취도":78.4,
            "용적률":0,
            "건폐율":0,
            "Y":36.033196,
            "X":129.343963,
            "rank":85.0,
            "area_info":"17평(57.85)",
            "last_sales":"2021-10-20,11500.0,17평(57.85)",
            "rank_history":[
                [
                    "202202",
                    85
                ],
                [
                    "202201",
                    108
                ]
            ],
            "rank_gap":23
        },
        {
            "index":12,
            "아파트명":"대원맨션",
            "투자타입":"재건축",
            "전용면적(m2)":"101.37",
            "전용면적(평)":"30평",
            "법정동주소":"경상북도 포항시 북구 두호동 1045",
            "도로명주소":"경상북도 포항시 북구 삼호로217번길 19",
            "세대수":0,
            "입주년차":"--",
            "용적률점수":0,
            "건폐율점수":0,
            "세대당주차수":"--",
            "난방방식":"--",
            "공급면적":90,
            "전용률":80,
            "욕실수":"--",
            "현관타입":"--",
            "주거총점":8.5,
            "지역구공급총점":0.0,
            "역세권":"NA",
            "30분내 이동가능 거점":"NA",
            "1시간내 이동가능 거점":"NA",
            "교통총점":"NA",
            "백화점":100,
            "아울렛몰":0,
            "대형마트":0,
            "은행":20,
            "병원":60,
            "종합병원":100,
            "공원":100,
            "혐오시설":0,
            "인프라총점":61.0,
            "초등학군":90.0,
            "중학군":50.04,
            "학군총점":58.032,
            "인구수":28.98,
            "인구증감":-2.28,
            "인구총점":19.602,
            "일자리":16.78,
            "소득수준":81.3,
            "일자리총점":36.136,
            "가치 총점":41.883,
            "매매실거래년":20220113.0,
            "매매실거래가":15350.0,
            "전세실거래년":20211215.0,
            "전세실거래가":12000.0,
            "전세가율":78.18,
            "장기전세가율평균":78.19,
            "전세가율거품지수":0.01,
            "검색코드":16365,
            "세대수":150.0,
            "준공년월":"1989-06-01",
            "준공년차":34.0,
            "가까운역이름":"NA",
            "가까운역거리":"NA",
            "역세권여부":"NA",
            "30분이내주요거점역":"NA",
            "30분거점역이름":"NA",
            "1시간이내주요거점역":"NA",
            "1시간거점역이름":"NA",
            "3km이내백화점수":1,
            "5km이내아울렛몰수":0,
            "1km이내대형먀트수":0,
            "500m이내은행수":2,
            "500m이내병원수":24,
            "5km이내대형병원수":4,
            "500m이내공원수":2,
            "3km이내혐오시설수":0,
            "초등학교학업성취도":90.0,
            "중학교학업성취도":83.4,
            "용적률":0,
            "건폐율":0,
            "Y":36.05815,
            "X":129.375,
            "rank":86.0,
            "area_info":"30평(101.37)",
            "last_sales":"2022-01-13,15350.0,30평(101.37)",
            "rank_history":[
                [
                    "202202",
                    86
                ],
                [
                    "202201",
                    89
                ]
            ],
            "rank_gap":3
        },
        {
            "index":185,
            "아파트명":"한라타워맨션",
            "투자타입":"일반",
            "전용면적(m2)":"82.67",
            "전용면적(평)":"25평",
            "법정동주소":"경상북도 포항시 북구 용흥동 464",
            "도로명주소":"경상북도 포항시 북구 대안길 93",
            "세대수":0,
            "입주년차":0,
            "용적률점수":"--",
            "건폐율점수":"--",
            "세대당주차수":0,
            "난방방식":30,
            "공급면적":"--",
            "전용률":"--",
            "욕실수":50,
            "현관타입":100,
            "주거총점":18.0,
            "지역구공급총점":0.0,
            "역세권":"NA",
            "30분내 이동가능 거점":"NA",
            "1시간내 이동가능 거점":"NA",
            "교통총점":"NA",
            "백화점":100,
            "아울렛몰":0,
            "대형마트":0,
            "은행":0,
            "병원":10,
            "종합병원":100,
            "공원":0,
            "혐오시설":0,
            "인프라총점":51.0,
            "초등학군":89.98,
            "중학군":50.6,
            "학군총점":58.476,
            "인구수":28.98,
            "인구증감":-2.28,
            "인구총점":19.602,
            "일자리":16.78,
            "소득수준":81.3,
            "일자리총점":36.136,
            "가치 총점":41.319,
            "매매실거래년":20220118.0,
            "매매실거래가":9000.0,
            "전세실거래년":20211119.0,
            "전세실거래가":6300.0,
            "전세가율":80.25,
            "장기전세가율평균":78.19,
            "전세가율거품지수":-2.06,
            "검색코드":7204,
            "세대수":267.0,
            "준공년월":"1993-05-04",
            "준공년차":30.0,
            "가까운역이름":"NA",
            "가까운역거리":"NA",
            "역세권여부":"NA",
            "30분이내주요거점역":"NA",
            "30분거점역이름":"NA",
            "1시간이내주요거점역":"NA",
            "1시간거점역이름":"NA",
            "3km이내백화점수":1,
            "5km이내아울렛몰수":0,
            "1km이내대형먀트수":0,
            "500m이내은행수":1,
            "500m이내병원수":4,
            "5km이내대형병원수":5,
            "500m이내공원수":0,
            "3km이내혐오시설수":0,
            "초등학교학업성취도":89.98,
            "중학교학업성취도":83.8,
            "용적률":0,
            "건폐율":0,
            "Y":36.044167,
            "X":129.347656,
            "rank":87.0,
            "area_info":"25평(82.67), 28평(92.99), 31평(103.57), 34평(115.22)",
            "last_sales":"2022-01-18,9000.0,31평(103.57)",
            "rank_history":[
                [
                    "202202",
                    87
                ],
                [
                    "202201",
                    91
                ]
            ],
            "rank_gap":4
        },
        {
            "index":80,
            "아파트명":"경성홈타운1차",
            "투자타입":"일반",
            "전용면적(m2)":"76.04",
            "전용면적(평)":"23평",
            "법정동주소":"경상북도 포항시 북구 득량동 305-7",
            "도로명주소":"경상북도 포항시 북구 대이로176번길 15",
            "세대수":30,
            "입주년차":20,
            "용적률점수":"--",
            "건폐율점수":"--",
            "세대당주차수":0,
            "난방방식":30,
            "공급면적":"--",
            "전용률":"--",
            "욕실수":50,
            "현관타입":100,
            "주거총점":32.5,
            "지역구공급총점":0.0,
            "역세권":"NA",
            "30분내 이동가능 거점":"NA",
            "1시간내 이동가능 거점":"NA",
            "교통총점":"NA",
            "백화점":0,
            "아울렛몰":0,
            "대형마트":80,
            "은행":0,
            "병원":10,
            "종합병원":100,
            "공원":100,
            "혐오시설":0,
            "인프라총점":36.0,
            "초등학군":90.0,
            "중학군":54.08,
            "학군총점":61.264,
            "인구수":28.98,
            "인구증감":-2.28,
            "인구총점":19.602,
            "일자리":16.78,
            "소득수준":81.3,
            "일자리총점":36.136,
            "가치 총점":41.091,
            "매매실거래년":20220113.0,
            "매매실거래가":19400.0,
            "전세실거래년":20220127.0,
            "전세실거래가":18150.0,
            "전세가율":93.56,
            "장기전세가율평균":78.19,
            "전세가율거품지수":-15.37,
            "검색코드":25629,
            "세대수":370.0,
            "준공년월":"2002-09-19",
            "준공년차":21.0,
            "가까운역이름":"NA",
            "가까운역거리":"NA",
            "역세권여부":"NA",
            "30분이내주요거점역":"NA",
            "30분거점역이름":"NA",
            "1시간이내주요거점역":"NA",
            "1시간거점역이름":"NA",
            "3km이내백화점수":0,
            "5km이내아울렛몰수":0,
            "1km이내대형먀트수":1,
            "500m이내은행수":0,
            "500m이내병원수":4,
            "5km이내대형병원수":5,
            "500m이내공원수":3,
            "3km이내혐오시설수":0,
            "초등학교학업성취도":90.0,
            "중학교학업성취도":89.2,
            "용적률":251,
            "건폐율":20,
            "Y":36.031129,
            "X":129.340167,
            "rank":88.0,
            "area_info":"23평(76.04)",
            "last_sales":"2022-01-13,19400.0,23평(76.04)",
            "rank_history":[
                [
                    "202202",
                    88
                ],
                [
                    "202201",
                    113
                ]
            ],
            "rank_gap":25
        },
        {
            "index":514,
            "아파트명":"초곡삼구트리니엔시티",
            "투자타입":"일반",
            "전용면적(m2)":"99.49",
            "전용면적(평)":"30평",
            "법정동주소":"경상북도 포항시 북구 흥해읍 초곡리 1761",
            "도로명주소":"경상북도 포항시 북구 초곡지구로58번길 52",
            "세대수":100,
            "입주년차":80,
            "용적률점수":"--",
            "건폐율점수":"--",
            "세대당주차수":30,
            "난방방식":30,
            "공급면적":"--",
            "전용률":"--",
            "욕실수":100,
            "현관타입":100,
            "주거총점":78.5,
            "지역구공급총점":0.0,
            "역세권":"NA",
            "30분내 이동가능 거점":"NA",
            "1시간내 이동가능 거점":"NA",
            "교통총점":"NA",
            "백화점":0,
            "아울렛몰":0,
            "대형마트":0,
            "은행":0,
            "병원":10,
            "종합병원":0,
            "공원":0,
            "혐오시설":0,
            "인프라총점":1.0,
            "초등학군":90.0,
            "중학군":43.26,
            "학군총점":52.608,
            "인구수":28.98,
            "인구증감":-2.28,
            "인구총점":19.602,
            "일자리":16.78,
            "소득수준":81.3,
            "일자리총점":36.136,
            "가치 총점":41.027,
            "매매실거래년":20220115.0,
            "매매실거래가":33100.0,
            "전세실거래년":20220109.0,
            "전세실거래가":27000.0,
            "전세가율":88.52,
            "장기전세가율평균":78.19,
            "전세가율거품지수":-10.33,
            "검색코드":113129,
            "세대수":1609.0,
            "준공년월":"2018-12-13",
            "준공년차":5.0,
            "가까운역이름":"NA",
            "가까운역거리":"NA",
            "역세권여부":"NA",
            "30분이내주요거점역":"NA",
            "30분거점역이름":"NA",
            "1시간이내주요거점역":"NA",
            "1시간거점역이름":"NA",
            "3km이내백화점수":0,
            "5km이내아울렛몰수":0,
            "1km이내대형먀트수":0,
            "500m이내은행수":0,
            "500m이내병원수":3,
            "5km이내대형병원수":0,
            "500m이내공원수":0,
            "3km이내혐오시설수":0,
            "초등학교학업성취도":90.0,
            "중학교학업성취도":71.5,
            "용적률":219,
            "건폐율":13,
            "Y":36.098484,
            "X":129.333985,
            "rank":89.0,
            "area_info":"30평(99.49), 33평(111.3), 33평(111.69)",
            "last_sales":"2022-01-15,33100.0,33평(111.69)",
            "rank_history":[
                [
                    "202202",
                    89
                ],
                [
                    "202201",
                    92
                ]
            ],
            "rank_gap":3
        },
        {
            "index":465,
            "아파트명":"환호해맞이그린빌2단지",
            "투자타입":"일반",
            "전용면적(m2)":"85.15",
            "전용면적(평)":"25평",
            "법정동주소":"경상북도 포항시 북구 환호동 396-1",
            "도로명주소":"경상북도 포항시 북구 환호로 24",
            "세대수":80,
            "입주년차":40,
            "용적률점수":"--",
            "건폐율점수":"--",
            "세대당주차수":0,
            "난방방식":30,
            "공급면적":"--",
            "전용률":"--",
            "욕실수":50,
            "현관타입":100,
            "주거총점":54.0,
            "지역구공급총점":0.0,
            "역세권":"NA",
            "30분내 이동가능 거점":"NA",
            "1시간내 이동가능 거점":"NA",
            "교통총점":"NA",
            "백화점":0,
            "아울렛몰":0,
            "대형마트":0,
            "은행":0,
            "병원":10,
            "종합병원":80,
            "공원":100,
            "혐오시설":0,
            "인프라총점":20.0,
            "초등학군":89.99,
            "중학군":47.9,
            "학군총점":56.318,
            "인구수":28.98,
            "인구증감":-2.28,
            "인구총점":19.602,
            "일자리":16.78,
            "소득수준":81.3,
            "일자리총점":36.136,
            "가치 총점":40.9795,
            "매매실거래년":20220122.0,
            "매매실거래가":16800.0,
            "전세실거래년":20220116.0,
            "전세실거래가":10500.0,
            "전세가율":62.5,
            "장기전세가율평균":78.19,
            "전세가율거품지수":15.69,
            "검색코드":106655,
            "세대수":727.0,
            "준공년월":"2007-04-27",
            "준공년차":16.0,
            "가까운역이름":"NA",
            "가까운역거리":"NA",
            "역세권여부":"NA",
            "30분이내주요거점역":"NA",
            "30분거점역이름":"NA",
            "1시간이내주요거점역":"NA",
            "1시간거점역이름":"NA",
            "3km이내백화점수":0,
            "5km이내아울렛몰수":0,
            "1km이내대형먀트수":0,
            "500m이내은행수":0,
            "500m이내병원수":4,
            "5km이내대형병원수":1,
            "500m이내공원수":2,
            "3km이내혐오시설수":0,
            "초등학교학업성취도":89.99,
            "중학교학업성취도":79.3,
            "용적률":293,
            "건폐율":17,
            "Y":36.070537,
            "X":129.393397,
            "rank":90.0,
            "area_info":"25평(85.15), 25평(85.17), 25평(85.18)",
            "last_sales":"2022-01-22,16800.0,25평(85.15)",
            "rank_history":[
                [
                    "202202",
                    90
                ],
                [
                    "202201",
                    94
                ]
            ],
            "rank_gap":4
        },
        {
            "index":245,
            "아파트명":"우현청구타운",
            "투자타입":"일반",
            "전용면적(m2)":"72.68",
            "전용면적(평)":"21평",
            "법정동주소":"경상북도 포항시 북구 우현동 317-6",
            "도로명주소":"경상북도 포항시 북구 아치로 87-2",
            "세대수":0,
            "입주년차":0,
            "용적률점수":"--",
            "건폐율점수":"--",
            "세대당주차수":0,
            "난방방식":30,
            "공급면적":"--",
            "전용률":"--",
            "욕실수":50,
            "현관타입":100,
            "주거총점":18.0,
            "지역구공급총점":0.0,
            "역세권":"NA",
            "30분내 이동가능 거점":"NA",
            "1시간내 이동가능 거점":"NA",
            "교통총점":"NA",
            "백화점":100,
            "아울렛몰":0,
            "대형마트":0,
            "은행":0,
            "병원":0,
            "종합병원":100,
            "공원":0,
            "혐오시설":0,
            "인프라총점":50.0,
            "초등학군":89.98,
            "중학군":50.6,
            "학군총점":58.476,
            "인구수":28.98,
            "인구증감":-2.28,
            "인구총점":19.602,
            "일자리":16.78,
            "소득수준":81.3,
            "일자리총점":36.136,
            "가치 총점":40.919,
            "매매실거래년":20210913.0,
            "매매실거래가":10400.0,
            "전세실거래년":20210402.0,
            "전세실거래가":8000.0,
            "전세가율":76.92,
            "장기전세가율평균":78.19,
            "전세가율거품지수":1.27,
            "검색코드":16408,
            "세대수":218.0,
            "준공년월":"1994-12-14",
            "준공년차":29.0,
            "가까운역이름":"NA",
            "가까운역거리":"NA",
            "역세권여부":"NA",
            "30분이내주요거점역":"NA",
            "30분거점역이름":"NA",
            "1시간이내주요거점역":"NA",
            "1시간거점역이름":"NA",
            "3km이내백화점수":1,
            "5km이내아울렛몰수":0,
            "1km이내대형먀트수":0,
            "500m이내은행수":0,
            "500m이내병원수":0,
            "5km이내대형병원수":5,
            "500m이내공원수":0,
            "3km이내혐오시설수":0,
            "초등학교학업성취도":89.98,
            "중학교학업성취도":83.8,
            "용적률":0,
            "건폐율":0,
            "Y":36.052368,
            "X":129.351725,
            "rank":91.0,
            "area_info":"21평(72.68), 30평(102.33)",
            "last_sales":"2021-09-13,10400.0,21평(72.68)",
            "rank_history":[
                [
                    "202202",
                    91
                ],
                [
                    "202201",
                    87
                ]
            ],
            "rank_gap":-4
        },
        {
            "index":208,
            "아파트명":"동아우현그린타운",
            "투자타입":"일반",
            "전용면적(m2)":"85.71",
            "전용면적(평)":"25평",
            "법정동주소":"경상북도 포항시 북구 우현동 338-2",
            "도로명주소":"경상북도 포항시 북구 아치로 69",
            "세대수":0,
            "입주년차":0,
            "용적률점수":"--",
            "건폐율점수":"--",
            "세대당주차수":0,
            "난방방식":30,
            "공급면적":"--",
            "전용률":"--",
            "욕실수":50,
            "현관타입":100,
            "주거총점":18.0,
            "지역구공급총점":0.0,
            "역세권":"NA",
            "30분내 이동가능 거점":"NA",
            "1시간내 이동가능 거점":"NA",
            "교통총점":"NA",
            "백화점":100,
            "아울렛몰":0,
            "대형마트":0,
            "은행":0,
            "병원":0,
            "종합병원":100,
            "공원":0,
            "혐오시설":0,
            "인프라총점":50.0,
            "초등학군":89.98,
            "중학군":50.6,
            "학군총점":58.476,
            "인구수":28.98,
            "인구증감":-2.28,
            "인구총점":19.602,
            "일자리":16.78,
            "소득수준":81.3,
            "일자리총점":36.136,
            "가치 총점":40.919,
            "매매실거래년":20211210.0,
            "매매실거래가":8900.0,
            "전세실거래년":20210903.0,
            "전세실거래가":8500.0,
            "전세가율":95.51,
            "장기전세가율평균":78.19,
            "전세가율거품지수":-17.32,
            "검색코드":101136,
            "세대수":174.0,
            "준공년월":"1994-03-30",
            "준공년차":29.0,
            "가까운역이름":"NA",
            "가까운역거리":"NA",
            "역세권여부":"NA",
            "30분이내주요거점역":"NA",
            "30분거점역이름":"NA",
            "1시간이내주요거점역":"NA",
            "1시간거점역이름":"NA",
            "3km이내백화점수":1,
            "5km이내아울렛몰수":0,
            "1km이내대형먀트수":0,
            "500m이내은행수":0,
            "500m이내병원수":0,
            "5km이내대형병원수":5,
            "500m이내공원수":0,
            "3km이내혐오시설수":0,
            "초등학교학업성취도":89.98,
            "중학교학업성취도":83.8,
            "용적률":281,
            "건폐율":0,
            "Y":36.051587,
            "X":129.353831,
            "rank":91.0,
            "area_info":"25평(85.71), 32평(107.6)",
            "last_sales":"2021-12-10,8900.0,25평(85.71)",
            "rank_history":[
                [
                    "202202",
                    91
                ],
                [
                    "202201",
                    93
                ]
            ],
            "rank_gap":2
        },
        {
            "index":146,
            "아파트명":"성봉우미타운",
            "투자타입":"일반",
            "전용면적(m2)":"84.36",
            "전용면적(평)":"25평",
            "법정동주소":"경상북도 포항시 북구 용흥동 419",
            "도로명주소":"경상북도 포항시 북구 용흥로 322",
            "세대수":0,
            "입주년차":0,
            "용적률점수":"--",
            "건폐율점수":"--",
            "세대당주차수":0,
            "난방방식":30,
            "공급면적":"--",
            "전용률":"--",
            "욕실수":50,
            "현관타입":100,
            "주거총점":18.0,
            "지역구공급총점":0.0,
            "역세권":"NA",
            "30분내 이동가능 거점":"NA",
            "1시간내 이동가능 거점":"NA",
            "교통총점":"NA",
            "백화점":100,
            "아울렛몰":0,
            "대형마트":0,
            "은행":0,
            "병원":0,
            "종합병원":100,
            "공원":0,
            "혐오시설":0,
            "인프라총점":50.0,
            "초등학군":89.98,
            "중학군":50.6,
            "학군총점":58.476,
            "인구수":28.98,
            "인구증감":-2.28,
            "인구총점":19.602,
            "일자리":16.78,
            "소득수준":81.3,
            "일자리총점":36.136,
            "가치 총점":40.919,
            "매매실거래년":20211207.0,
            "매매실거래가":8200.0,
            "전세실거래년":20211029.0,
            "전세실거래가":6300.0,
            "전세가율":76.83,
            "장기전세가율평균":78.19,
            "전세가율거품지수":1.36,
            "검색코드":16389,
            "세대수":208.0,
            "준공년월":"1996-09-03",
            "준공년차":27.0,
            "가까운역이름":"NA",
            "가까운역거리":"NA",
            "역세권여부":"NA",
            "30분이내주요거점역":"NA",
            "30분거점역이름":"NA",
            "1시간이내주요거점역":"NA",
            "1시간거점역이름":"NA",
            "3km이내백화점수":1,
            "5km이내아울렛몰수":0,
            "1km이내대형먀트수":0,
            "500m이내은행수":0,
            "500m이내병원수":0,
            "5km이내대형병원수":5,
            "500m이내공원수":0,
            "3km이내혐오시설수":0,
            "초등학교학업성취도":89.98,
            "중학교학업성취도":83.8,
            "용적률":357,
            "건폐율":31,
            "Y":36.047529,
            "X":129.353262,
            "rank":91.0,
            "area_info":"25평(84.36), 32평(108.84)",
            "last_sales":"2021-12-07,8200.0,25평(84.36)",
            "rank_history":[
                [
                    "202202",
                    91
                ],
                [
                    "202201",
                    93
                ]
            ],
            "rank_gap":2
        },
        {
            "index":198,
            "아파트명":"해원하나로타운2차",
            "투자타입":"일반",
            "전용면적(m2)":"81.97",
            "전용면적(평)":"24평",
            "법정동주소":"경상북도 포항시 북구 용흥동 420-3",
            "도로명주소":"경상북도 포항시 북구 우미길 90",
            "세대수":0,
            "입주년차":0,
            "용적률점수":"--",
            "건폐율점수":"--",
            "세대당주차수":0,
            "난방방식":30,
            "공급면적":"--",
            "전용률":"--",
            "욕실수":50,
            "현관타입":100,
            "주거총점":18.0,
            "지역구공급총점":0.0,
            "역세권":"NA",
            "30분내 이동가능 거점":"NA",
            "1시간내 이동가능 거점":"NA",
            "교통총점":"NA",
            "백화점":100,
            "아울렛몰":0,
            "대형마트":0,
            "은행":0,
            "병원":0,
            "종합병원":100,
            "공원":0,
            "혐오시설":0,
            "인프라총점":50.0,
            "초등학군":89.98,
            "중학군":50.6,
            "학군총점":58.476,
            "인구수":28.98,
            "인구증감":-2.28,
            "인구총점":19.602,
            "일자리":16.78,
            "소득수준":81.3,
            "일자리총점":36.136,
            "가치 총점":40.919,
            "매매실거래년":20220113.0,
            "매매실거래가":15300.0,
            "전세실거래년":20210104.0,
            "전세실거래가":6700.0,
            "전세가율":77.01,
            "장기전세가율평균":78.19,
            "전세가율거품지수":1.18,
            "검색코드":16396,
            "세대수":128.0,
            "준공년월":"1996-09-03",
            "준공년차":27.0,
            "가까운역이름":"NA",
            "가까운역거리":"NA",
            "역세권여부":"NA",
            "30분이내주요거점역":"NA",
            "30분거점역이름":"NA",
            "1시간이내주요거점역":"NA",
            "1시간거점역이름":"NA",
            "3km이내백화점수":1,
            "5km이내아울렛몰수":0,
            "1km이내대형먀트수":0,
            "500m이내은행수":1,
            "500m이내병원수":0,
            "5km이내대형병원수":5,
            "500m이내공원수":0,
            "3km이내혐오시설수":0,
            "초등학교학업성취도":89.98,
            "중학교학업성취도":83.8,
            "용적률":304,
            "건폐율":28,
            "Y":36.046772,
            "X":129.354814,
            "rank":91.0,
            "area_info":"24평(81.97), 36평(121.21)",
            "last_sales":"2022-01-13,15300.0,36평(121.21)",
            "rank_history":[
                [
                    "202202",
                    91
                ],
                [
                    "202201",
                    93
                ]
            ],
            "rank_gap":2
        },
        {
            "index":180,
            "아파트명":"제일프리미엄타운",
            "투자타입":"일반",
            "전용면적(m2)":"75.85",
            "전용면적(평)":"22평",
            "법정동주소":"경상북도 포항시 북구 용흥동 424-7",
            "도로명주소":"경상북도 포항시 북구 용흥로292번길 11",
            "세대수":0,
            "입주년차":0,
            "용적률점수":"--",
            "건폐율점수":"--",
            "세대당주차수":0,
            "난방방식":30,
            "공급면적":"--",
            "전용률":"--",
            "욕실수":50,
            "현관타입":100,
            "주거총점":18.0,
            "지역구공급총점":0.0,
            "역세권":"NA",
            "30분내 이동가능 거점":"NA",
            "1시간내 이동가능 거점":"NA",
            "교통총점":"NA",
            "백화점":100,
            "아울렛몰":0,
            "대형마트":0,
            "은행":0,
            "병원":0,
            "종합병원":100,
            "공원":0,
            "혐오시설":0,
            "인프라총점":50.0,
            "초등학군":89.98,
            "중학군":50.6,
            "학군총점":58.476,
            "인구수":28.98,
            "인구증감":-2.28,
            "인구총점":19.602,
            "일자리":16.78,
            "소득수준":81.3,
            "일자리총점":36.136,
            "가치 총점":40.919,
            "매매실거래년":20220114.0,
            "매매실거래가":8200.0,
            "전세실거래년":20201118.0,
            "전세실거래가":6500.0,
            "전세가율":79.27,
            "장기전세가율평균":78.19,
            "전세가율거품지수":-1.08,
            "검색코드":16391,
            "세대수":122.0,
            "준공년월":"1997-05-26",
            "준공년차":26.0,
            "가까운역이름":"NA",
            "가까운역거리":"NA",
            "역세권여부":"NA",
            "30분이내주요거점역":"NA",
            "30분거점역이름":"NA",
            "1시간이내주요거점역":"NA",
            "1시간거점역이름":"NA",
            "3km이내백화점수":1,
            "5km이내아울렛몰수":0,
            "1km이내대형먀트수":0,
            "500m이내은행수":0,
            "500m이내병원수":0,
            "5km이내대형병원수":5,
            "500m이내공원수":0,
            "3km이내혐오시설수":0,
            "초등학교학업성취도":89.98,
            "중학교학업성취도":83.8,
            "용적률":305,
            "건폐율":52,
            "Y":36.04768,
            "X":129.35174,
            "rank":91.0,
            "area_info":"22평(75.85), 31평(102.69)",
            "last_sales":"2022-01-14,8200.0,22평(75.85)",
            "rank_history":[
                [
                    "202202",
                    91
                ],
                [
                    "202201",
                    93
                ]
            ],
            "rank_gap":2
        },
        {
            "index":164,
            "아파트명":"용흥삼성푸른",
            "투자타입":"일반",
            "전용면적(m2)":"76.38",
            "전용면적(평)":"23평",
            "법정동주소":"경상북도 포항시 북구 용흥동 338-4",
            "도로명주소":"경상북도 포항시 북구 탑산길 68",
            "세대수":0,
            "입주년차":0,
            "용적률점수":"--",
            "건폐율점수":"--",
            "세대당주차수":0,
            "난방방식":30,
            "공급면적":"--",
            "전용률":"--",
            "욕실수":50,
            "현관타입":100,
            "주거총점":18.0,
            "지역구공급총점":0.0,
            "역세권":"NA",
            "30분내 이동가능 거점":"NA",
            "1시간내 이동가능 거점":"NA",
            "교통총점":"NA",
            "백화점":100,
            "아울렛몰":0,
            "대형마트":0,
            "은행":0,
            "병원":10,
            "종합병원":100,
            "공원":0,
            "혐오시설":0,
            "인프라총점":51.0,
            "초등학군":90.02,
            "중학군":42.24,
            "학군총점":51.796,
            "인구수":28.98,
            "인구증감":-2.28,
            "인구총점":19.602,
            "일자리":16.78,
            "소득수준":81.3,
            "일자리총점":36.136,
            "가치 총점":39.649,
            "매매실거래년":20220112.0,
            "매매실거래가":13300.0,
            "전세실거래년":20190817.0,
            "전세실거래가":6000.0,
            "전세가율":64.52,
            "장기전세가율평균":78.19,
            "전세가율거품지수":13.67,
            "검색코드":7155,
            "세대수":260.0,
            "준공년월":"1996-06-04",
            "준공년차":27.0,
            "가까운역이름":"NA",
            "가까운역거리":"NA",
            "역세권여부":"NA",
            "30분이내주요거점역":"NA",
            "30분거점역이름":"NA",
            "1시간이내주요거점역":"NA",
            "1시간거점역이름":"NA",
            "3km이내백화점수":1,
            "5km이내아울렛몰수":0,
            "1km이내대형먀트수":0,
            "500m이내은행수":0,
            "500m이내병원수":4,
            "5km이내대형병원수":5,
            "500m이내공원수":0,
            "3km이내혐오시설수":0,
            "초등학교학업성취도":90.02,
            "중학교학업성취도":70.4,
            "용적률":187,
            "건폐율":17,
            "Y":36.037671,
            "X":129.352306,
            "rank":92.0,
            "area_info":"23평(76.38), 32평(108.22)",
            "last_sales":"2022-01-12,13300.0,32평(108.22)",
            "rank_history":[
                [
                    "202202",
                    92
                ],
                [
                    "202201",
                    90
                ]
            ],
            "rank_gap":-2
        },
        {
            "index":270,
            "아파트명":"한신",
            "투자타입":"재건축",
            "전용면적(m2)":"104.4",
            "전용면적(평)":"31평",
            "법정동주소":"경상북도 포항시 북구 우현동 118-1",
            "도로명주소":"경상북도 포항시 북구 아치로 33",
            "세대수":0,
            "입주년차":"--",
            "용적률점수":0,
            "건폐율점수":0,
            "세대당주차수":"--",
            "난방방식":"--",
            "공급면적":90,
            "전용률":80,
            "욕실수":"--",
            "현관타입":"--",
            "주거총점":8.5,
            "지역구공급총점":0.0,
            "역세권":"NA",
            "30분내 이동가능 거점":"NA",
            "1시간내 이동가능 거점":"NA",
            "교통총점":"NA",
            "백화점":100,
            "아울렛몰":0,
            "대형마트":0,
            "은행":0,
            "병원":10,
            "종합병원":100,
            "공원":80,
            "혐오시설":0,
            "인프라총점":53.4,
            "초등학군":89.98,
            "중학군":50.22,
            "학군총점":58.172,
            "인구수":28.98,
            "인구증감":-2.28,
            "인구총점":19.602,
            "일자리":16.78,
            "소득수준":81.3,
            "일자리총점":36.136,
            "가치 총점":38.878,
            "매매실거래년":20211224.0,
            "매매실거래가":10200.0,
            "전세실거래년":20210204.0,
            "전세실거래가":9200.0,
            "전세가율":90.2,
            "장기전세가율평균":78.19,
            "전세가율거품지수":-12.01,
            "검색코드":16409,
            "세대수":150.0,
            "준공년월":"1990-12-01",
            "준공년차":33.0,
            "가까운역이름":"NA",
            "가까운역거리":"NA",
            "역세권여부":"NA",
            "30분이내주요거점역":"NA",
            "30분거점역이름":"NA",
            "1시간이내주요거점역":"NA",
            "1시간거점역이름":"NA",
            "3km이내백화점수":1,
            "5km이내아울렛몰수":0,
            "1km이내대형먀트수":0,
            "500m이내은행수":0,
            "500m이내병원수":4,
            "5km이내대형병원수":5,
            "500m이내공원수":1,
            "3km이내혐오시설수":0,
            "초등학교학업성취도":89.98,
            "중학교학업성취도":83.5,
            "용적률":0,
            "건폐율":0,
            "Y":36.05033,
            "X":129.35812,
            "rank":93.0,
            "area_info":"31평(104.4)",
            "last_sales":"2021-12-24,10200.0,31평(104.4)",
            "rank_history":[
                [
                    "202202",
                    93
                ],
                [
                    "202201",
                    97
                ]
            ],
            "rank_gap":4
        },
        {
            "index":196,
            "아파트명":"한라파크7차",
            "투자타입":"재건축",
            "전용면적(m2)":"103.33",
            "전용면적(평)":"31평",
            "법정동주소":"경상북도 포항시 북구 용흥동 477",
            "도로명주소":"경상북도 포항시 북구 새마을로 104",
            "세대수":0,
            "입주년차":"--",
            "용적률점수":0,
            "건폐율점수":0,
            "세대당주차수":"--",
            "난방방식":"--",
            "공급면적":90,
            "전용률":80,
            "욕실수":"--",
            "현관타입":"--",
            "주거총점":8.5,
            "지역구공급총점":0.0,
            "역세권":"NA",
            "30분내 이동가능 거점":"NA",
            "1시간내 이동가능 거점":"NA",
            "교통총점":"NA",
            "백화점":100,
            "아울렛몰":0,
            "대형마트":0,
            "은행":0,
            "병원":30,
            "종합병원":100,
            "공원":0,
            "혐오시설":0,
            "인프라총점":53.0,
            "초등학군":90.02,
            "중학군":50.6,
            "학군총점":58.484,
            "인구수":28.98,
            "인구증감":-2.28,
            "인구총점":19.602,
            "일자리":16.78,
            "소득수준":81.3,
            "일자리총점":36.136,
            "가치 총점":38.796,
            "매매실거래년":20210822.0,
            "매매실거래가":6400.0,
            "전세실거래년":20200318.0,
            "전세실거래가":5500.0,
            "전세가율":85.94,
            "장기전세가율평균":78.19,
            "전세가율거품지수":-7.75,
            "검색코드":108880,
            "세대수":120.0,
            "준공년월":"1990-04-19",
            "준공년차":33.0,
            "가까운역이름":"NA",
            "가까운역거리":"NA",
            "역세권여부":"NA",
            "30분이내주요거점역":"NA",
            "30분거점역이름":"NA",
            "1시간이내주요거점역":"NA",
            "1시간거점역이름":"NA",
            "3km이내백화점수":1,
            "5km이내아울렛몰수":0,
            "1km이내대형먀트수":0,
            "500m이내은행수":1,
            "500m이내병원수":5,
            "5km이내대형병원수":5,
            "500m이내공원수":0,
            "3km이내혐오시설수":0,
            "초등학교학업성취도":90.02,
            "중학교학업성취도":83.8,
            "용적률":0,
            "건폐율":0,
            "Y":36.042327,
            "X":129.349367,
            "rank":94.0,
            "area_info":"31평(103.33), 31평(103.51)",
            "last_sales":"2021-08-22,6400.0,31평(103.33)",
            "rank_history":[
                [
                    "202202",
                    94
                ],
                [
                    "202201",
                    101
                ]
            ],
            "rank_gap":7
        },
        {
            "index":521,
            "아파트명":"학천삼도미래타운1차",
            "투자타입":"일반",
            "전용면적(m2)":"72.43",
            "전용면적(평)":"21평",
            "법정동주소":"경상북도 포항시 북구 흥해읍 학천리 456",
            "도로명주소":"경상북도 포항시 북구 도음로877번길 9",
            "세대수":80,
            "입주년차":20,
            "용적률점수":"--",
            "건폐율점수":"--",
            "세대당주차수":0,
            "난방방식":30,
            "공급면적":"--",
            "전용률":"--",
            "욕실수":50,
            "현관타입":50,
            "주거총점":45.0,
            "지역구공급총점":0.0,
            "역세권":"NA",
            "30분내 이동가능 거점":"NA",
            "1시간내 이동가능 거점":"NA",
            "교통총점":"NA",
            "백화점":0,
            "아울렛몰":0,
            "대형마트":0,
            "은행":0,
            "병원":10,
            "종합병원":80,
            "공원":0,
            "혐오시설":0,
            "인프라총점":17.0,
            "초등학군":89.99,
            "중학군":58.24,
            "학군총점":64.59,
            "인구수":28.98,
            "인구증감":-2.28,
            "인구총점":19.602,
            "일자리":16.78,
            "소득수준":81.3,
            "일자리총점":36.136,
            "가치 총점":38.6975,
            "매매실거래년":20211229.0,
            "매매실거래가":9000.0,
            "전세실거래년":null,
            "전세실거래가":null,
            "전세가율":null,
            "장기전세가율평균":78.19,
            "전세가율거품지수":null,
            "검색코드":27250,
            "세대수":779.0,
            "준공년월":"2000-10-30",
            "준공년차":23.0,
            "가까운역이름":"NA",
            "가까운역거리":"NA",
            "역세권여부":"NA",
            "30분이내주요거점역":"NA",
            "30분거점역이름":"NA",
            "1시간이내주요거점역":"NA",
            "1시간거점역이름":"NA",
            "3km이내백화점수":0,
            "5km이내아울렛몰수":0,
            "1km이내대형먀트수":0,
            "500m이내은행수":0,
            "500m이내병원수":2,
            "5km이내대형병원수":1,
            "500m이내공원수":0,
            "3km이내혐오시설수":0,
            "초등학교학업성취도":89.99,
            "중학교학업성취도":96.6,
            "용적률":249,
            "건폐율":19,
            "Y":36.080495,
            "X":129.329935,
            "rank":95.0,
            "area_info":"21평(72.43), 21평(72.44), 22평(73.69), 22평(74.45), 25평(85.42), 25평(85.4), 26평(86.26), 26평(86.92)",
            "last_sales":"2021-12-29,9000.0,26평(86.26)",
            "rank_history":[
                [
                    "202202",
                    95
                ],
                [
                    "202201",
                    98
                ]
            ],
            "rank_gap":3
        },
        {
            "index":140,
            "아파트명":"한양수자인",
            "투자타입":"일반",
            "전용면적(m2)":"100.95",
            "전용면적(평)":"30평",
            "법정동주소":"경상북도 포항시 북구 양덕동 439-1",
            "도로명주소":"경상북도 포항시 북구 장량중앙로 35",
            "세대수":50,
            "입주년차":60,
            "용적률점수":"--",
            "건폐율점수":"--",
            "세대당주차수":30,
            "난방방식":30,
            "공급면적":"--",
            "전용률":"--",
            "욕실수":100,
            "현관타입":100,
            "주거총점":57.0,
            "지역구공급총점":0.0,
            "역세권":"NA",
            "30분내 이동가능 거점":"NA",
            "1시간내 이동가능 거점":"NA",
            "교통총점":"NA",
            "백화점":0,
            "아울렛몰":0,
            "대형마트":0,
            "은행":0,
            "병원":60,
            "종합병원":0,
            "공원":100,
            "혐오시설":0,
            "인프라총점":9.0,
            "초등학군":89.99,
            "중학군":52.92,
            "학군총점":60.334,
            "인구수":28.98,
            "인구증감":-2.28,
            "인구총점":19.602,
            "일자리":16.78,
            "소득수준":81.3,
            "일자리총점":36.136,
            "가치 총점":38.6335,
            "매매실거래년":20220122.0,
            "매매실거래가":27800.0,
            "전세실거래년":20211214.0,
            "전세실거래가":23000.0,
            "전세가율":96.23,
            "장기전세가율평균":78.19,
            "전세가율거품지수":-18.04,
            "검색코드":103968,
            "세대수":496.0,
            "준공년월":"2013-10-25",
            "준공년차":10.0,
            "가까운역이름":"NA",
            "가까운역거리":"NA",
            "역세권여부":"NA",
            "30분이내주요거점역":"NA",
            "30분거점역이름":"NA",
            "1시간이내주요거점역":"NA",
            "1시간거점역이름":"NA",
            "3km이내백화점수":0,
            "5km이내아울렛몰수":0,
            "1km이내대형먀트수":0,
            "500m이내은행수":1,
            "500m이내병원수":10,
            "5km이내대형병원수":0,
            "500m이내공원수":3,
            "3km이내혐오시설수":0,
            "초등학교학업성취도":89.99,
            "중학교학업성취도":88.0,
            "용적률":176,
            "건폐율":19,
            "Y":36.091704,
            "X":129.385832,
            "rank":96.0,
            "area_info":"30평(100.95), 30평(100.85), 30평(100.95), 34평(114.34), 34평(114.42), 34평(114.34)",
            "last_sales":"2022-01-22,27800.0,34평(114.42)",
            "rank_history":[
                [
                    "202202",
                    96
                ],
                [
                    "202201",
                    107
                ]
            ],
            "rank_gap":11
        },
        {
            "index":82,
            "아파트명":"삼성푸른",
            "투자타입":"일반",
            "전용면적(m2)":"80.14",
            "전용면적(평)":"24평",
            "법정동주소":"경상북도 포항시 북구 득량동 155",
            "도로명주소":"경상북도 포항시 북구 양학로 59",
            "세대수":50,
            "입주년차":0,
            "용적률점수":"--",
            "건폐율점수":"--",
            "세대당주차수":0,
            "난방방식":30,
            "공급면적":"--",
            "전용률":"--",
            "욕실수":50,
            "현관타입":10,
            "주거총점":26.5,
            "지역구공급총점":0.0,
            "역세권":"NA",
            "30분내 이동가능 거점":"NA",
            "1시간내 이동가능 거점":"NA",
            "교통총점":"NA",
            "백화점":0,
            "아울렛몰":0,
            "대형마트":80,
            "은행":0,
            "병원":30,
            "종합병원":100,
            "공원":0,
            "혐오시설":0,
            "인프라총점":35.0,
            "초등학군":90.01,
            "중학군":54.08,
            "학군총점":61.266,
            "인구수":28.98,
            "인구증감":-2.28,
            "인구총점":19.602,
            "일자리":16.78,
            "소득수준":81.3,
            "일자리총점":36.136,
            "가치 총점":38.5915,
            "매매실거래년":20211228.0,
            "매매실거래가":12600.0,
            "전세실거래년":20210419.0,
            "전세실거래가":8500.0,
            "전세가율":67.46,
            "장기전세가율평균":78.19,
            "전세가율거품지수":10.73,
            "검색코드":16386,
            "세대수":420.0,
            "준공년월":"1995-04-03",
            "준공년차":28.0,
            "가까운역이름":"NA",
            "가까운역거리":"NA",
            "역세권여부":"NA",
            "30분이내주요거점역":"NA",
            "30분거점역이름":"NA",
            "1시간이내주요거점역":"NA",
            "1시간거점역이름":"NA",
            "3km이내백화점수":0,
            "5km이내아울렛몰수":0,
            "1km이내대형먀트수":1,
            "500m이내은행수":0,
            "500m이내병원수":6,
            "5km이내대형병원수":5,
            "500m이내공원수":0,
            "3km이내혐오시설수":0,
            "초등학교학업성취도":90.01,
            "중학교학업성취도":89.2,
            "용적률":0,
            "건폐율":0,
            "Y":36.027783,
            "X":129.347677,
            "rank":97.0,
            "area_info":"24평(80.14), 30평(100.66), 30평(100.62), 44평(146.82)",
            "last_sales":"2021-12-28,12600.0,24평(80.14)",
            "rank_history":[
                [
                    "202202",
                    97
                ],
                [
                    "202201",
                    114
                ]
            ],
            "rank_gap":17
        },
        {
            "index":297,
            "아파트명":"장성대림골든빌",
            "투자타입":"일반",
            "전용면적(m2)":"89.01",
            "전용면적(평)":"26평",
            "법정동주소":"경상북도 포항시 북구 장성동 1578-1",
            "도로명주소":"경상북도 포항시 북구 침촌로 20",
            "세대수":50,
            "입주년차":20,
            "용적률점수":"--",
            "건폐율점수":"--",
            "세대당주차수":30,
            "난방방식":30,
            "공급면적":"--",
            "전용률":"--",
            "욕실수":50,
            "현관타입":100,
            "주거총점":44.0,
            "지역구공급총점":0.0,
            "역세권":"NA",
            "30분내 이동가능 거점":"NA",
            "1시간내 이동가능 거점":"NA",
            "교통총점":"NA",
            "백화점":0,
            "아울렛몰":0,
            "대형마트":0,
            "은행":0,
            "병원":10,
            "종합병원":80,
            "공원":100,
            "혐오시설":0,
            "인프라총점":20.0,
            "초등학군":89.98,
            "중학군":52.92,
            "학군총점":60.332,
            "인구수":28.98,
            "인구증감":-2.28,
            "인구총점":19.602,
            "일자리":16.78,
            "소득수준":81.3,
            "일자리총점":36.136,
            "가치 총점":38.483,
            "매매실거래년":20220112.0,
            "매매실거래가":13200.0,
            "전세실거래년":20220122.0,
            "전세실거래가":15000.0,
            "전세가율":113.64,
            "장기전세가율평균":78.19,
            "전세가율거품지수":-35.45,
            "검색코드":7260,
            "세대수":688.0,
            "준공년월":"1999-02-20",
            "준공년차":24.0,
            "가까운역이름":"NA",
            "가까운역거리":"NA",
            "역세권여부":"NA",
            "30분이내주요거점역":"NA",
            "30분거점역이름":"NA",
            "1시간이내주요거점역":"NA",
            "1시간거점역이름":"NA",
            "3km이내백화점수":0,
            "5km이내아울렛몰수":0,
            "1km이내대형먀트수":0,
            "500m이내은행수":0,
            "500m이내병원수":2,
            "5km이내대형병원수":1,
            "500m이내공원수":3,
            "3km이내혐오시설수":0,
            "초등학교학업성취도":89.98,
            "중학교학업성취도":88.0,
            "용적률":249,
            "건폐율":19,
            "Y":36.081837,
            "X":129.377931,
            "rank":98.0,
            "area_info":"26평(89.01), 27평(90.9), 32평(108.06), 49평(163.31), 60평(199.83), 73평(241.34), 86평(284.91)",
            "last_sales":"2022-01-12,13200.0,26평(89.01)",
            "rank_history":[
                [
                    "202202",
                    98
                ],
                [
                    "202201",
                    96
                ]
            ],
            "rank_gap":-2
        },
        {
            "index":189,
            "아파트명":"한라파크6차",
            "투자타입":"재건축",
            "전용면적(m2)":"84.01",
            "전용면적(평)":"25평",
            "법정동주소":"경상북도 포항시 북구 용흥동 473-3",
            "도로명주소":"경상북도 포항시 북구 대안길 81",
            "세대수":0,
            "입주년차":"--",
            "용적률점수":0,
            "건폐율점수":0,
            "세대당주차수":"--",
            "난방방식":"--",
            "공급면적":70,
            "전용률":80,
            "욕실수":"--",
            "현관타입":"--",
            "주거총점":7.5,
            "지역구공급총점":0.0,
            "역세권":"NA",
            "30분내 이동가능 거점":"NA",
            "1시간내 이동가능 거점":"NA",
            "교통총점":"NA",
            "백화점":100,
            "아울렛몰":0,
            "대형마트":0,
            "은행":0,
            "병원":30,
            "종합병원":100,
            "공원":0,
            "혐오시설":0,
            "인프라총점":53.0,
            "초등학군":90.02,
            "중학군":50.6,
            "학군총점":58.484,
            "인구수":28.98,
            "인구증감":-2.28,
            "인구총점":19.602,
            "일자리":16.78,
            "소득수준":81.3,
            "일자리총점":36.136,
            "가치 총점":38.446,
            "매매실거래년":20140929.0,
            "매매실거래가":5800.0,
            "전세실거래년":null,
            "전세실거래가":null,
            "전세가율":null,
            "장기전세가율평균":78.19,
            "전세가율거품지수":null,
            "검색코드":101135,
            "세대수":137.0,
            "준공년월":"1989-07-12",
            "준공년차":34.0,
            "가까운역이름":"NA",
            "가까운역거리":"NA",
            "역세권여부":"NA",
            "30분이내주요거점역":"NA",
            "30분거점역이름":"NA",
            "1시간이내주요거점역":"NA",
            "1시간거점역이름":"NA",
            "3km이내백화점수":1,
            "5km이내아울렛몰수":0,
            "1km이내대형먀트수":0,
            "500m이내은행수":1,
            "500m이내병원수":5,
            "5km이내대형병원수":5,
            "500m이내공원수":0,
            "3km이내혐오시설수":0,
            "초등학교학업성취도":90.02,
            "중학교학업성취도":83.8,
            "용적률":0,
            "건폐율":0,
            "Y":36.042966,
            "X":129.348712,
            "rank":99.0,
            "area_info":"25평(84.01), 26평(86.66), 27평(92.56), 31평(104.71), 31평(104.33), 31평(104.63), 31평(104.76)",
            "last_sales":"2014-09-29,5800.0,31평(104.76)",
            "rank_history":[
                [
                    "202202",
                    99
                ],
                [
                    "202201",
                    105
                ]
            ],
            "rank_gap":6
        },
        {
            "index":249,
            "아파트명":"조양전원타운",
            "투자타입":"재건축",
            "전용면적(m2)":"103.61",
            "전용면적(평)":"31평",
            "법정동주소":"경상북도 포항시 북구 우현동 126-2",
            "도로명주소":"경상북도 포항시 북구 아치로 53",
            "세대수":0,
            "입주년차":"--",
            "용적률점수":0,
            "건폐율점수":0,
            "세대당주차수":"--",
            "난방방식":"--",
            "공급면적":90,
            "전용률":60,
            "욕실수":"--",
            "현관타입":"--",
            "주거총점":7.5,
            "지역구공급총점":0.0,
            "역세권":"NA",
            "30분내 이동가능 거점":"NA",
            "1시간내 이동가능 거점":"NA",
            "교통총점":"NA",
            "백화점":100,
            "아울렛몰":0,
            "대형마트":0,
            "은행":0,
            "병원":0,
            "종합병원":100,
            "공원":80,
            "혐오시설":0,
            "인프라총점":52.4,
            "초등학군":89.98,
            "중학군":50.6,
            "학군총점":58.476,
            "인구수":28.98,
            "인구증감":-2.28,
            "인구총점":19.602,
            "일자리":16.78,
            "소득수준":81.3,
            "일자리총점":36.136,
            "가치 총점":38.204,
            "매매실거래년":20211112.0,
            "매매실거래가":9300.0,
            "전세실거래년":20201104.0,
            "전세실거래가":8000.0,
            "전세가율":86.02,
            "장기전세가율평균":78.19,
            "전세가율거품지수":-7.83,
            "검색코드":16407,
            "세대수":125.0,
            "준공년월":"1992-01-07",
            "준공년차":31.0,
            "가까운역이름":"NA",
            "가까운역거리":"NA",
            "역세권여부":"NA",
            "30분이내주요거점역":"NA",
            "30분거점역이름":"NA",
            "1시간이내주요거점역":"NA",
            "1시간거점역이름":"NA",
            "3km이내백화점수":1,
            "5km이내아울렛몰수":0,
            "1km이내대형먀트수":0,
            "500m이내은행수":0,
            "500m이내병원수":1,
            "5km이내대형병원수":5,
            "500m이내공원수":1,
            "3km이내혐오시설수":0,
            "초등학교학업성취도":89.98,
            "중학교학업성취도":83.8,
            "용적률":0,
            "건폐율":0,
            "Y":36.05073,
            "X":129.35589,
            "rank":100.0,
            "area_info":"31평(103.61)",
            "last_sales":"2021-11-12,9300.0,31평(103.61)",
            "rank_history":[
                [
                    "202202",
                    100
                ],
                [
                    "202201",
                    99
                ]
            ],
            "rank_gap":-1
        },
        {
            "index":182,
            "아파트명":"하나로타운1차",
            "투자타입":"일반",
            "전용면적(m2)":"74.9",
            "전용면적(평)":"22평",
            "법정동주소":"경상북도 포항시 북구 용흥동 410",
            "도로명주소":"경상북도 포항시 북구 우미길 90",
            "세대수":0,
            "입주년차":0,
            "용적률점수":"--",
            "건폐율점수":"--",
            "세대당주차수":0,
            "난방방식":30,
            "공급면적":"--",
            "전용률":"--",
            "욕실수":50,
            "현관타입":10,
            "주거총점":9.0,
            "지역구공급총점":0.0,
            "역세권":"NA",
            "30분내 이동가능 거점":"NA",
            "1시간내 이동가능 거점":"NA",
            "교통총점":"NA",
            "백화점":100,
            "아울렛몰":0,
            "대형마트":0,
            "은행":0,
            "병원":0,
            "종합병원":100,
            "공원":0,
            "혐오시설":0,
            "인프라총점":50.0,
            "초등학군":89.98,
            "중학군":50.6,
            "학군총점":58.476,
            "인구수":28.98,
            "인구증감":-2.28,
            "인구총점":19.602,
            "일자리":16.78,
            "소득수준":81.3,
            "일자리총점":36.136,
            "가치 총점":37.769,
            "매매실거래년":20211218.0,
            "매매실거래가":7100.0,
            "전세실거래년":20200117.0,
            "전세실거래가":5000.0,
            "전세가율":70.42,
            "장기전세가율평균":78.19,
            "전세가율거품지수":7.77,
            "검색코드":16394,
            "세대수":192.0,
            "준공년월":"1995-10-31",
            "준공년차":28.0,
            "가까운역이름":"NA",
            "가까운역거리":"NA",
            "역세권여부":"NA",
            "30분이내주요거점역":"NA",
            "30분거점역이름":"NA",
            "1시간이내주요거점역":"NA",
            "1시간거점역이름":"NA",
            "3km이내백화점수":1,
            "5km이내아울렛몰수":0,
            "1km이내대형먀트수":0,
            "500m이내은행수":1,
            "500m이내병원수":0,
            "5km이내대형병원수":5,
            "500m이내공원수":0,
            "3km이내혐오시설수":0,
            "초등학교학업성취도":89.98,
            "중학교학업성취도":83.8,
            "용적률":367,
            "건폐율":34,
            "Y":36.046576,
            "X":129.355421,
            "rank":101.0,
            "area_info":"22평(74.9), 22평(75.09), 31평(105.03)",
            "last_sales":"2021-12-18,7100.0,22평(74.9)",
            "rank_history":[
                [
                    "202202",
                    101
                ],
                [
                    "202201",
                    102
                ]
            ],
            "rank_gap":1
        },
        {
            "index":519,
            "아파트명":"포항지엔하임",
            "투자타입":"일반",
            "전용면적(m2)":"84.76",
            "전용면적(평)":"25평",
            "법정동주소":"경상북도 포항시 북구 흥해읍 초곡리 1491",
            "도로명주소":"경상북도 포항시 북구 초곡지구로 102",
            "세대수":50,
            "입주년차":80,
            "용적률점수":"--",
            "건폐율점수":"--",
            "세대당주차수":60,
            "난방방식":30,
            "공급면적":"--",
            "전용률":"--",
            "욕실수":100,
            "현관타입":100,
            "주거총점":65.5,
            "지역구공급총점":0.0,
            "역세권":"NA",
            "30분내 이동가능 거점":"NA",
            "1시간내 이동가능 거점":"NA",
            "교통총점":"NA",
            "백화점":0,
            "아울렛몰":0,
            "대형마트":0,
            "은행":0,
            "병원":10,
            "종합병원":0,
            "공원":100,
            "혐오시설":0,
            "인프라총점":4.0,
            "초등학군":90.0,
            "중학군":43.26,
            "학군총점":52.608,
            "인구수":28.98,
            "인구증감":-2.28,
            "인구총점":19.602,
            "일자리":16.78,
            "소득수준":81.3,
            "일자리총점":36.136,
            "가치 총점":37.677,
            "매매실거래년":20220125.0,
            "매매실거래가":25430.0,
            "전세실거래년":20211226.0,
            "전세실거래가":20000.0,
            "전세가율":85.56,
            "장기전세가율평균":78.19,
            "전세가율거품지수":-7.37,
            "검색코드":115314,
            "세대수":558.0,
            "준공년월":"2018-03-23",
            "준공년차":5.0,
            "가까운역이름":"NA",
            "가까운역거리":"NA",
            "역세권여부":"NA",
            "30분이내주요거점역":"NA",
            "30분거점역이름":"NA",
            "1시간이내주요거점역":"NA",
            "1시간거점역이름":"NA",
            "3km이내백화점수":0,
            "5km이내아울렛몰수":0,
            "1km이내대형먀트수":0,
            "500m이내은행수":0,
            "500m이내병원수":4,
            "5km이내대형병원수":0,
            "500m이내공원수":4,
            "3km이내혐오시설수":0,
            "초등학교학업성취도":90.0,
            "중학교학업성취도":71.5,
            "용적률":219,
            "건폐율":20,
            "Y":36.094112,
            "X":129.338468,
            "rank":102.0,
            "area_info":"25평(84.76), 33평(112.06)",
            "last_sales":"2022-01-25,25430.0,33평(112.06)",
            "rank_history":[
                [
                    "202202",
                    102
                ],
                [
                    "202201",
                    100
                ]
            ],
            "rank_gap":-2
        },
        {
            "index":417,
            "아파트명":"코오롱",
            "투자타입":"재건축",
            "전용면적(m2)":"57.79",
            "전용면적(평)":"17평",
            "법정동주소":"경상북도 포항시 북구 학산동 192-1",
            "도로명주소":"경상북도 포항시 북구 학산로59번길 7",
            "세대수":0,
            "입주년차":"--",
            "용적률점수":0,
            "건폐율점수":0,
            "세대당주차수":"--",
            "난방방식":"--",
            "공급면적":50,
            "전용률":100,
            "욕실수":"--",
            "현관타입":"--",
            "주거총점":7.5,
            "지역구공급총점":0.0,
            "역세권":"NA",
            "30분내 이동가능 거점":"NA",
            "1시간내 이동가능 거점":"NA",
            "교통총점":"NA",
            "백화점":100,
            "아울렛몰":0,
            "대형마트":0,
            "은행":0,
            "병원":60,
            "종합병원":100,
            "공원":0,
            "혐오시설":0,
            "인프라총점":56.0,
            "초등학군":90.0,
            "중학군":40.74,
            "학군총점":50.592,
            "인구수":28.98,
            "인구증감":-2.28,
            "인구총점":19.602,
            "일자리":16.78,
            "소득수준":81.3,
            "일자리총점":36.136,
            "가치 총점":37.673,
            "매매실거래년":20201231.0,
            "매매실거래가":11600.0,
            "전세실거래년":null,
            "전세실거래가":null,
            "전세가율":null,
            "장기전세가율평균":78.19,
            "전세가율거품지수":null,
            "검색코드":16426,
            "세대수":150.0,
            "준공년월":"1980-11-26",
            "준공년차":43.0,
            "가까운역이름":"NA",
            "가까운역거리":"NA",
            "역세권여부":"NA",
            "30분이내주요거점역":"NA",
            "30분거점역이름":"NA",
            "1시간이내주요거점역":"NA",
            "1시간거점역이름":"NA",
            "3km이내백화점수":1,
            "5km이내아울렛몰수":0,
            "1km이내대형먀트수":0,
            "500m이내은행수":0,
            "500m이내병원수":10,
            "5km이내대형병원수":5,
            "500m이내공원수":0,
            "3km이내혐오시설수":0,
            "초등학교학업성취도":90.0,
            "중학교학업성취도":67.5,
            "용적률":0,
            "건폐율":0,
            "Y":36.050327,
            "X":129.368714,
            "rank":103.0,
            "area_info":"17평(57.79), 17평(58.75), 17평(58.85), 17평(58.88), 17평(58.81), 17평(58.73), 17평(58.78), 17평(58.83), 17평(58.25), 17평(58.8), 17평(58.55), 19평(64.83), 19평(64.73), 19평(64.2)",
            "last_sales":"2020-12-31,11600.0,19평(64.73)",
            "rank_history":[
                [
                    "202202",
                    103
                ],
                [
                    "202201",
                    111
                ]
            ],
            "rank_gap":8
        },
        {
            "index":2,
            "아파트명":"삼일",
            "투자타입":"재건축",
            "전용면적(m2)":"50.9",
            "전용면적(평)":"15평",
            "법정동주소":"경상북도 포항시 북구 대신동 50-20",
            "도로명주소":"경상북도 포항시 북구 삼호로 79",
            "세대수":0,
            "입주년차":"--",
            "용적률점수":0,
            "건폐율점수":0,
            "세대당주차수":"--",
            "난방방식":"--",
            "공급면적":50,
            "전용률":100,
            "욕실수":"--",
            "현관타입":"--",
            "주거총점":7.5,
            "지역구공급총점":0.0,
            "역세권":"NA",
            "30분내 이동가능 거점":"NA",
            "1시간내 이동가능 거점":"NA",
            "교통총점":"NA",
            "백화점":100,
            "아울렛몰":0,
            "대형마트":0,
            "은행":0,
            "병원":60,
            "종합병원":100,
            "공원":0,
            "혐오시설":0,
            "인프라총점":56.0,
            "초등학군":90.0,
            "중학군":40.74,
            "학군총점":50.592,
            "인구수":28.98,
            "인구증감":-2.28,
            "인구총점":19.602,
            "일자리":16.78,
            "소득수준":81.3,
            "일자리총점":36.136,
            "가치 총점":37.673,
            "매매실거래년":"18000101",
            "매매실거래가":null,
            "전세실거래년":null,
            "전세실거래가":null,
            "전세가율":null,
            "장기전세가율평균":78.19,
            "전세가율거품지수":null,
            "검색코드":110104,
            "세대수":112.0,
            "준공년월":"1978-11-27",
            "준공년차":45.0,
            "가까운역이름":"NA",
            "가까운역거리":"NA",
            "역세권여부":"NA",
            "30분이내주요거점역":"NA",
            "30분거점역이름":"NA",
            "1시간이내주요거점역":"NA",
            "1시간거점역이름":"NA",
            "3km이내백화점수":1,
            "5km이내아울렛몰수":0,
            "1km이내대형먀트수":0,
            "500m이내은행수":1,
            "500m이내병원수":11,
            "5km이내대형병원수":5,
            "500m이내공원수":0,
            "3km이내혐오시설수":0,
            "초등학교학업성취도":90.0,
            "중학교학업성취도":67.5,
            "용적률":0,
            "건폐율":0,
            "Y":36.048173,
            "X":129.369509,
            "rank":103.0,
            "area_info":"15평(50.9), 17평(56.29), 17평(56.3)",
            "last_sales":"1800-01-01,nan,15평(50.9)",
            "rank_history":[
                [
                    "202202",
                    103
                ],
                [
                    "202201",
                    111
                ]
            ],
            "rank_gap":8
        },
        {
            "index":517,
            "아파트명":"초곡지구화산샬레",
            "투자타입":"일반",
            "전용면적(m2)":"110.49",
            "전용면적(평)":"33평",
            "법정동주소":"경상북도 포항시 북구 흥해읍 초곡리 1758",
            "도로명주소":"경상북도 포항시 북구 초곡지구로58번길 82",
            "세대수":50,
            "입주년차":100,
            "용적률점수":"--",
            "건폐율점수":"--",
            "세대당주차수":60,
            "난방방식":30,
            "공급면적":"--",
            "전용률":"--",
            "욕실수":100,
            "현관타입":100,
            "주거총점":69.5,
            "지역구공급총점":0.0,
            "역세권":"NA",
            "30분내 이동가능 거점":"NA",
            "1시간내 이동가능 거점":"NA",
            "교통총점":"NA",
            "백화점":0,
            "아울렛몰":0,
            "대형마트":0,
            "은행":0,
            "병원":0,
            "종합병원":0,
            "공원":0,
            "혐오시설":0,
            "인프라총점":0.0,
            "초등학군":90.0,
            "중학군":43.26,
            "학군총점":52.608,
            "인구수":28.98,
            "인구증감":-2.28,
            "인구총점":19.602,
            "일자리":16.78,
            "소득수준":81.3,
            "일자리총점":36.136,
            "가치 총점":37.477,
            "매매실거래년":20220117.0,
            "매매실거래가":28700.0,
            "전세실거래년":20220102.0,
            "전세실거래가":27000.0,
            "전세가율":94.08,
            "장기전세가율평균":78.19,
            "전세가율거품지수":-15.89,
            "검색코드":112715,
            "세대수":553.0,
            "준공년월":"2019-04-12",
            "준공년차":4.0,
            "가까운역이름":"NA",
            "가까운역거리":"NA",
            "역세권여부":"NA",
            "30분이내주요거점역":"NA",
            "30분거점역이름":"NA",
            "1시간이내주요거점역":"NA",
            "1시간거점역이름":"NA",
            "3km이내백화점수":0,
            "5km이내아울렛몰수":0,
            "1km이내대형먀트수":0,
            "500m이내은행수":0,
            "500m이내병원수":0,
            "5km이내대형병원수":0,
            "500m이내공원수":0,
            "3km이내혐오시설수":0,
            "초등학교학업성취도":90.0,
            "중학교학업성취도":71.5,
            "용적률":219,
            "건폐율":15,
            "Y":36.097622,
            "X":129.330495,
            "rank":104.0,
            "area_info":"33평(110.49), 33평(111.09)",
            "last_sales":"2022-01-17,28700.0,33평(110.49)",
            "rank_history":[
                [
                    "202202",
                    104
                ],
                [
                    "202201",
                    103
                ]
            ],
            "rank_gap":-1
        },
        {
            "index":81,
            "아파트명":"경성홈타운2차",
            "투자타입":"일반",
            "전용면적(m2)":"75.74",
            "전용면적(평)":"22평",
            "법정동주소":"경상북도 포항시 북구 득량동 305-1",
            "도로명주소":"경상북도 포항시 북구 이동로 48-10",
            "세대수":0,
            "입주년차":20,
            "용적률점수":"--",
            "건폐율점수":"--",
            "세대당주차수":0,
            "난방방식":30,
            "공급면적":"--",
            "전용률":"--",
            "욕실수":50,
            "현관타입":100,
            "주거총점":22.0,
            "지역구공급총점":0.0,
            "역세권":"NA",
            "30분내 이동가능 거점":"NA",
            "1시간내 이동가능 거점":"NA",
            "교통총점":"NA",
            "백화점":0,
            "아울렛몰":0,
            "대형마트":80,
            "은행":0,
            "병원":10,
            "종합병원":100,
            "공원":100,
            "혐오시설":0,
            "인프라총점":36.0,
            "초등학군":90.0,
            "중학군":54.08,
            "학군총점":61.264,
            "인구수":28.98,
            "인구증감":-2.28,
            "인구총점":19.602,
            "일자리":16.78,
            "소득수준":81.3,
            "일자리총점":36.136,
            "가치 총점":37.416,
            "매매실거래년":20211215.0,
            "매매실거래가":16000.0,
            "전세실거래년":20220107.0,
            "전세실거래가":17500.0,
            "전세가율":109.38,
            "장기전세가율평균":78.19,
            "전세가율거품지수":-31.19,
            "검색코드":101134,
            "세대수":262.0,
            "준공년월":"2003-04-23",
            "준공년차":20.0,
            "가까운역이름":"NA",
            "가까운역거리":"NA",
            "역세권여부":"NA",
            "30분이내주요거점역":"NA",
            "30분거점역이름":"NA",
            "1시간이내주요거점역":"NA",
            "1시간거점역이름":"NA",
            "3km이내백화점수":0,
            "5km이내아울렛몰수":0,
            "1km이내대형먀트수":1,
            "500m이내은행수":0,
            "500m이내병원수":4,
            "5km이내대형병원수":5,
            "500m이내공원수":2,
            "3km이내혐오시설수":0,
            "초등학교학업성취도":90.0,
            "중학교학업성취도":89.2,
            "용적률":233,
            "건폐율":23,
            "Y":36.031995,
            "X":129.340137,
            "rank":105.0,
            "area_info":"22평(75.74)",
            "last_sales":"2021-12-15,16000.0,22평(75.74)",
            "rank_history":[
                [
                    "202202",
                    105
                ],
                [
                    "202201",
                    116
                ]
            ],
            "rank_gap":11
        },
        {
            "index":5,
            "아파트명":"해동",
            "투자타입":"재건축",
            "전용면적(m2)":"48.17",
            "전용면적(평)":"14평",
            "법정동주소":"경상북도 포항시 북구 대신동 61-8",
            "도로명주소":"경상북도 포항시 북구 대신로36번길 9",
            "세대수":0,
            "입주년차":"--",
            "용적률점수":0,
            "건폐율점수":0,
            "세대당주차수":"--",
            "난방방식":"--",
            "공급면적":50,
            "전용률":80,
            "욕실수":"--",
            "현관타입":"--",
            "주거총점":6.5,
            "지역구공급총점":0.0,
            "역세권":"NA",
            "30분내 이동가능 거점":"NA",
            "1시간내 이동가능 거점":"NA",
            "교통총점":"NA",
            "백화점":100,
            "아울렛몰":0,
            "대형마트":0,
            "은행":0,
            "병원":60,
            "종합병원":100,
            "공원":0,
            "혐오시설":0,
            "인프라총점":56.0,
            "초등학군":90.0,
            "중학군":40.74,
            "학군총점":50.592,
            "인구수":28.98,
            "인구증감":-2.28,
            "인구총점":19.602,
            "일자리":16.78,
            "소득수준":81.3,
            "일자리총점":36.136,
            "가치 총점":37.323,
            "매매실거래년":"18000101",
            "매매실거래가":null,
            "전세실거래년":null,
            "전세실거래가":null,
            "전세가율":null,
            "장기전세가율평균":78.19,
            "전세가율거품지수":null,
            "검색코드":110107,
            "세대수":155.0,
            "준공년월":"1981-01-01",
            "준공년차":42.0,
            "가까운역이름":"NA",
            "가까운역거리":"NA",
            "역세권여부":"NA",
            "30분이내주요거점역":"NA",
            "30분거점역이름":"NA",
            "1시간이내주요거점역":"NA",
            "1시간거점역이름":"NA",
            "3km이내백화점수":1,
            "5km이내아울렛몰수":0,
            "1km이내대형먀트수":0,
            "500m이내은행수":1,
            "500m이내병원수":11,
            "5km이내대형병원수":5,
            "500m이내공원수":0,
            "3km이내혐오시설수":0,
            "초등학교학업성취도":90.0,
            "중학교학업성취도":67.5,
            "용적률":0,
            "건폐율":0,
            "Y":36.048154,
            "X":129.368821,
            "rank":106.0,
            "area_info":"14평(48.17), 14평(48.15), 14평(48.07), 18평(61.65), 19평(62.81), 19평(63.9), 20평(66.38)",
            "last_sales":"1800-01-01,nan,14평(48.17)",
            "rank_history":[
                [
                    "202202",
                    106
                ],
                [
                    "202201",
                    112
                ]
            ],
            "rank_gap":6
        },
        {
            "index":295,
            "아파트명":"장성경성홈타운",
            "투자타입":"일반",
            "전용면적(m2)":"84.21",
            "전용면적(평)":"25평",
            "법정동주소":"경상북도 포항시 북구 장성동 1560-1",
            "도로명주소":"경상북도 포항시 북구 장량로32번길 55",
            "세대수":0,
            "입주년차":20,
            "용적률점수":"--",
            "건폐율점수":"--",
            "세대당주차수":30,
            "난방방식":30,
            "공급면적":"--",
            "전용률":"--",
            "욕실수":50,
            "현관타입":100,
            "주거총점":26.5,
            "지역구공급총점":0.0,
            "역세권":"NA",
            "30분내 이동가능 거점":"NA",
            "1시간내 이동가능 거점":"NA",
            "교통총점":"NA",
            "백화점":0,
            "아울렛몰":0,
            "대형마트":80,
            "은행":0,
            "병원":10,
            "종합병원":80,
            "공원":100,
            "혐오시설":0,
            "인프라총점":32.0,
            "초등학군":89.98,
            "중학군":52.92,
            "학군총점":60.332,
            "인구수":28.98,
            "인구증감":-2.28,
            "인구총점":19.602,
            "일자리":16.78,
            "소득수준":81.3,
            "일자리총점":36.136,
            "가치 총점":37.158,
            "매매실거래년":20211211.0,
            "매매실거래가":16400.0,
            "전세실거래년":20151216.0,
            "전세실거래가":7000.0,
            "전세가율":70.71,
            "장기전세가율평균":78.19,
            "전세가율거품지수":7.48,
            "검색코드":101138,
            "세대수":217.0,
            "준공년월":"2003-12-30",
            "준공년차":20.0,
            "가까운역이름":"NA",
            "가까운역거리":"NA",
            "역세권여부":"NA",
            "30분이내주요거점역":"NA",
            "30분거점역이름":"NA",
            "1시간이내주요거점역":"NA",
            "1시간거점역이름":"NA",
            "3km이내백화점수":0,
            "5km이내아울렛몰수":0,
            "1km이내대형먀트수":1,
            "500m이내은행수":0,
            "500m이내병원수":2,
            "5km이내대형병원수":1,
            "500m이내공원수":6,
            "3km이내혐오시설수":0,
            "초등학교학업성취도":89.98,
            "중학교학업성취도":88.0,
            "용적률":214,
            "건폐율":23,
            "Y":36.078135,
            "X":129.384772,
            "rank":107.0,
            "area_info":"25평(84.21), 31평(103.99)",
            "last_sales":"2021-12-11,16400.0,31평(103.99)",
            "rank_history":[
                [
                    "202202",
                    107
                ],
                [
                    "202201",
                    104
                ]
            ],
            "rank_gap":-3
        },
        {
            "index":247,
            "아파트명":"우현화성타운",
            "투자타입":"재건축",
            "전용면적(m2)":"98.09",
            "전용면적(평)":"29평",
            "법정동주소":"경상북도 포항시 북구 우현동 335-4",
            "도로명주소":"경상북도 포항시 북구 아치로55번길 4",
            "세대수":0,
            "입주년차":"--",
            "용적률점수":0,
            "건폐율점수":0,
            "세대당주차수":"--",
            "난방방식":"--",
            "공급면적":70,
            "전용률":60,
            "욕실수":"--",
            "현관타입":"--",
            "주거총점":6.5,
            "지역구공급총점":0.0,
            "역세권":"NA",
            "30분내 이동가능 거점":"NA",
            "1시간내 이동가능 거점":"NA",
            "교통총점":"NA",
            "백화점":100,
            "아울렛몰":0,
            "대형마트":0,
            "은행":0,
            "병원":0,
            "종합병원":100,
            "공원":0,
            "혐오시설":0,
            "인프라총점":50.0,
            "초등학군":89.98,
            "중학군":50.6,
            "학군총점":58.476,
            "인구수":28.98,
            "인구증감":-2.28,
            "인구총점":19.602,
            "일자리":16.78,
            "소득수준":81.3,
            "일자리총점":36.136,
            "가치 총점":36.894,
            "매매실거래년":20220112.0,
            "매매실거래가":13500.0,
            "전세실거래년":20210730.0,
            "전세실거래가":7500.0,
            "전세가율":55.56,
            "장기전세가율평균":78.19,
            "전세가율거품지수":22.63,
            "검색코드":7241,
            "세대수":282.0,
            "준공년월":"1992-09-26",
            "준공년차":31.0,
            "가까운역이름":"NA",
            "가까운역거리":"NA",
            "역세권여부":"NA",
            "30분이내주요거점역":"NA",
            "30분거점역이름":"NA",
            "1시간이내주요거점역":"NA",
            "1시간거점역이름":"NA",
            "3km이내백화점수":1,
            "5km이내아울렛몰수":0,
            "1km이내대형먀트수":0,
            "500m이내은행수":0,
            "500m이내병원수":1,
            "5km이내대형병원수":5,
            "500m이내공원수":0,
            "3km이내혐오시설수":0,
            "초등학교학업성취도":89.98,
            "중학교학업성취도":83.8,
            "용적률":0,
            "건폐율":0,
            "Y":36.051241,
            "X":129.354957,
            "rank":108.0,
            "area_info":"29평(98.09), 34평(114.86)",
            "last_sales":"2022-01-12,13500.0,29평(98.09)",
            "rank_history":[
                [
                    "202202",
                    108
                ],
                [
                    "202201",
                    109
                ]
            ],
            "rank_gap":1
        },
        {
            "index":511,
            "아파트명":"초곡리슈빌",
            "투자타입":"일반",
            "전용면적(m2)":"112.28",
            "전용면적(평)":"33평",
            "법정동주소":"경상북도 포항시 북구 흥해읍 초곡리 1768",
            "도로명주소":"경상북도 포항시 북구 초곡지구로58번길 65-9",
            "세대수":50,
            "입주년차":80,
            "용적률점수":"--",
            "건폐율점수":"--",
            "세대당주차수":60,
            "난방방식":30,
            "공급면적":"--",
            "전용률":"--",
            "욕실수":100,
            "현관타입":100,
            "주거총점":65.5,
            "지역구공급총점":0.0,
            "역세권":"NA",
            "30분내 이동가능 거점":"NA",
            "1시간내 이동가능 거점":"NA",
            "교통총점":"NA",
            "백화점":0,
            "아울렛몰":0,
            "대형마트":0,
            "은행":0,
            "병원":10,
            "종합병원":0,
            "공원":0,
            "혐오시설":0,
            "인프라총점":1.0,
            "초등학군":90.0,
            "중학군":43.26,
            "학군총점":52.608,
            "인구수":28.98,
            "인구증감":-2.28,
            "인구총점":19.602,
            "일자리":16.78,
            "소득수준":81.3,
            "일자리총점":36.136,
            "가치 총점":36.477,
            "매매실거래년":20211001.0,
            "매매실거래가":31300.0,
            "전세실거래년":20211008.0,
            "전세실거래가":30000.0,
            "전세가율":95.85,
            "장기전세가율평균":78.19,
            "전세가율거품지수":-17.66,
            "검색코드":115312,
            "세대수":646.0,
            "준공년월":"2018-09-14",
            "준공년차":5.0,
            "가까운역이름":"NA",
            "가까운역거리":"NA",
            "역세권여부":"NA",
            "30분이내주요거점역":"NA",
            "30분거점역이름":"NA",
            "1시간이내주요거점역":"NA",
            "1시간거점역이름":"NA",
            "3km이내백화점수":0,
            "5km이내아울렛몰수":0,
            "1km이내대형먀트수":0,
            "500m이내은행수":0,
            "500m이내병원수":3,
            "5km이내대형병원수":0,
            "500m이내공원수":0,
            "3km이내혐오시설수":0,
            "초등학교학업성취도":90.0,
            "중학교학업성취도":71.5,
            "용적률":212,
            "건폐율":14,
            "Y":36.095739,
            "X":129.333842,
            "rank":109.0,
            "area_info":"33평(112.28), 33평(112.07), 39평(132.05)",
            "last_sales":"2021-10-01,31300.0,33평(112.28)",
            "rank_history":[
                [
                    "202202",
                    109
                ],
                [
                    "202201",
                    110
                ]
            ],
            "rank_gap":1
        },
        {
            "index":148,
            "아파트명":"신도",
            "투자타입":"재건축",
            "전용면적(m2)":"54.0",
            "전용면적(평)":"16평",
            "법정동주소":"경상북도 포항시 북구 용흥동 536",
            "도로명주소":"경상북도 포항시 북구 용흥로 102",
            "세대수":0,
            "입주년차":"--",
            "용적률점수":0,
            "건폐율점수":0,
            "세대당주차수":"--",
            "난방방식":"--",
            "공급면적":50,
            "전용률":80,
            "욕실수":"--",
            "현관타입":"--",
            "주거총점":6.5,
            "지역구공급총점":0.0,
            "역세권":"NA",
            "30분내 이동가능 거점":"NA",
            "1시간내 이동가능 거점":"NA",
            "교통총점":"NA",
            "백화점":100,
            "아울렛몰":0,
            "대형마트":0,
            "은행":0,
            "병원":30,
            "종합병원":100,
            "공원":0,
            "혐오시설":0,
            "인프라총점":53.0,
            "초등학군":90.02,
            "중학군":42.24,
            "학군총점":51.796,
            "인구수":28.98,
            "인구증감":-2.28,
            "인구총점":19.602,
            "일자리":16.78,
            "소득수준":81.3,
            "일자리총점":36.136,
            "가치 총점":36.424,
            "매매실거래년":"18000101",
            "매매실거래가":null,
            "전세실거래년":null,
            "전세실거래가":null,
            "전세가율":null,
            "장기전세가율평균":78.19,
            "전세가율거품지수":null,
            "검색코드":130846,
            "세대수":125.0,
            "준공년월":"1985-10-24",
            "준공년차":38.0,
            "가까운역이름":"NA",
            "가까운역거리":"NA",
            "역세권여부":"NA",
            "30분이내주요거점역":"NA",
            "30분거점역이름":"NA",
            "1시간이내주요거점역":"NA",
            "1시간거점역이름":"NA",
            "3km이내백화점수":1,
            "5km이내아울렛몰수":0,
            "1km이내대형먀트수":0,
            "500m이내은행수":0,
            "500m이내병원수":5,
            "5km이내대형병원수":5,
            "500m이내공원수":0,
            "3km이내혐오시설수":0,
            "초등학교학업성취도":90.02,
            "중학교학업성취도":70.4,
            "용적률":0,
            "건폐율":0,
            "Y":36.037778,
            "X":129.349708,
            "rank":110.0,
            "area_info":"16평(54.0), 16평(54.72), 16평(54.81), 18평(59.94), 17평(59.4), 18평(60.48), 18평(62.37), 19평(65.25), 20평(66.6)",
            "last_sales":"1800-01-01,nan,16평(54.0)",
            "rank_history":[
                [
                    "202202",
                    110
                ],
                [
                    "202201",
                    106
                ]
            ],
            "rank_gap":-4
        },
        {
            "index":76,
            "아파트명":"경성양학마을",
            "투자타입":"일반",
            "전용면적(m2)":"59.54",
            "전용면적(평)":"18평",
            "법정동주소":"경상북도 포항시 북구 득량동 216",
            "도로명주소":"경상북도 포항시 북구 양학로 149",
            "세대수":0,
            "입주년차":20,
            "용적률점수":"--",
            "건폐율점수":"--",
            "세대당주차수":0,
            "난방방식":30,
            "공급면적":"--",
            "전용률":"--",
            "욕실수":50,
            "현관타입":100,
            "주거총점":22.0,
            "지역구공급총점":0.0,
            "역세권":"NA",
            "30분내 이동가능 거점":"NA",
            "1시간내 이동가능 거점":"NA",
            "교통총점":"NA",
            "백화점":0,
            "아울렛몰":0,
            "대형마트":80,
            "은행":0,
            "병원":10,
            "종합병원":100,
            "공원":80,
            "혐오시설":0,
            "인프라총점":35.4,
            "초등학군":90.0,
            "중학군":47.24,
            "학군총점":55.792,
            "인구수":28.98,
            "인구증감":-2.28,
            "인구총점":19.602,
            "일자리":16.78,
            "소득수준":81.3,
            "일자리총점":36.136,
            "가치 총점":35.808,
            "매매실거래년":20220118.0,
            "매매실거래가":8800.0,
            "전세실거래년":20210112.0,
            "전세실거래가":6500.0,
            "전세가율":110.17,
            "장기전세가율평균":78.19,
            "전세가율거품지수":-31.98,
            "검색코드":100848,
            "세대수":208.0,
            "준공년월":"2001-08-01",
            "준공년차":22.0,
            "가까운역이름":"NA",
            "가까운역거리":"NA",
            "역세권여부":"NA",
            "30분이내주요거점역":"NA",
            "30분거점역이름":"NA",
            "1시간이내주요거점역":"NA",
            "1시간거점역이름":"NA",
            "3km이내백화점수":0,
            "5km이내아울렛몰수":0,
            "1km이내대형먀트수":1,
            "500m이내은행수":0,
            "500m이내병원수":4,
            "5km이내대형병원수":5,
            "500m이내공원수":1,
            "3km이내혐오시설수":0,
            "초등학교학업성취도":90.0,
            "중학교학업성취도":78.4,
            "용적률":0,
            "건폐율":0,
            "Y":36.033986,
            "X":129.341025,
            "rank":111.0,
            "area_info":"18평(59.54), 23평(77.36), 23평(78.16), 26평(88.19)",
            "last_sales":"2022-01-18,8800.0,23평(77.36)",
            "rank_history":[
                [
                    "202202",
                    111
                ],
                [
                    "202201",
                    117
                ]
            ],
            "rank_gap":6
        },
        {
            "index":339,
            "아파트명":"준양센스빌",
            "투자타입":"일반",
            "전용면적(m2)":"66.79",
            "전용면적(평)":"20평",
            "법정동주소":"경상북도 포항시 북구 장성동 1574-1",
            "도로명주소":"경상북도 포항시 북구 새천년대로1259번길 10",
            "세대수":0,
            "입주년차":20,
            "용적률점수":"--",
            "건폐율점수":"--",
            "세대당주차수":0,
            "난방방식":30,
            "공급면적":"--",
            "전용률":"--",
            "욕실수":50,
            "현관타입":50,
            "주거총점":17.0,
            "지역구공급총점":0.0,
            "역세권":"NA",
            "30분내 이동가능 거점":"NA",
            "1시간내 이동가능 거점":"NA",
            "교통총점":"NA",
            "백화점":0,
            "아울렛몰":0,
            "대형마트":80,
            "은행":0,
            "병원":10,
            "종합병원":80,
            "공원":100,
            "혐오시설":0,
            "인프라총점":32.0,
            "초등학군":89.99,
            "중학군":47.9,
            "학군총점":56.318,
            "인구수":28.98,
            "인구증감":-2.28,
            "인구총점":19.602,
            "일자리":16.78,
            "소득수준":81.3,
            "일자리총점":36.136,
            "가치 총점":32.8295,
            "매매실거래년":20211107.0,
            "매매실거래가":8500.0,
            "전세실거래년":null,
            "전세실거래가":null,
            "전세가율":null,
            "장기전세가율평균":78.19,
            "전세가율거품지수":null,
            "검색코드":106562,
            "세대수":129.0,
            "준공년월":"2003-04-07",
            "준공년차":20.0,
            "가까운역이름":"NA",
            "가까운역거리":"NA",
            "역세권여부":"NA",
            "30분이내주요거점역":"NA",
            "30분거점역이름":"NA",
            "1시간이내주요거점역":"NA",
            "1시간거점역이름":"NA",
            "3km이내백화점수":0,
            "5km이내아울렛몰수":0,
            "1km이내대형먀트수":1,
            "500m이내은행수":0,
            "500m이내병원수":2,
            "5km이내대형병원수":1,
            "500m이내공원수":6,
            "3km이내혐오시설수":0,
            "초등학교학업성취도":89.99,
            "중학교학업성취도":79.3,
            "용적률":137,
            "건폐율":29,
            "Y":36.075653,
            "X":129.38505,
            "rank":112.0,
            "area_info":"20평(66.79), 20평(68.63), 22평(74.65)",
            "last_sales":"2021-11-07,8500.0,22평(74.65)",
            "rank_history":[
                [
                    "202202",
                    112
                ],
                [
                    "202201",
                    115
                ]
            ],
            "rank_gap":3
        },
        {
            "index":95,
            "아파트명":"인화",
            "투자타입":"재건축",
            "전용면적(m2)":"50.13",
            "전용면적(평)":"15평",
            "법정동주소":"경상북도 포항시 북구 득량동 171-1",
            "도로명주소":"경상북도 포항시 북구 양학로 73",
            "세대수":0,
            "입주년차":"--",
            "용적률점수":0,
            "건폐율점수":0,
            "세대당주차수":"--",
            "난방방식":"--",
            "공급면적":50,
            "전용률":80,
            "욕실수":"--",
            "현관타입":"--",
            "주거총점":6.5,
            "지역구공급총점":0.0,
            "역세권":"NA",
            "30분내 이동가능 거점":"NA",
            "1시간내 이동가능 거점":"NA",
            "교통총점":"NA",
            "백화점":0,
            "아울렛몰":0,
            "대형마트":80,
            "은행":0,
            "병원":30,
            "종합병원":100,
            "공원":80,
            "혐오시설":0,
            "인프라총점":37.4,
            "초등학군":90.01,
            "중학군":54.08,
            "학군총점":61.266,
            "인구수":28.98,
            "인구증감":-2.28,
            "인구총점":19.602,
            "일자리":16.78,
            "소득수준":81.3,
            "일자리총점":36.136,
            "가치 총점":32.5515,
            "매매실거래년":20220122.0,
            "매매실거래가":11900.0,
            "전세실거래년":20220112.0,
            "전세실거래가":5000.0,
            "전세가율":42.02,
            "장기전세가율평균":78.19,
            "전세가율거품지수":36.17,
            "검색코드":112766,
            "세대수":166.0,
            "준공년월":"1986-07-02",
            "준공년차":37.0,
            "가까운역이름":"NA",
            "가까운역거리":"NA",
            "역세권여부":"NA",
            "30분이내주요거점역":"NA",
            "30분거점역이름":"NA",
            "1시간이내주요거점역":"NA",
            "1시간거점역이름":"NA",
            "3km이내백화점수":0,
            "5km이내아울렛몰수":0,
            "1km이내대형먀트수":1,
            "500m이내은행수":0,
            "500m이내병원수":6,
            "5km이내대형병원수":5,
            "500m이내공원수":1,
            "3km이내혐오시설수":0,
            "초등학교학업성취도":90.01,
            "중학교학업성취도":89.2,
            "용적률":0,
            "건폐율":0,
            "Y":36.028868,
            "X":129.346519,
            "rank":113.0,
            "area_info":"15평(50.13)",
            "last_sales":"2022-01-22,11900.0,15평(50.13)",
            "rank_history":[
                [
                    "202202",
                    113
                ],
                [
                    "202201",
                    120
                ]
            ],
            "rank_gap":7
        },
        {
            "index":471,
            "아파트명":"금아드림팰리스",
            "투자타입":"일반",
            "전용면적(m2)":"88.07",
            "전용면적(평)":"26평",
            "법정동주소":"경상북도 포항시 북구 흥해읍 옥성리 176-1",
            "도로명주소":"경상북도 포항시 북구 동해대로1475번길 36",
            "세대수":0,
            "입주년차":80,
            "용적률점수":"--",
            "건폐율점수":"--",
            "세대당주차수":30,
            "난방방식":30,
            "공급면적":"--",
            "전용률":"--",
            "욕실수":100,
            "현관타입":100,
            "주거총점":43.5,
            "지역구공급총점":0.0,
            "역세권":"NA",
            "30분내 이동가능 거점":"NA",
            "1시간내 이동가능 거점":"NA",
            "교통총점":"NA",
            "백화점":0,
            "아울렛몰":0,
            "대형마트":0,
            "은행":0,
            "병원":10,
            "종합병원":0,
            "공원":100,
            "혐오시설":0,
            "인프라총점":4.0,
            "초등학군":90.03,
            "중학군":43.26,
            "학군총점":52.614,
            "인구수":28.98,
            "인구증감":-2.28,
            "인구총점":19.602,
            "일자리":16.78,
            "소득수준":81.3,
            "일자리총점":36.136,
            "가치 총점":29.9785,
            "매매실거래년":20211201.0,
            "매매실거래가":18400.0,
            "전세실거래년":20200804.0,
            "전세실거래가":13000.0,
            "전세가율":79.27,
            "장기전세가율평균":78.19,
            "전세가율거품지수":-1.08,
            "검색코드":109400,
            "세대수":157.0,
            "준공년월":"2015-10-01",
            "준공년차":8.0,
            "가까운역이름":"NA",
            "가까운역거리":"NA",
            "역세권여부":"NA",
            "30분이내주요거점역":"NA",
            "30분거점역이름":"NA",
            "1시간이내주요거점역":"NA",
            "1시간거점역이름":"NA",
            "3km이내백화점수":0,
            "5km이내아울렛몰수":0,
            "1km이내대형먀트수":0,
            "500m이내은행수":0,
            "500m이내병원수":2,
            "5km이내대형병원수":0,
            "500m이내공원수":3,
            "3km이내혐오시설수":0,
            "초등학교학업성취도":90.03,
            "중학교학업성취도":71.5,
            "용적률":196,
            "건폐율":19,
            "Y":36.106173,
            "X":129.340285,
            "rank":114.0,
            "area_info":"26평(88.07), 30평(101.59), 32평(105.83), 33평(109.11), 33평(109.74), 33평(109.47)",
            "last_sales":"2021-12-01,18400.0,33평(109.11)",
            "rank_history":[
                [
                    "202202",
                    114
                ],
                [
                    "202201",
                    118
                ]
            ],
            "rank_gap":4
        },
        {
            "index":529,
            "아파트명":"학천삼도미래타운2차",
            "투자타입":"일반",
            "전용면적(m2)":"76.03",
            "전용면적(평)":"22평",
            "법정동주소":"경상북도 포항시 북구 흥해읍 학천리 806-5",
            "도로명주소":"경상북도 포항시 북구 도음로 902",
            "세대수":0,
            "입주년차":20,
            "용적률점수":"--",
            "건폐율점수":"--",
            "세대당주차수":0,
            "난방방식":30,
            "공급면적":"--",
            "전용률":"--",
            "욕실수":50,
            "현관타입":10,
            "주거총점":13.0,
            "지역구공급총점":0.0,
            "역세권":"NA",
            "30분내 이동가능 거점":"NA",
            "1시간내 이동가능 거점":"NA",
            "교통총점":"NA",
            "백화점":0,
            "아울렛몰":0,
            "대형마트":0,
            "은행":0,
            "병원":10,
            "종합병원":100,
            "공원":0,
            "혐오시설":0,
            "인프라총점":21.0,
            "초등학군":89.99,
            "중학군":58.24,
            "학군총점":64.59,
            "인구수":28.98,
            "인구증감":-2.28,
            "인구총점":19.602,
            "일자리":16.78,
            "소득수준":81.3,
            "일자리총점":36.136,
            "가치 총점":29.0975,
            "매매실거래년":20220126.0,
            "매매실거래가":7100.0,
            "전세실거래년":20210415.0,
            "전세실거래가":3500.0,
            "전세가율":49.3,
            "장기전세가율평균":78.19,
            "전세가율거품지수":28.89,
            "검색코드":27249,
            "세대수":245.0,
            "준공년월":"2000-10-30",
            "준공년차":23.0,
            "가까운역이름":"NA",
            "가까운역거리":"NA",
            "역세권여부":"NA",
            "30분이내주요거점역":"NA",
            "30분거점역이름":"NA",
            "1시간이내주요거점역":"NA",
            "1시간거점역이름":"NA",
            "3km이내백화점수":0,
            "5km이내아울렛몰수":0,
            "1km이내대형먀트수":0,
            "500m이내은행수":0,
            "500m이내병원수":2,
            "5km이내대형병원수":2,
            "500m이내공원수":0,
            "3km이내혐오시설수":0,
            "초등학교학업성취도":89.99,
            "중학교학업성취도":96.6,
            "용적률":253,
            "건폐율":24,
            "Y":36.07806,
            "X":129.332503,
            "rank":115.0,
            "area_info":"22평(76.03), 29평(96.79), 33평(112.08)",
            "last_sales":"2022-01-26,7100.0,22평(76.03)",
            "rank_history":[
                [
                    "202202",
                    115
                ],
                [
                    "202201",
                    119
                ]
            ],
            "rank_gap":4
        },
        {
            "index":454,
            "아파트명":"해림",
            "투자타입":"재건축",
            "전용면적(m2)":"75.14",
            "전용면적(평)":"22평",
            "법정동주소":"경상북도 포항시 북구 환호동 309-1",
            "도로명주소":"경상북도 포항시 북구 삼호로 450",
            "세대수":0,
            "입주년차":"--",
            "용적률점수":0,
            "건폐율점수":0,
            "세대당주차수":"--",
            "난방방식":"--",
            "공급면적":50,
            "전용률":80,
            "욕실수":"--",
            "현관타입":"--",
            "주거총점":6.5,
            "지역구공급총점":0.0,
            "역세권":"NA",
            "30분내 이동가능 거점":"NA",
            "1시간내 이동가능 거점":"NA",
            "교통총점":"NA",
            "백화점":0,
            "아울렛몰":0,
            "대형마트":0,
            "은행":0,
            "병원":10,
            "종합병원":80,
            "공원":100,
            "혐오시설":0,
            "인프라총점":20.0,
            "초등학군":90.08,
            "중학군":47.9,
            "학군총점":56.336,
            "인구수":28.98,
            "인구증감":-2.28,
            "인구총점":19.602,
            "일자리":16.78,
            "소득수준":81.3,
            "일자리총점":36.136,
            "가치 총점":24.359,
            "매매실거래년":20211208.0,
            "매매실거래가":19500.0,
            "전세실거래년":20171120.0,
            "전세실거래가":5500.0,
            "전세가율":34.38,
            "장기전세가율평균":78.19,
            "전세가율거품지수":43.81,
            "검색코드":7375,
            "세대수":170.0,
            "준공년월":"1989-12-19",
            "준공년차":34.0,
            "가까운역이름":"NA",
            "가까운역거리":"NA",
            "역세권여부":"NA",
            "30분이내주요거점역":"NA",
            "30분거점역이름":"NA",
            "1시간이내주요거점역":"NA",
            "1시간거점역이름":"NA",
            "3km이내백화점수":0,
            "5km이내아울렛몰수":0,
            "1km이내대형먀트수":0,
            "500m이내은행수":0,
            "500m이내병원수":3,
            "5km이내대형병원수":1,
            "500m이내공원수":3,
            "3km이내혐오시설수":0,
            "초등학교학업성취도":90.08,
            "중학교학업성취도":79.3,
            "용적률":0,
            "건폐율":0,
            "Y":36.069119,
            "X":129.396702,
            "rank":116.0,
            "area_info":"22평(75.14), 25평(84.74), 27평(89.67), 28평(94.36)",
            "last_sales":"2021-12-08,19500.0,25평(84.74)",
            "rank_history":[
                [
                    "202202",
                    116
                ],
                [
                    "202201",
                    121
                ]
            ],
            "rank_gap":5
        },
        {
            "index":451,
            "아파트명":"청우해변타운",
            "투자타입":"재건축",
            "전용면적(m2)":"65.63",
            "전용면적(평)":"19평",
            "법정동주소":"경상북도 포항시 북구 환호동 321-3",
            "도로명주소":"경상북도 포항시 북구 환호공원길 53-4",
            "세대수":0,
            "입주년차":"--",
            "용적률점수":0,
            "건폐율점수":0,
            "세대당주차수":"--",
            "난방방식":"--",
            "공급면적":50,
            "전용률":80,
            "욕실수":"--",
            "현관타입":"--",
            "주거총점":6.5,
            "지역구공급총점":0.0,
            "역세권":"NA",
            "30분내 이동가능 거점":"NA",
            "1시간내 이동가능 거점":"NA",
            "교통총점":"NA",
            "백화점":0,
            "아울렛몰":0,
            "대형마트":0,
            "은행":0,
            "병원":10,
            "종합병원":80,
            "공원":100,
            "혐오시설":0,
            "인프라총점":20.0,
            "초등학군":89.99,
            "중학군":47.9,
            "학군총점":56.318,
            "인구수":28.98,
            "인구증감":-2.28,
            "인구총점":19.602,
            "일자리":16.78,
            "소득수준":81.3,
            "일자리총점":36.136,
            "가치 총점":24.3545,
            "매매실거래년":20211004.0,
            "매매실거래가":15500.0,
            "전세실거래년":20211130.0,
            "전세실거래가":6000.0,
            "전세가율":85.71,
            "장기전세가율평균":78.19,
            "전세가율거품지수":-7.52,
            "검색코드":16431,
            "세대수":114.0,
            "준공년월":"1992-11-20",
            "준공년차":31.0,
            "가까운역이름":"NA",
            "가까운역거리":"NA",
            "역세권여부":"NA",
            "30분이내주요거점역":"NA",
            "30분거점역이름":"NA",
            "1시간이내주요거점역":"NA",
            "1시간거점역이름":"NA",
            "3km이내백화점수":0,
            "5km이내아울렛몰수":0,
            "1km이내대형먀트수":0,
            "500m이내은행수":0,
            "500m이내병원수":4,
            "5km이내대형병원수":1,
            "500m이내공원수":4,
            "3km이내혐오시설수":0,
            "초등학교학업성취도":89.99,
            "중학교학업성취도":79.3,
            "용적률":0,
            "건폐율":0,
            "Y":36.068561,
            "X":129.395138,
            "rank":117.0,
            "area_info":"19평(65.63), 20평(68.2), 23평(78.86)",
            "last_sales":"2021-10-04,15500.0,23평(78.86)",
            "rank_history":[
                [
                    "202202",
                    117
                ],
                [
                    "202201",
                    122
                ]
            ],
            "rank_gap":5
        },
        {
            "index":477,
            "아파트명":"남성타운",
            "투자타입":"일반",
            "전용면적(m2)":"61.22",
            "전용면적(평)":"18평",
            "법정동주소":"경상북도 포항시 북구 흥해읍 남성리 284",
            "도로명주소":"경상북도 포항시 북구 중성로52번길 13",
            "세대수":0,
            "입주년차":0,
            "용적률점수":"--",
            "건폐율점수":"--",
            "세대당주차수":0,
            "난방방식":30,
            "공급면적":"--",
            "전용률":"--",
            "욕실수":50,
            "현관타입":100,
            "주거총점":18.0,
            "지역구공급총점":0.0,
            "역세권":"NA",
            "30분내 이동가능 거점":"NA",
            "1시간내 이동가능 거점":"NA",
            "교통총점":"NA",
            "백화점":0,
            "아울렛몰":0,
            "대형마트":0,
            "은행":0,
            "병원":60,
            "종합병원":0,
            "공원":100,
            "혐오시설":0,
            "인프라총점":9.0,
            "초등학군":90.03,
            "중학군":43.26,
            "학군총점":52.614,
            "인구수":28.98,
            "인구증감":-2.28,
            "인구총점":19.602,
            "일자리":16.78,
            "소득수준":81.3,
            "일자리총점":36.136,
            "가치 총점":23.0535,
            "매매실거래년":20211029.0,
            "매매실거래가":4000.0,
            "전세실거래년":20180525.0,
            "전세실거래가":1000.0,
            "전세가율":25.0,
            "장기전세가율평균":78.19,
            "전세가율거품지수":53.19,
            "검색코드":106565,
            "세대수":120.0,
            "준공년월":"1994-04-08",
            "준공년차":29.0,
            "가까운역이름":"NA",
            "가까운역거리":"NA",
            "역세권여부":"NA",
            "30분이내주요거점역":"NA",
            "30분거점역이름":"NA",
            "1시간이내주요거점역":"NA",
            "1시간거점역이름":"NA",
            "3km이내백화점수":0,
            "5km이내아울렛몰수":0,
            "1km이내대형먀트수":0,
            "500m이내은행수":0,
            "500m이내병원수":18,
            "5km이내대형병원수":0,
            "500m이내공원수":3,
            "3km이내혐오시설수":0,
            "초등학교학업성취도":90.03,
            "중학교학업성취도":71.5,
            "용적률":0,
            "건폐율":0,
            "Y":36.107955,
            "X":129.349345,
            "rank":118.0,
            "area_info":"18평(61.22), 18평(61.15), 20평(66.86), 31평(103.06)",
            "last_sales":"2021-10-29,4000.0,20평(66.86)",
            "rank_history":[
                [
                    "202202",
                    118
                ],
                [
                    "202201",
                    123
                ]
            ],
            "rank_gap":5
        },
        {
            "index":468,
            "아파트명":"금성타워",
            "투자타입":"재건축",
            "전용면적(m2)":"81.37",
            "전용면적(평)":"24평",
            "법정동주소":"경상북도 포항시 북구 흥해읍 남성리 358",
            "도로명주소":"경상북도 포항시 북구 남미질로 47",
            "세대수":0,
            "입주년차":"--",
            "용적률점수":0,
            "건폐율점수":40,
            "세대당주차수":"--",
            "난방방식":"--",
            "공급면적":70,
            "전용률":60,
            "욕실수":"--",
            "현관타입":"--",
            "주거총점":14.5,
            "지역구공급총점":0.0,
            "역세권":"NA",
            "30분내 이동가능 거점":"NA",
            "1시간내 이동가능 거점":"NA",
            "교통총점":"NA",
            "백화점":0,
            "아울렛몰":0,
            "대형마트":0,
            "은행":0,
            "병원":60,
            "종합병원":0,
            "공원":80,
            "혐오시설":0,
            "인프라총점":8.4,
            "초등학군":90.03,
            "중학군":43.26,
            "학군총점":52.614,
            "인구수":28.98,
            "인구증감":-2.28,
            "인구총점":19.602,
            "일자리":16.78,
            "소득수준":81.3,
            "일자리총점":36.136,
            "가치 총점":21.5885,
            "매매실거래년":20211106.0,
            "매매실거래가":6100.0,
            "전세실거래년":20211224.0,
            "전세실거래가":3500.0,
            "전세가율":57.38,
            "장기전세가율평균":78.19,
            "전세가율거품지수":20.81,
            "검색코드":16433,
            "세대수":172.0,
            "준공년월":"1992-12-17",
            "준공년차":31.0,
            "가까운역이름":"NA",
            "가까운역거리":"NA",
            "역세권여부":"NA",
            "30분이내주요거점역":"NA",
            "30분거점역이름":"NA",
            "1시간이내주요거점역":"NA",
            "1시간거점역이름":"NA",
            "3km이내백화점수":0,
            "5km이내아울렛몰수":0,
            "1km이내대형먀트수":0,
            "500m이내은행수":0,
            "500m이내병원수":11,
            "5km이내대형병원수":0,
            "500m이내공원수":1,
            "3km이내혐오시설수":0,
            "초등학교학업성취도":90.03,
            "중학교학업성취도":71.5,
            "용적률":350,
            "건폐율":38,
            "Y":36.105891,
            "X":129.348576,
            "rank":119.0,
            "area_info":"24평(81.37), 26평(87.19), 32평(107.24)",
            "last_sales":"2021-11-06,6100.0,24평(81.37)",
            "rank_history":[
                [
                    "202202",
                    119
                ],
                [
                    "202201",
                    125
                ]
            ],
            "rank_gap":6
        },
        {
            "index":538,
            "아파트명":"흥해상용신세계그린타운",
            "투자타입":"일반",
            "전용면적(m2)":"73.28",
            "전용면적(평)":"22평",
            "법정동주소":"경상북도 포항시 북구 흥해읍 약성리 233-1",
            "도로명주소":"경상북도 포항시 북구 동해대로1586번길 21",
            "세대수":0,
            "입주년차":0,
            "용적률점수":"--",
            "건폐율점수":"--",
            "세대당주차수":0,
            "난방방식":30,
            "공급면적":"--",
            "전용률":"--",
            "욕실수":50,
            "현관타입":100,
            "주거총점":18.0,
            "지역구공급총점":0.0,
            "역세권":"NA",
            "30분내 이동가능 거점":"NA",
            "1시간내 이동가능 거점":"NA",
            "교통총점":"NA",
            "백화점":0,
            "아울렛몰":0,
            "대형마트":0,
            "은행":0,
            "병원":30,
            "종합병원":0,
            "공원":0,
            "혐오시설":0,
            "인프라총점":3.0,
            "초등학군":89.97,
            "중학군":43.26,
            "학군총점":52.602,
            "인구수":28.98,
            "인구증감":-2.28,
            "인구총점":19.602,
            "일자리":16.78,
            "소득수준":81.3,
            "일자리총점":36.136,
            "가치 총점":20.6505,
            "매매실거래년":20211223.0,
            "매매실거래가":8000.0,
            "전세실거래년":20200922.0,
            "전세실거래가":5500.0,
            "전세가율":68.75,
            "장기전세가율평균":78.19,
            "전세가율거품지수":9.44,
            "검색코드":16439,
            "세대수":119.0,
            "준공년월":"1997-05-19",
            "준공년차":26.0,
            "가까운역이름":"NA",
            "가까운역거리":"NA",
            "역세권여부":"NA",
            "30분이내주요거점역":"NA",
            "30분거점역이름":"NA",
            "1시간이내주요거점역":"NA",
            "1시간거점역이름":"NA",
            "3km이내백화점수":0,
            "5km이내아울렛몰수":0,
            "1km이내대형먀트수":0,
            "500m이내은행수":0,
            "500m이내병원수":7,
            "5km이내대형병원수":0,
            "500m이내공원수":0,
            "3km이내혐오시설수":0,
            "초등학교학업성취도":89.97,
            "중학교학업성취도":71.5,
            "용적률":0,
            "건폐율":0,
            "Y":36.113885,
            "X":129.343704,
            "rank":120.0,
            "area_info":"22평(73.28), 28평(95.75)",
            "last_sales":"2021-12-23,8000.0,22평(73.28)",
            "rank_history":[
                [
                    "202202",
                    120
                ],
                [
                    "202201",
                    124
                ]
            ],
            "rank_gap":4
        },
        {
            "index":507,
            "아파트명":"세종황제맨션",
            "투자타입":"일반",
            "전용면적(m2)":"67.72",
            "전용면적(평)":"20평",
            "법정동주소":"경상북도 포항시 북구 흥해읍 마산리 264",
            "도로명주소":"경상북도 포항시 북구 신흥로861번길 2",
            "세대수":0,
            "입주년차":0,
            "용적률점수":"--",
            "건폐율점수":"--",
            "세대당주차수":0,
            "난방방식":30,
            "공급면적":"--",
            "전용률":"--",
            "욕실수":50,
            "현관타입":100,
            "주거총점":18.0,
            "지역구공급총점":0.0,
            "역세권":"NA",
            "30분내 이동가능 거점":"NA",
            "1시간내 이동가능 거점":"NA",
            "교통총점":"NA",
            "백화점":0,
            "아울렛몰":0,
            "대형마트":0,
            "은행":0,
            "병원":0,
            "종합병원":0,
            "공원":0,
            "혐오시설":0,
            "인프라총점":0.0,
            "초등학군":89.97,
            "중학군":43.26,
            "학군총점":52.602,
            "인구수":28.98,
            "인구증감":-2.28,
            "인구총점":19.602,
            "일자리":16.78,
            "소득수준":81.3,
            "일자리총점":36.136,
            "가치 총점":19.4505,
            "매매실거래년":20220107.0,
            "매매실거래가":6850.0,
            "전세실거래년":20200213.0,
            "전세실거래가":4000.0,
            "전세가율":80.0,
            "장기전세가율평균":78.19,
            "전세가율거품지수":-1.81,
            "검색코드":16438,
            "세대수":210.0,
            "준공년월":"1993-03-13",
            "준공년차":30.0,
            "가까운역이름":"NA",
            "가까운역거리":"NA",
            "역세권여부":"NA",
            "30분이내주요거점역":"NA",
            "30분거점역이름":"NA",
            "1시간이내주요거점역":"NA",
            "1시간거점역이름":"NA",
            "3km이내백화점수":0,
            "5km이내아울렛몰수":0,
            "1km이내대형먀트수":0,
            "500m이내은행수":0,
            "500m이내병원수":0,
            "5km이내대형병원수":0,
            "500m이내공원수":0,
            "3km이내혐오시설수":0,
            "초등학교학업성취도":89.97,
            "중학교학업성취도":71.5,
            "용적률":322,
            "건폐율":30,
            "Y":36.11216,
            "X":129.33754,
            "rank":121.0,
            "area_info":"20평(67.72), 25평(83.66), 27평(89.27), 31평(103.07)",
            "last_sales":"2022-01-07,6850.0,27평(89.27)",
            "rank_history":[
                [
                    "202202",
                    121
                ],
                [
                    "202201",
                    126
                ]
            ],
            "rank_gap":5
        },
        {
            "index":532,
            "아파트명":"한동맨션",
            "투자타입":"일반",
            "전용면적(m2)":"78.66",
            "전용면적(평)":"23평",
            "법정동주소":"경상북도 포항시 북구 흥해읍 마산리 198",
            "도로명주소":"경상북도 포항시 북구 신흥로 870",
            "세대수":0,
            "입주년차":0,
            "용적률점수":"--",
            "건폐율점수":"--",
            "세대당주차수":0,
            "난방방식":30,
            "공급면적":"--",
            "전용률":"--",
            "욕실수":50,
            "현관타입":100,
            "주거총점":18.0,
            "지역구공급총점":0.0,
            "역세권":"NA",
            "30분내 이동가능 거점":"NA",
            "1시간내 이동가능 거점":"NA",
            "교통총점":"NA",
            "백화점":0,
            "아울렛몰":0,
            "대형마트":0,
            "은행":0,
            "병원":0,
            "종합병원":0,
            "공원":0,
            "혐오시설":0,
            "인프라총점":0.0,
            "초등학군":89.97,
            "중학군":43.26,
            "학군총점":52.602,
            "인구수":28.98,
            "인구증감":-2.28,
            "인구총점":19.602,
            "일자리":16.78,
            "소득수준":81.3,
            "일자리총점":36.136,
            "가치 총점":19.4505,
            "매매실거래년":20220124.0,
            "매매실거래가":6500.0,
            "전세실거래년":20210608.0,
            "전세실거래가":5500.0,
            "전세가율":84.62,
            "장기전세가율평균":78.19,
            "전세가율거품지수":-6.43,
            "검색코드":16441,
            "세대수":270.0,
            "준공년월":"1994-04-29",
            "준공년차":29.0,
            "가까운역이름":"NA",
            "가까운역거리":"NA",
            "역세권여부":"NA",
            "30분이내주요거점역":"NA",
            "30분거점역이름":"NA",
            "1시간이내주요거점역":"NA",
            "1시간거점역이름":"NA",
            "3km이내백화점수":0,
            "5km이내아울렛몰수":0,
            "1km이내대형먀트수":0,
            "500m이내은행수":0,
            "500m이내병원수":0,
            "5km이내대형병원수":0,
            "500m이내공원수":0,
            "3km이내혐오시설수":0,
            "초등학교학업성취도":89.97,
            "중학교학업성취도":71.5,
            "용적률":327,
            "건폐율":30,
            "Y":36.111742,
            "X":129.337126,
            "rank":121.0,
            "area_info":"23평(78.66), 24평(81.39)",
            "last_sales":"2022-01-24,6500.0,23평(78.66)",
            "rank_history":[
                [
                    "202202",
                    121
                ],
                [
                    "202201",
                    126
                ]
            ],
            "rank_gap":5
        },
        {
            "index":496,
            "아파트명":"만서세화타운",
            "투자타입":"재건축",
            "전용면적(m2)":"52.96",
            "전용면적(평)":"16평",
            "법정동주소":"경상북도 포항시 북구 흥해읍 중성리 48-5",
            "도로명주소":"경상북도 포항시 북구 중성로62번길 17-47",
            "세대수":0,
            "입주년차":"--",
            "용적률점수":0,
            "건폐율점수":0,
            "세대당주차수":"--",
            "난방방식":"--",
            "공급면적":50,
            "전용률":80,
            "욕실수":"--",
            "현관타입":"--",
            "주거총점":6.5,
            "지역구공급총점":0.0,
            "역세권":"NA",
            "30분내 이동가능 거점":"NA",
            "1시간내 이동가능 거점":"NA",
            "교통총점":"NA",
            "백화점":0,
            "아울렛몰":0,
            "대형마트":0,
            "은행":0,
            "병원":60,
            "종합병원":0,
            "공원":100,
            "혐오시설":0,
            "인프라총점":9.0,
            "초등학군":90.03,
            "중학군":43.26,
            "학군총점":52.614,
            "인구수":28.98,
            "인구증감":-2.28,
            "인구총점":19.602,
            "일자리":16.78,
            "소득수준":81.3,
            "일자리총점":36.136,
            "가치 총점":19.0285,
            "매매실거래년":20220113.0,
            "매매실거래가":2800.0,
            "전세실거래년":20210501.0,
            "전세실거래가":2000.0,
            "전세가율":80.0,
            "장기전세가율평균":78.19,
            "전세가율거품지수":-1.81,
            "검색코드":106566,
            "세대수":105.0,
            "준공년월":"1990-01-15",
            "준공년차":33.0,
            "가까운역이름":"NA",
            "가까운역거리":"NA",
            "역세권여부":"NA",
            "30분이내주요거점역":"NA",
            "30분거점역이름":"NA",
            "1시간이내주요거점역":"NA",
            "1시간거점역이름":"NA",
            "3km이내백화점수":0,
            "5km이내아울렛몰수":0,
            "1km이내대형먀트수":0,
            "500m이내은행수":0,
            "500m이내병원수":14,
            "5km이내대형병원수":0,
            "500m이내공원수":2,
            "3km이내혐오시설수":0,
            "초등학교학업성취도":90.03,
            "중학교학업성취도":71.5,
            "용적률":0,
            "건폐율":0,
            "Y":36.108337,
            "X":129.351428,
            "rank":122.0,
            "area_info":"16평(52.96), 18평(60.17), 23평(76.15)",
            "last_sales":"2022-01-13,2800.0,18평(60.17)",
            "rank_history":[
                [
                    "202202",
                    122
                ],
                [
                    "202201",
                    127
                ]
            ],
            "rank_gap":5
        },
        {
            "index":402,
            "아파트명":"씨파라다이스",
            "투자타입":"일반",
            "전용면적(m2)":"44.49",
            "전용면적(평)":"13평",
            "법정동주소":"경상북도 포항시 북구 청하면 월포리 294-3",
            "도로명주소":"경상북도 포항시 북구 월포로160번길 17",
            "세대수":0,
            "입주년차":20,
            "용적률점수":"--",
            "건폐율점수":"--",
            "세대당주차수":0,
            "난방방식":30,
            "공급면적":"--",
            "전용률":"--",
            "욕실수":50,
            "현관타입":50,
            "주거총점":17.0,
            "지역구공급총점":0.0,
            "역세권":"NA",
            "30분내 이동가능 거점":"NA",
            "1시간내 이동가능 거점":"NA",
            "교통총점":"NA",
            "백화점":0,
            "아울렛몰":0,
            "대형마트":0,
            "은행":0,
            "병원":0,
            "종합병원":0,
            "공원":0,
            "혐오시설":0,
            "인프라총점":0.0,
            "초등학군":90.0,
            "중학군":33.96,
            "학군총점":45.168,
            "인구수":28.98,
            "인구증감":-2.28,
            "인구총점":19.602,
            "일자리":16.78,
            "소득수준":81.3,
            "일자리총점":36.136,
            "가치 총점":17.242,
            "매매실거래년":20210325.0,
            "매매실거래가":12000.0,
            "전세실거래년":null,
            "전세실거래가":null,
            "전세가율":null,
            "장기전세가율평균":78.19,
            "전세가율거품지수":null,
            "검색코드":110750,
            "세대수":105.0,
            "준공년월":"2002-07-04",
            "준공년차":21.0,
            "가까운역이름":"NA",
            "가까운역거리":"NA",
            "역세권여부":"NA",
            "30분이내주요거점역":"NA",
            "30분거점역이름":"NA",
            "1시간이내주요거점역":"NA",
            "1시간거점역이름":"NA",
            "3km이내백화점수":0,
            "5km이내아울렛몰수":0,
            "1km이내대형먀트수":0,
            "500m이내은행수":0,
            "500m이내병원수":0,
            "5km이내대형병원수":0,
            "500m이내공원수":0,
            "3km이내혐오시설수":0,
            "초등학교학업성취도":90.0,
            "중학교학업성취도":56.6,
            "용적률":127,
            "건폐율":32,
            "Y":36.202213,
            "X":129.369964,
            "rank":123.0,
            "area_info":"13평(44.49), 15평(50.65), 15평(51.31), 16평(55.23), 22평(73.3), 23평(77.73)",
            "last_sales":"2021-03-25,12000.0,23평(77.73)",
            "rank_history":[
                [
                    "202202",
                    123
                ],
                [
                    "202201",
                    128
                ]
            ],
            "rank_gap":5
        },
        {
            "index":534,
            "아파트명":"한미장관맨션",
            "투자타입":"재건축",
            "전용면적(m2)":"66.69",
            "전용면적(평)":"20평",
            "법정동주소":"경상북도 포항시 북구 흥해읍 마산리 29-10",
            "도로명주소":"경상북도 포항시 북구 동해대로1574번길 13",
            "세대수":0,
            "입주년차":"--",
            "용적률점수":0,
            "건폐율점수":0,
            "세대당주차수":"--",
            "난방방식":"--",
            "공급면적":50,
            "전용률":100,
            "욕실수":"--",
            "현관타입":"--",
            "주거총점":7.5,
            "지역구공급총점":0.0,
            "역세권":"NA",
            "30분내 이동가능 거점":"NA",
            "1시간내 이동가능 거점":"NA",
            "교통총점":"NA",
            "백화점":0,
            "아울렛몰":0,
            "대형마트":0,
            "은행":0,
            "병원":30,
            "종합병원":0,
            "공원":0,
            "혐오시설":0,
            "인프라총점":3.0,
            "초등학군":89.97,
            "중학군":43.26,
            "학군총점":52.602,
            "인구수":28.98,
            "인구증감":-2.28,
            "인구총점":19.602,
            "일자리":16.78,
            "소득수준":81.3,
            "일자리총점":36.136,
            "가치 총점":16.9755,
            "매매실거래년":20220117.0,
            "매매실거래가":6000.0,
            "전세실거래년":null,
            "전세실거래가":null,
            "전세가율":null,
            "장기전세가율평균":78.19,
            "전세가율거품지수":null,
            "검색코드":16442,
            "세대수":240.0,
            "준공년월":"1992-03-05",
            "준공년차":31.0,
            "가까운역이름":"NA",
            "가까운역거리":"NA",
            "역세권여부":"NA",
            "30분이내주요거점역":"NA",
            "30분거점역이름":"NA",
            "1시간이내주요거점역":"NA",
            "1시간거점역이름":"NA",
            "3km이내백화점수":0,
            "5km이내아울렛몰수":0,
            "1km이내대형먀트수":0,
            "500m이내은행수":0,
            "500m이내병원수":5,
            "5km이내대형병원수":0,
            "500m이내공원수":0,
            "3km이내혐오시설수":0,
            "초등학교학업성취도":89.97,
            "중학교학업성취도":71.5,
            "용적률":0,
            "건폐율":0,
            "Y":36.112983,
            "X":129.342211,
            "rank":124.0,
            "area_info":"20평(66.69), 20평(67.29), 22평(74.28), 27평(92.17)",
            "last_sales":"2022-01-17,6000.0,27평(92.17)",
            "rank_history":[
                [
                    "202202",
                    124
                ],
                [
                    "202201",
                    131
                ]
            ],
            "rank_gap":7
        },
        {
            "index":484,
            "아파트명":"대성",
            "투자타입":"재건축",
            "전용면적(m2)":"56.61",
            "전용면적(평)":"17평",
            "법정동주소":"경상북도 포항시 북구 흥해읍 마산리 62",
            "도로명주소":"경상북도 포항시 북구 한동로 5",
            "세대수":0,
            "입주년차":"--",
            "용적률점수":0,
            "건폐율점수":0,
            "세대당주차수":"--",
            "난방방식":"--",
            "공급면적":50,
            "전용률":80,
            "욕실수":"--",
            "현관타입":"--",
            "주거총점":6.5,
            "지역구공급총점":0.0,
            "역세권":"NA",
            "30분내 이동가능 거점":"NA",
            "1시간내 이동가능 거점":"NA",
            "교통총점":"NA",
            "백화점":0,
            "아울렛몰":0,
            "대형마트":0,
            "은행":0,
            "병원":30,
            "종합병원":0,
            "공원":0,
            "혐오시설":0,
            "인프라총점":3.0,
            "초등학군":89.97,
            "중학군":43.26,
            "학군총점":52.602,
            "인구수":28.98,
            "인구증감":-2.28,
            "인구총점":19.602,
            "일자리":16.78,
            "소득수준":81.3,
            "일자리총점":36.136,
            "가치 총점":16.6255,
            "매매실거래년":20171211.0,
            "매매실거래가":6500.0,
            "전세실거래년":20181016.0,
            "전세실거래가":5000.0,
            "전세가율":96.15,
            "장기전세가율평균":78.19,
            "전세가율거품지수":-17.96,
            "검색코드":16435,
            "세대수":260.0,
            "준공년월":"1987-12-15",
            "준공년차":36.0,
            "가까운역이름":"NA",
            "가까운역거리":"NA",
            "역세권여부":"NA",
            "30분이내주요거점역":"NA",
            "30분거점역이름":"NA",
            "1시간이내주요거점역":"NA",
            "1시간거점역이름":"NA",
            "3km이내백화점수":0,
            "5km이내아울렛몰수":0,
            "1km이내대형먀트수":0,
            "500m이내은행수":0,
            "500m이내병원수":9,
            "5km이내대형병원수":0,
            "500m이내공원수":0,
            "3km이내혐오시설수":0,
            "초등학교학업성취도":89.97,
            "중학교학업성취도":71.5,
            "용적률":0,
            "건폐율":0,
            "Y":36.111953,
            "X":129.342449,
            "rank":125.0,
            "area_info":"17평(56.61), 17평(57.13), 20평(66.39), 20평(67.02), 32평(105.79)",
            "last_sales":"2017-12-11,6500.0,17평(57.13)",
            "rank_history":[
                [
                    "202202",
                    125
                ],
                [
                    "202201",
                    129
                ]
            ],
            "rank_gap":4
        },
        {
            "index":491,
            "아파트명":"대흥온천맨션",
            "투자타입":"일반",
            "전용면적(m2)":"73.95",
            "전용면적(평)":"22평",
            "법정동주소":"경상북도 포항시 북구 흥해읍 마산리 312",
            "도로명주소":"경상북도 포항시 북구 신흥로861번길 12",
            "세대수":0,
            "입주년차":0,
            "용적률점수":"--",
            "건폐율점수":"--",
            "세대당주차수":0,
            "난방방식":30,
            "공급면적":"--",
            "전용률":"--",
            "욕실수":50,
            "현관타입":10,
            "주거총점":9.0,
            "지역구공급총점":0.0,
            "역세권":"NA",
            "30분내 이동가능 거점":"NA",
            "1시간내 이동가능 거점":"NA",
            "교통총점":"NA",
            "백화점":0,
            "아울렛몰":0,
            "대형마트":0,
            "은행":0,
            "병원":0,
            "종합병원":0,
            "공원":0,
            "혐오시설":0,
            "인프라총점":0.0,
            "초등학군":89.97,
            "중학군":43.26,
            "학군총점":52.602,
            "인구수":28.98,
            "인구증감":-2.28,
            "인구총점":19.602,
            "일자리":16.78,
            "소득수준":81.3,
            "일자리총점":36.136,
            "가치 총점":16.3005,
            "매매실거래년":20211022.0,
            "매매실거래가":8200.0,
            "전세실거래년":20200917.0,
            "전세실거래가":4500.0,
            "전세가율":108.43,
            "장기전세가율평균":78.19,
            "전세가율거품지수":-30.24,
            "검색코드":16436,
            "세대수":138.0,
            "준공년월":"1993-09-24",
            "준공년차":30.0,
            "가까운역이름":"NA",
            "가까운역거리":"NA",
            "역세권여부":"NA",
            "30분이내주요거점역":"NA",
            "30분거점역이름":"NA",
            "1시간이내주요거점역":"NA",
            "1시간거점역이름":"NA",
            "3km이내백화점수":0,
            "5km이내아울렛몰수":0,
            "1km이내대형먀트수":0,
            "500m이내은행수":0,
            "500m이내병원수":0,
            "5km이내대형병원수":0,
            "500m이내공원수":0,
            "3km이내혐오시설수":0,
            "초등학교학업성취도":89.97,
            "중학교학업성취도":71.5,
            "용적률":0,
            "건폐율":0,
            "Y":36.11308,
            "X":129.33759,
            "rank":126.0,
            "area_info":"22평(73.95), 30평(101.33), 31평(104.77), 48평(160.67), 50평(165.89)",
            "last_sales":"2021-10-22,8200.0,31평(104.77)",
            "rank_history":[
                [
                    "202202",
                    126
                ],
                [
                    "202201",
                    130
                ]
            ],
            "rank_gap":4
        }
    ]
}