{
    "schema":{
        "fields":[
            {
                "name":"index",
                "type":"integer"
            },
            {
                "name":"아파트명",
                "type":"string"
            },
            {
                "name":"투자타입",
                "type":"string"
            },
            {
                "name":"전용면적(m2)",
                "type":"string"
            },
            {
                "name":"전용면적(평)",
                "type":"string"
            },
            {
                "name":"법정동주소",
                "type":"string"
            },
            {
                "name":"도로명주소",
                "type":"string"
            },
            {
                "name":"세대수",
                "type":"integer"
            },
            {
                "name":"입주년차",
                "type":"string"
            },
            {
                "name":"용적률점수",
                "type":"string"
            },
            {
                "name":"건폐율점수",
                "type":"string"
            },
            {
                "name":"세대당주차수",
                "type":"string"
            },
            {
                "name":"난방방식",
                "type":"string"
            },
            {
                "name":"공급면적",
                "type":"string"
            },
            {
                "name":"전용률",
                "type":"string"
            },
            {
                "name":"욕실수",
                "type":"string"
            },
            {
                "name":"현관타입",
                "type":"string"
            },
            {
                "name":"주거총점",
                "type":"number"
            },
            {
                "name":"지역구공급총점",
                "type":"number"
            },
            {
                "name":"역세권",
                "type":"string"
            },
            {
                "name":"30분내 이동가능 거점",
                "type":"string"
            },
            {
                "name":"1시간내 이동가능 거점",
                "type":"string"
            },
            {
                "name":"교통총점",
                "type":"string"
            },
            {
                "name":"백화점",
                "type":"integer"
            },
            {
                "name":"아울렛몰",
                "type":"integer"
            },
            {
                "name":"대형마트",
                "type":"integer"
            },
            {
                "name":"은행",
                "type":"integer"
            },
            {
                "name":"병원",
                "type":"integer"
            },
            {
                "name":"종합병원",
                "type":"integer"
            },
            {
                "name":"공원",
                "type":"integer"
            },
            {
                "name":"혐오시설",
                "type":"integer"
            },
            {
                "name":"인프라총점",
                "type":"number"
            },
            {
                "name":"초등학군",
                "type":"number"
            },
            {
                "name":"중학군",
                "type":"number"
            },
            {
                "name":"학군총점",
                "type":"number"
            },
            {
                "name":"인구수",
                "type":"number"
            },
            {
                "name":"인구증감",
                "type":"number"
            },
            {
                "name":"인구총점",
                "type":"number"
            },
            {
                "name":"일자리",
                "type":"number"
            },
            {
                "name":"소득수준",
                "type":"number"
            },
            {
                "name":"일자리총점",
                "type":"number"
            },
            {
                "name":"가치 총점",
                "type":"number"
            },
            {
                "name":"매매실거래년",
                "type":"string"
            },
            {
                "name":"매매실거래가",
                "type":"number"
            },
            {
                "name":"전세실거래년",
                "type":"number"
            },
            {
                "name":"전세실거래가",
                "type":"number"
            },
            {
                "name":"전세가율",
                "type":"number"
            },
            {
                "name":"장기전세가율평균",
                "type":"number"
            },
            {
                "name":"전세가율거품지수",
                "type":"number"
            },
            {
                "name":"검색코드",
                "type":"integer"
            },
            {
                "name":"세대수",
                "type":"number"
            },
            {
                "name":"준공년월",
                "type":"string"
            },
            {
                "name":"준공년차",
                "type":"number"
            },
            {
                "name":"가까운역이름",
                "type":"string"
            },
            {
                "name":"가까운역거리",
                "type":"string"
            },
            {
                "name":"역세권여부",
                "type":"string"
            },
            {
                "name":"30분이내주요거점역",
                "type":"string"
            },
            {
                "name":"30분거점역이름",
                "type":"string"
            },
            {
                "name":"1시간이내주요거점역",
                "type":"string"
            },
            {
                "name":"1시간거점역이름",
                "type":"string"
            },
            {
                "name":"3km이내백화점수",
                "type":"integer"
            },
            {
                "name":"5km이내아울렛몰수",
                "type":"integer"
            },
            {
                "name":"1km이내대형먀트수",
                "type":"integer"
            },
            {
                "name":"500m이내은행수",
                "type":"integer"
            },
            {
                "name":"500m이내병원수",
                "type":"integer"
            },
            {
                "name":"5km이내대형병원수",
                "type":"integer"
            },
            {
                "name":"500m이내공원수",
                "type":"integer"
            },
            {
                "name":"3km이내혐오시설수",
                "type":"integer"
            },
            {
                "name":"초등학교학업성취도",
                "type":"number"
            },
            {
                "name":"중학교학업성취도",
                "type":"number"
            },
            {
                "name":"용적률",
                "type":"integer"
            },
            {
                "name":"건폐율",
                "type":"integer"
            },
            {
                "name":"Y",
                "type":"number"
            },
            {
                "name":"X",
                "type":"number"
            },
            {
                "name":"rank",
                "type":"number"
            },
            {
                "name":"area_info",
                "type":"string"
            },
            {
                "name":"last_sales",
                "type":"string"
            },
            {
                "name":"rank_history",
                "type":"string"
            },
            {
                "name":"rank_gap",
                "type":"integer"
            }
        ],
        "primaryKey":[
            "index"
        ],
        "pandas_version":"1.4.0"
    },
    "data":[
        {
            "index":179,
            "아파트명":"경주두산위브트레지움",
            "투자타입":"일반",
            "전용면적(m2)":"100.58",
            "전용면적(평)":"30평",
            "법정동주소":"경상북도 경주시 용강동 1813",
            "도로명주소":"경상북도 경주시 유림로 107",
            "세대수":90,
            "입주년차":100,
            "용적률점수":"--",
            "건폐율점수":"--",
            "세대당주차수":60,
            "난방방식":30,
            "공급면적":"--",
            "전용률":"--",
            "욕실수":100,
            "현관타입":100,
            "주거총점":83.5,
            "지역구공급총점":0.0,
            "역세권":"NA",
            "30분내 이동가능 거점":"NA",
            "1시간내 이동가능 거점":"NA",
            "교통총점":"NA",
            "백화점":0,
            "아울렛몰":0,
            "대형마트":80,
            "은행":0,
            "병원":10,
            "종합병원":80,
            "공원":80,
            "혐오시설":0,
            "인프라총점":31.4,
            "초등학군":90.02,
            "중학군":50.04,
            "학군총점":58.036,
            "인구수":25.96,
            "인구증감":0.54,
            "인구총점":18.334,
            "일자리":19.87,
            "소득수준":67.99,
            "일자리총점":34.306,
            "가치 총점":56.294,
            "매매실거래년":20220122.0,
            "매매실거래가":48000.0,
            "전세실거래년":20220103.0,
            "전세실거래가":34000.0,
            "전세가율":75.56,
            "장기전세가율평균":74.02,
            "전세가율거품지수":-1.54,
            "검색코드":122000,
            "세대수":1204.0,
            "준공년월":"2020-11-01",
            "준공년차":3.0,
            "가까운역이름":"NA",
            "가까운역거리":"NA",
            "역세권여부":"NA",
            "30분이내주요거점역":"NA",
            "30분거점역이름":"NA",
            "1시간이내주요거점역":"NA",
            "1시간거점역이름":"NA",
            "3km이내백화점수":0,
            "5km이내아울렛몰수":0,
            "1km이내대형먀트수":1,
            "500m이내은행수":0,
            "500m이내병원수":3,
            "5km이내대형병원수":1,
            "500m이내공원수":1,
            "3km이내혐오시설수":0,
            "초등학교학업성취도":90.02,
            "중학교학업성취도":82.6,
            "용적률":0,
            "건폐율":0,
            "Y":35.869418,
            "X":129.222917,
            "rank":1.0,
            "area_info":"30평(100.58), 34평(113.46), 34평(113.48), 41평(136.68)",
            "last_sales":"2022-01-22,48000.0,34평(113.46)",
            "rank_history":[
                [
                    "202202",
                    1
                ],
                [
                    "202201",
                    1
                ]
            ],
            "rank_gap":0
        },
        {
            "index":279,
            "아파트명":"경주센트럴푸르지오",
            "투자타입":"일반",
            "전용면적(m2)":"94.4",
            "전용면적(평)":"28평",
            "법정동주소":"경상북도 경주시 현곡면 하구리 1285",
            "도로명주소":"경상북도 경주시 용담로 548",
            "세대수":100,
            "입주년차":100,
            "용적률점수":"--",
            "건폐율점수":"--",
            "세대당주차수":30,
            "난방방식":30,
            "공급면적":"--",
            "전용률":"--",
            "욕실수":100,
            "현관타입":100,
            "주거총점":82.5,
            "지역구공급총점":0.0,
            "역세권":"NA",
            "30분내 이동가능 거점":"NA",
            "1시간내 이동가능 거점":"NA",
            "교통총점":"NA",
            "백화점":0,
            "아울렛몰":0,
            "대형마트":80,
            "은행":0,
            "병원":0,
            "종합병원":80,
            "공원":0,
            "혐오시설":0,
            "인프라총점":28.0,
            "초등학군":90.0,
            "중학군":48.56,
            "학군총점":56.848,
            "인구수":25.96,
            "인구증감":0.54,
            "인구총점":18.334,
            "일자리":19.87,
            "소득수준":67.99,
            "일자리총점":34.306,
            "가치 총점":54.287,
            "매매실거래년":20220119.0,
            "매매실거래가":37900.0,
            "전세실거래년":20211022.0,
            "전세실거래가":27000.0,
            "전세가율":90.6,
            "장기전세가율평균":74.02,
            "전세가율거품지수":-16.58,
            "검색코드":114458,
            "세대수":1671.0,
            "준공년월":"2019-01-24",
            "준공년차":4.0,
            "가까운역이름":"NA",
            "가까운역거리":"NA",
            "역세권여부":"NA",
            "30분이내주요거점역":"NA",
            "30분거점역이름":"NA",
            "1시간이내주요거점역":"NA",
            "1시간거점역이름":"NA",
            "3km이내백화점수":0,
            "5km이내아울렛몰수":0,
            "1km이내대형먀트수":1,
            "500m이내은행수":0,
            "500m이내병원수":0,
            "5km이내대형병원수":1,
            "500m이내공원수":0,
            "3km이내혐오시설수":0,
            "초등학교학업성취도":90.0,
            "중학교학업성취도":80.4,
            "용적률":249,
            "건폐율":18,
            "Y":35.891696,
            "X":129.173362,
            "rank":2.0,
            "area_info":"28평(94.4), 33평(112.38), 34평(112.76), 34평(113.19), 34평(113.78), 38평(126.56), 47평(156.72), 47평(158.61), 48평(159.06), 48평(159.42)",
            "last_sales":"2022-01-19,37900.0,34평(113.78)",
            "rank_history":[
                [
                    "202202",
                    2
                ],
                [
                    "202201",
                    2
                ]
            ],
            "rank_gap":0
        },
        {
            "index":289,
            "아파트명":"경주현곡푸르지오",
            "투자타입":"일반",
            "전용면적(m2)":"81.36",
            "전용면적(평)":"24평",
            "법정동주소":"경상북도 경주시 현곡면 하구리 1282",
            "도로명주소":"경상북도 경주시 새안현로 23",
            "세대수":90,
            "입주년차":80,
            "용적률점수":"--",
            "건폐율점수":"--",
            "세대당주차수":30,
            "난방방식":30,
            "공급면적":"--",
            "전용률":"--",
            "욕실수":100,
            "현관타입":100,
            "주거총점":75.0,
            "지역구공급총점":0.0,
            "역세권":"NA",
            "30분내 이동가능 거점":"NA",
            "1시간내 이동가능 거점":"NA",
            "교통총점":"NA",
            "백화점":0,
            "아울렛몰":0,
            "대형마트":80,
            "은행":0,
            "병원":0,
            "종합병원":80,
            "공원":0,
            "혐오시설":0,
            "인프라총점":28.0,
            "초등학군":90.0,
            "중학군":48.56,
            "학군총점":56.848,
            "인구수":25.96,
            "인구증감":0.54,
            "인구총점":18.334,
            "일자리":19.87,
            "소득수준":67.99,
            "일자리총점":34.306,
            "가치 총점":51.662,
            "매매실거래년":20220126.0,
            "매매실거래가":27000.0,
            "전세실거래년":20210924.0,
            "전세실거래가":20000.0,
            "전세가율":74.07,
            "장기전세가율평균":74.02,
            "전세가율거품지수":-0.05,
            "검색코드":111725,
            "세대수":964.0,
            "준공년월":"2018-02-26",
            "준공년차":5.0,
            "가까운역이름":"NA",
            "가까운역거리":"NA",
            "역세권여부":"NA",
            "30분이내주요거점역":"NA",
            "30분거점역이름":"NA",
            "1시간이내주요거점역":"NA",
            "1시간거점역이름":"NA",
            "3km이내백화점수":0,
            "5km이내아울렛몰수":0,
            "1km이내대형먀트수":1,
            "500m이내은행수":0,
            "500m이내병원수":0,
            "5km이내대형병원수":1,
            "500m이내공원수":0,
            "3km이내혐오시설수":0,
            "초등학교학업성취도":90.0,
            "중학교학업성취도":80.4,
            "용적률":249,
            "건폐율":17,
            "Y":35.890856,
            "X":129.176445,
            "rank":3.0,
            "area_info":"24평(81.36), 24평(81.19), 29평(97.93), 29평(98.46), 34평(112.9), 34평(113.53), 40평(132.94)",
            "last_sales":"2022-01-26,27000.0,24평(81.36)",
            "rank_history":[
                [
                    "202202",
                    3
                ],
                [
                    "202201",
                    3
                ]
            ],
            "rank_gap":0
        },
        {
            "index":225,
            "아파트명":"협성휴포레용황",
            "투자타입":"일반",
            "전용면적(m2)":"82.96",
            "전용면적(평)":"25평",
            "법정동주소":"경상북도 경주시 용강동 1611",
            "도로명주소":"경상북도 경주시 용황로7길 8",
            "세대수":100,
            "입주년차":80,
            "용적률점수":"--",
            "건폐율점수":"--",
            "세대당주차수":60,
            "난방방식":30,
            "공급면적":"--",
            "전용률":"--",
            "욕실수":100,
            "현관타입":100,
            "주거총점":83.0,
            "지역구공급총점":0.0,
            "역세권":"NA",
            "30분내 이동가능 거점":"NA",
            "1시간내 이동가능 거점":"NA",
            "교통총점":"NA",
            "백화점":0,
            "아울렛몰":0,
            "대형마트":0,
            "은행":0,
            "병원":10,
            "종합병원":80,
            "공원":100,
            "혐오시설":0,
            "인프라총점":20.0,
            "초등학군":90.0,
            "중학군":50.04,
            "학군총점":58.032,
            "인구수":25.96,
            "인구증감":0.54,
            "인구총점":18.334,
            "일자리":19.87,
            "소득수준":67.99,
            "일자리총점":34.306,
            "가치 총점":51.558,
            "매매실거래년":20220104.0,
            "매매실거래가":30300.0,
            "전세실거래년":20220114.0,
            "전세실거래가":30000.0,
            "전세가율":99.01,
            "장기전세가율평균":74.02,
            "전세가율거품지수":-24.99,
            "검색코드":109818,
            "세대수":1588.0,
            "준공년월":"2017-06-28",
            "준공년차":6.0,
            "가까운역이름":"NA",
            "가까운역거리":"NA",
            "역세권여부":"NA",
            "30분이내주요거점역":"NA",
            "30분거점역이름":"NA",
            "1시간이내주요거점역":"NA",
            "1시간거점역이름":"NA",
            "3km이내백화점수":0,
            "5km이내아울렛몰수":0,
            "1km이내대형먀트수":0,
            "500m이내은행수":0,
            "500m이내병원수":4,
            "5km이내대형병원수":1,
            "500m이내공원수":4,
            "3km이내혐오시설수":0,
            "초등학교학업성취도":90.0,
            "중학교학업성취도":82.6,
            "용적률":249,
            "건폐율":15,
            "Y":35.884676,
            "X":129.227421,
            "rank":4.0,
            "area_info":"25평(82.96), 29평(97.4), 31평(103.04), 32평(108.79), 32평(108.77), 40평(132.37)",
            "last_sales":"2022-01-04,30300.0,25평(82.96)",
            "rank_history":[
                [
                    "202202",
                    4
                ],
                [
                    "202201",
                    4
                ]
            ],
            "rank_gap":0
        },
        {
            "index":413,
            "아파트명":"협성휴포레황성",
            "투자타입":"일반",
            "전용면적(m2)":"83.77",
            "전용면적(평)":"25평",
            "법정동주소":"경상북도 경주시 황성동 1074-2",
            "도로명주소":"경상북도 경주시 유림로 21",
            "세대수":50,
            "입주년차":80,
            "용적률점수":"--",
            "건폐율점수":"--",
            "세대당주차수":60,
            "난방방식":30,
            "공급면적":"--",
            "전용률":"--",
            "욕실수":100,
            "현관타입":100,
            "주거총점":65.5,
            "지역구공급총점":0.0,
            "역세권":"NA",
            "30분내 이동가능 거점":"NA",
            "1시간내 이동가능 거점":"NA",
            "교통총점":"NA",
            "백화점":0,
            "아울렛몰":0,
            "대형마트":80,
            "은행":0,
            "병원":10,
            "종합병원":80,
            "공원":100,
            "혐오시설":0,
            "인프라총점":32.0,
            "초등학군":90.0,
            "중학군":48.56,
            "학군총점":56.848,
            "인구수":25.96,
            "인구증감":0.54,
            "인구총점":18.334,
            "일자리":19.87,
            "소득수준":67.99,
            "일자리총점":34.306,
            "가치 총점":49.937,
            "매매실거래년":20211211.0,
            "매매실거래가":48700.0,
            "전세실거래년":20200411.0,
            "전세실거래가":19000.0,
            "전세가율":73.22,
            "장기전세가율평균":74.02,
            "전세가율거품지수":0.8,
            "검색코드":111917,
            "세대수":444.0,
            "준공년월":"2018-02-22",
            "준공년차":5.0,
            "가까운역이름":"NA",
            "가까운역거리":"NA",
            "역세권여부":"NA",
            "30분이내주요거점역":"NA",
            "30분거점역이름":"NA",
            "1시간이내주요거점역":"NA",
            "1시간거점역이름":"NA",
            "3km이내백화점수":0,
            "5km이내아울렛몰수":0,
            "1km이내대형먀트수":1,
            "500m이내은행수":0,
            "500m이내병원수":3,
            "5km이내대형병원수":1,
            "500m이내공원수":2,
            "3km이내혐오시설수":0,
            "초등학교학업성취도":90.0,
            "중학교학업성취도":80.4,
            "용적률":249,
            "건폐율":20,
            "Y":35.872969,
            "X":129.214176,
            "rank":5.0,
            "area_info":"25평(83.77), 25평(84.84), 29평(96.73), 33평(109.84), 33평(109.84), 39평(130.39), 39평(130.69)",
            "last_sales":"2021-12-11,48700.0,39평(130.69)",
            "rank_history":[
                [
                    "202202",
                    5
                ],
                [
                    "202201",
                    5
                ]
            ],
            "rank_gap":0
        },
        {
            "index":203,
            "아파트명":"용강삼환나우빌",
            "투자타입":"일반",
            "전용면적(m2)":"113.04",
            "전용면적(평)":"34평",
            "법정동주소":"경상북도 경주시 용강동 1384",
            "도로명주소":"경상북도 경주시 다불로 49",
            "세대수":50,
            "입주년차":60,
            "용적률점수":"--",
            "건폐율점수":"--",
            "세대당주차수":60,
            "난방방식":30,
            "공급면적":"--",
            "전용률":"--",
            "욕실수":100,
            "현관타입":100,
            "주거총점":61.5,
            "지역구공급총점":0.0,
            "역세권":"NA",
            "30분내 이동가능 거점":"NA",
            "1시간내 이동가능 거점":"NA",
            "교통총점":"NA",
            "백화점":0,
            "아울렛몰":0,
            "대형마트":80,
            "은행":0,
            "병원":30,
            "종합병원":80,
            "공원":100,
            "혐오시설":0,
            "인프라총점":34.0,
            "초등학군":90.01,
            "중학군":50.04,
            "학군총점":58.034,
            "인구수":25.96,
            "인구증감":0.54,
            "인구총점":18.334,
            "일자리":19.87,
            "소득수준":67.99,
            "일자리총점":34.306,
            "가치 총점":49.6335,
            "매매실거래년":20211218.0,
            "매매실거래가":40700.0,
            "전세실거래년":20200920.0,
            "전세실거래가":20000.0,
            "전세가율":73.53,
            "장기전세가율평균":74.02,
            "전세가율거품지수":0.49,
            "검색코드":107644,
            "세대수":537.0,
            "준공년월":"2010-06-14",
            "준공년차":13.0,
            "가까운역이름":"NA",
            "가까운역거리":"NA",
            "역세권여부":"NA",
            "30분이내주요거점역":"NA",
            "30분거점역이름":"NA",
            "1시간이내주요거점역":"NA",
            "1시간거점역이름":"NA",
            "3km이내백화점수":0,
            "5km이내아울렛몰수":0,
            "1km이내대형먀트수":1,
            "500m이내은행수":1,
            "500m이내병원수":5,
            "5km이내대형병원수":1,
            "500m이내공원수":2,
            "3km이내혐오시설수":0,
            "초등학교학업성취도":90.01,
            "중학교학업성취도":82.6,
            "용적률":211,
            "건폐율":20,
            "Y":35.876563,
            "X":129.232745,
            "rank":6.0,
            "area_info":"34평(113.04), 35평(117.02), 48평(160.05), 55평(181.99)",
            "last_sales":"2021-12-18,40700.0,55평(181.99)",
            "rank_history":[
                [
                    "202202",
                    6
                ],
                [
                    "202201",
                    6
                ]
            ],
            "rank_gap":0
        },
        {
            "index":16,
            "아파트명":"경주푸르지오",
            "투자타입":"일반",
            "전용면적(m2)":"121.47",
            "전용면적(평)":"36평",
            "법정동주소":"경상북도 경주시 동천동 989",
            "도로명주소":"경상북도 경주시 백률로 7",
            "세대수":50,
            "입주년차":60,
            "용적률점수":"--",
            "건폐율점수":"--",
            "세대당주차수":60,
            "난방방식":30,
            "공급면적":"--",
            "전용률":"--",
            "욕실수":100,
            "현관타입":100,
            "주거총점":61.5,
            "지역구공급총점":0.0,
            "역세권":"NA",
            "30분내 이동가능 거점":"NA",
            "1시간내 이동가능 거점":"NA",
            "교통총점":"NA",
            "백화점":0,
            "아울렛몰":0,
            "대형마트":0,
            "은행":70,
            "병원":60,
            "종합병원":80,
            "공원":100,
            "혐오시설":0,
            "인프라총점":32.0,
            "초등학군":89.98,
            "중학군":51.26,
            "학군총점":59.004,
            "인구수":25.96,
            "인구증감":0.54,
            "인구총점":18.334,
            "일자리":19.87,
            "소득수준":67.99,
            "일자리총점":34.306,
            "가치 총점":49.076,
            "매매실거래년":20220116.0,
            "매매실거래가":40000.0,
            "전세실거래년":20200214.0,
            "전세실거래가":25000.0,
            "전세가율":62.5,
            "장기전세가율평균":74.02,
            "전세가율거품지수":11.52,
            "검색코드":103757,
            "세대수":401.0,
            "준공년월":"2010-01-14",
            "준공년차":13.0,
            "가까운역이름":"NA",
            "가까운역거리":"NA",
            "역세권여부":"NA",
            "30분이내주요거점역":"NA",
            "30분거점역이름":"NA",
            "1시간이내주요거점역":"NA",
            "1시간거점역이름":"NA",
            "3km이내백화점수":0,
            "5km이내아울렛몰수":0,
            "1km이내대형먀트수":0,
            "500m이내은행수":4,
            "500m이내병원수":10,
            "5km이내대형병원수":1,
            "500m이내공원수":3,
            "3km이내혐오시설수":0,
            "초등학교학업성취도":89.98,
            "중학교학업성취도":84.1,
            "용적률":241,
            "건폐율":24,
            "Y":35.857824,
            "X":129.22052,
            "rank":7.0,
            "area_info":"36평(121.47), 45평(151.96), 53평(176.15)",
            "last_sales":"2022-01-16,40000.0,36평(121.47)",
            "rank_history":[
                [
                    "202202",
                    7
                ],
                [
                    "202201",
                    7
                ]
            ],
            "rank_gap":0
        },
        {
            "index":323,
            "아파트명":"e편한세상황성",
            "투자타입":"일반",
            "전용면적(m2)":"110.75",
            "전용면적(평)":"33평",
            "법정동주소":"경상북도 경주시 황성동 1170",
            "도로명주소":"경상북도 경주시 강변로 540",
            "세대수":80,
            "입주년차":80,
            "용적률점수":"--",
            "건폐율점수":"--",
            "세대당주차수":60,
            "난방방식":30,
            "공급면적":"--",
            "전용률":"--",
            "욕실수":100,
            "현관타입":100,
            "주거총점":76.0,
            "지역구공급총점":0.0,
            "역세권":"NA",
            "30분내 이동가능 거점":"NA",
            "1시간내 이동가능 거점":"NA",
            "교통총점":"NA",
            "백화점":0,
            "아울렛몰":0,
            "대형마트":0,
            "은행":0,
            "병원":10,
            "종합병원":80,
            "공원":100,
            "혐오시설":0,
            "인프라총점":20.0,
            "초등학군":90.0,
            "중학군":42.9,
            "학군총점":52.32,
            "인구수":25.96,
            "인구증감":0.54,
            "인구총점":18.334,
            "일자리":19.87,
            "소득수준":67.99,
            "일자리총점":34.306,
            "가치 총점":47.68,
            "매매실거래년":20220104.0,
            "매매실거래가":39000.0,
            "전세실거래년":20220122.0,
            "전세실거래가":35000.0,
            "전세가율":89.74,
            "장기전세가율평균":74.02,
            "전세가율거품지수":-15.72,
            "검색코드":108106,
            "세대수":713.0,
            "준공년월":"2016-02-25",
            "준공년차":7.0,
            "가까운역이름":"NA",
            "가까운역거리":"NA",
            "역세권여부":"NA",
            "30분이내주요거점역":"NA",
            "30분거점역이름":"NA",
            "1시간이내주요거점역":"NA",
            "1시간거점역이름":"NA",
            "3km이내백화점수":0,
            "5km이내아울렛몰수":0,
            "1km이내대형먀트수":0,
            "500m이내은행수":0,
            "500m이내병원수":4,
            "5km이내대형병원수":1,
            "500m이내공원수":2,
            "3km이내혐오시설수":0,
            "초등학교학업성취도":90.0,
            "중학교학업성취도":70.9,
            "용적률":248,
            "건폐율":21,
            "Y":35.870013,
            "X":129.211564,
            "rank":8.0,
            "area_info":"33평(110.75), 33평(111.74), 33평(111.15), 38평(128.33), 39평(132.2)",
            "last_sales":"2022-01-04,39000.0,33평(110.75)",
            "rank_history":[
                [
                    "202202",
                    8
                ],
                [
                    "202201",
                    8
                ]
            ],
            "rank_gap":0
        },
        {
            "index":420,
            "아파트명":"황성KCC스위첸",
            "투자타입":"일반",
            "전용면적(m2)":"101.05",
            "전용면적(평)":"30평",
            "법정동주소":"경상북도 경주시 황성동 1074-1",
            "도로명주소":"경상북도 경주시 유림로 23",
            "세대수":30,
            "입주년차":80,
            "용적률점수":"--",
            "건폐율점수":"--",
            "세대당주차수":30,
            "난방방식":30,
            "공급면적":"--",
            "전용률":"--",
            "욕실수":100,
            "현관타입":100,
            "주거총점":54.0,
            "지역구공급총점":0.0,
            "역세권":"NA",
            "30분내 이동가능 거점":"NA",
            "1시간내 이동가능 거점":"NA",
            "교통총점":"NA",
            "백화점":0,
            "아울렛몰":0,
            "대형마트":80,
            "은행":0,
            "병원":10,
            "종합병원":80,
            "공원":100,
            "혐오시설":0,
            "인프라총점":32.0,
            "초등학군":90.0,
            "중학군":48.56,
            "학군총점":56.848,
            "인구수":25.96,
            "인구증감":0.54,
            "인구총점":18.334,
            "일자리":19.87,
            "소득수준":67.99,
            "일자리총점":34.306,
            "가치 총점":45.912,
            "매매실거래년":20211231.0,
            "매매실거래가":35500.0,
            "전세실거래년":20210702.0,
            "전세실거래가":24000.0,
            "전세가율":76.19,
            "장기전세가율평균":74.02,
            "전세가율거품지수":-2.17,
            "검색코드":111913,
            "세대수":339.0,
            "준공년월":"2018-01-19",
            "준공년차":5.0,
            "가까운역이름":"NA",
            "가까운역거리":"NA",
            "역세권여부":"NA",
            "30분이내주요거점역":"NA",
            "30분거점역이름":"NA",
            "1시간이내주요거점역":"NA",
            "1시간거점역이름":"NA",
            "3km이내백화점수":0,
            "5km이내아울렛몰수":0,
            "1km이내대형먀트수":1,
            "500m이내은행수":0,
            "500m이내병원수":2,
            "5km이내대형병원수":1,
            "500m이내공원수":2,
            "3km이내혐오시설수":0,
            "초등학교학업성취도":90.0,
            "중학교학업성취도":80.4,
            "용적률":239,
            "건폐율":21,
            "Y":35.874037,
            "X":129.215073,
            "rank":9.0,
            "area_info":"30평(101.05), 33평(111.19), 33평(111.96)",
            "last_sales":"2021-12-31,35500.0,33평(111.19)",
            "rank_history":[
                [
                    "202202",
                    9
                ],
                [
                    "202201",
                    9
                ]
            ],
            "rank_gap":0
        },
        {
            "index":438,
            "아파트명":"황성현대5차",
            "투자타입":"일반",
            "전용면적(m2)":"75.92",
            "전용면적(평)":"22평",
            "법정동주소":"경상북도 경주시 황성동 277-6",
            "도로명주소":"경상북도 경주시 황성로 60",
            "세대수":80,
            "입주년차":0,
            "용적률점수":"--",
            "건폐율점수":"--",
            "세대당주차수":30,
            "난방방식":30,
            "공급면적":"--",
            "전용률":"--",
            "욕실수":50,
            "현관타입":100,
            "주거총점":50.5,
            "지역구공급총점":0.0,
            "역세권":"NA",
            "30분내 이동가능 거점":"NA",
            "1시간내 이동가능 거점":"NA",
            "교통총점":"NA",
            "백화점":0,
            "아울렛몰":0,
            "대형마트":80,
            "은행":0,
            "병원":60,
            "종합병원":80,
            "공원":100,
            "혐오시설":0,
            "인프라총점":37.0,
            "초등학군":90.02,
            "중학군":42.9,
            "학군총점":52.324,
            "인구수":25.96,
            "인구증감":0.54,
            "인구총점":18.334,
            "일자리":19.87,
            "소득수준":67.99,
            "일자리총점":34.306,
            "가치 총점":45.556,
            "매매실거래년":20220120.0,
            "매매실거래가":24600.0,
            "전세실거래년":20210105.0,
            "전세실거래가":12000.0,
            "전세가율":69.36,
            "장기전세가율평균":74.02,
            "전세가율거품지수":4.66,
            "검색코드":4166,
            "세대수":724.0,
            "준공년월":"1998-04-23",
            "준공년차":25.0,
            "가까운역이름":"NA",
            "가까운역거리":"NA",
            "역세권여부":"NA",
            "30분이내주요거점역":"NA",
            "30분거점역이름":"NA",
            "1시간이내주요거점역":"NA",
            "1시간거점역이름":"NA",
            "3km이내백화점수":0,
            "5km이내아울렛몰수":0,
            "1km이내대형먀트수":1,
            "500m이내은행수":0,
            "500m이내병원수":13,
            "5km이내대형병원수":1,
            "500m이내공원수":2,
            "3km이내혐오시설수":0,
            "초등학교학업성취도":90.02,
            "중학교학업성취도":70.9,
            "용적률":231,
            "건폐율":18,
            "Y":35.866654,
            "X":129.218142,
            "rank":10.0,
            "area_info":"22평(75.92), 32평(107.08), 51평(169.36)",
            "last_sales":"2022-01-20,24600.0,32평(107.08)",
            "rank_history":[
                [
                    "202202",
                    10
                ],
                [
                    "202201",
                    12
                ]
            ],
            "rank_gap":2
        },
        {
            "index":406,
            "아파트명":"현진에버빌",
            "투자타입":"일반",
            "전용면적(m2)":"144.64",
            "전용면적(평)":"43평",
            "법정동주소":"경상북도 경주시 황성동 1163",
            "도로명주소":"경상북도 경주시 광중길 73-16",
            "세대수":50,
            "입주년차":60,
            "용적률점수":"--",
            "건폐율점수":"--",
            "세대당주차수":80,
            "난방방식":30,
            "공급면적":"--",
            "전용률":"--",
            "욕실수":100,
            "현관타입":100,
            "주거총점":64.5,
            "지역구공급총점":0.0,
            "역세권":"NA",
            "30분내 이동가능 거점":"NA",
            "1시간내 이동가능 거점":"NA",
            "교통총점":"NA",
            "백화점":0,
            "아울렛몰":0,
            "대형마트":0,
            "은행":0,
            "병원":10,
            "종합병원":80,
            "공원":100,
            "혐오시설":0,
            "인프라총점":20.0,
            "초등학군":90.0,
            "중학군":50.04,
            "학군총점":58.032,
            "인구수":25.96,
            "인구증감":0.54,
            "인구총점":18.334,
            "일자리":19.87,
            "소득수준":67.99,
            "일자리총점":34.306,
            "가치 총점":45.083,
            "매매실거래년":20210906.0,
            "매매실거래가":44800.0,
            "전세실거래년":20160722.0,
            "전세실거래가":28500.0,
            "전세가율":93.75,
            "장기전세가율평균":74.02,
            "전세가율거품지수":-19.73,
            "검색코드":105516,
            "세대수":604.0,
            "준공년월":"2009-02-27",
            "준공년차":14.0,
            "가까운역이름":"NA",
            "가까운역거리":"NA",
            "역세권여부":"NA",
            "30분이내주요거점역":"NA",
            "30분거점역이름":"NA",
            "1시간이내주요거점역":"NA",
            "1시간거점역이름":"NA",
            "3km이내백화점수":0,
            "5km이내아울렛몰수":0,
            "1km이내대형먀트수":0,
            "500m이내은행수":0,
            "500m이내병원수":4,
            "5km이내대형병원수":1,
            "500m이내공원수":3,
            "3km이내혐오시설수":0,
            "초등학교학업성취도":90.0,
            "중학교학업성취도":82.6,
            "용적률":244,
            "건폐율":24,
            "Y":35.884855,
            "X":129.22213,
            "rank":11.0,
            "area_info":"43평(144.64), 43평(145.34), 45평(151.8), 45평(151.51), 48평(161.52), 48평(161.74), 57평(191.51)",
            "last_sales":"2021-09-06,44800.0,57평(191.51)",
            "rank_history":[
                [
                    "202202",
                    11
                ],
                [
                    "202201",
                    10
                ]
            ],
            "rank_gap":-1
        },
        {
            "index":269,
            "아파트명":"충효이안",
            "투자타입":"일반",
            "전용면적(m2)":"109.43",
            "전용면적(평)":"33평",
            "법정동주소":"경상북도 경주시 충효동 충효지구53블럭1롯트",
            "도로명주소":"경상북도 경주시 태종로 399",
            "세대수":50,
            "입주년차":60,
            "용적률점수":"--",
            "건폐율점수":"--",
            "세대당주차수":60,
            "난방방식":30,
            "공급면적":"--",
            "전용률":"--",
            "욕실수":100,
            "현관타입":100,
            "주거총점":61.5,
            "지역구공급총점":0.0,
            "역세권":"NA",
            "30분내 이동가능 거점":"NA",
            "1시간내 이동가능 거점":"NA",
            "교통총점":"NA",
            "백화점":0,
            "아울렛몰":0,
            "대형마트":0,
            "은행":0,
            "병원":0,
            "종합병원":80,
            "공원":80,
            "혐오시설":0,
            "인프라총점":18.4,
            "초등학군":90.0,
            "중학군":56.56,
            "학군총점":63.248,
            "인구수":25.96,
            "인구증감":0.54,
            "인구총점":18.334,
            "일자리":19.87,
            "소득수준":67.99,
            "일자리총점":34.306,
            "가치 총점":44.697,
            "매매실거래년":20211218.0,
            "매매실거래가":35500.0,
            "전세실거래년":20200829.0,
            "전세실거래가":16500.0,
            "전세가율":65.48,
            "장기전세가율평균":74.02,
            "전세가율거품지수":8.54,
            "검색코드":105613,
            "세대수":608.0,
            "준공년월":"2010-05-29",
            "준공년차":13.0,
            "가까운역이름":"NA",
            "가까운역거리":"NA",
            "역세권여부":"NA",
            "30분이내주요거점역":"NA",
            "30분거점역이름":"NA",
            "1시간이내주요거점역":"NA",
            "1시간거점역이름":"NA",
            "3km이내백화점수":0,
            "5km이내아울렛몰수":0,
            "1km이내대형먀트수":0,
            "500m이내은행수":0,
            "500m이내병원수":0,
            "5km이내대형병원수":1,
            "500m이내공원수":1,
            "3km이내혐오시설수":0,
            "초등학교학업성취도":90.0,
            "중학교학업성취도":93.0,
            "용적률":211,
            "건폐율":27,
            "Y":35.846306,
            "X":129.172588,
            "rank":12.0,
            "area_info":"33평(109.43), 33평(109.43), 33평(110.53), 33평(110.96), 38평(128.43), 49평(163.64), 54평(181.53)",
            "last_sales":"2021-12-18,35500.0,49평(163.64)",
            "rank_history":[
                [
                    "202202",
                    12
                ],
                [
                    "202201",
                    11
                ]
            ],
            "rank_gap":-1
        },
        {
            "index":12,
            "아파트명":"경주우방타운",
            "투자타입":"일반",
            "전용면적(m2)":"74.92",
            "전용면적(평)":"22평",
            "법정동주소":"경상북도 경주시 동천동 681-1",
            "도로명주소":"경상북도 경주시 백률로57번길 22",
            "세대수":80,
            "입주년차":0,
            "용적률점수":"--",
            "건폐율점수":"--",
            "세대당주차수":30,
            "난방방식":30,
            "공급면적":"--",
            "전용률":"--",
            "욕실수":50,
            "현관타입":100,
            "주거총점":50.5,
            "지역구공급총점":0.0,
            "역세권":"NA",
            "30분내 이동가능 거점":"NA",
            "1시간내 이동가능 거점":"NA",
            "교통총점":"NA",
            "백화점":0,
            "아울렛몰":0,
            "대형마트":0,
            "은행":70,
            "병원":10,
            "종합병원":80,
            "공원":100,
            "혐오시설":0,
            "인프라총점":27.0,
            "초등학군":89.98,
            "중학군":51.26,
            "학군총점":59.004,
            "인구수":25.96,
            "인구증감":0.54,
            "인구총점":18.334,
            "일자리":19.87,
            "소득수준":67.99,
            "일자리총점":34.306,
            "가치 총점":43.226,
            "매매실거래년":20220123.0,
            "매매실거래가":17800.0,
            "전세실거래년":20211016.0,
            "전세실거래가":15000.0,
            "전세가율":101.35,
            "장기전세가율평균":74.02,
            "전세가율거품지수":-27.33,
            "검색코드":4101,
            "세대수":816.0,
            "준공년월":"1997-12-30",
            "준공년차":26.0,
            "가까운역이름":"NA",
            "가까운역거리":"NA",
            "역세권여부":"NA",
            "30분이내주요거점역":"NA",
            "30분거점역이름":"NA",
            "1시간이내주요거점역":"NA",
            "1시간거점역이름":"NA",
            "3km이내백화점수":0,
            "5km이내아울렛몰수":0,
            "1km이내대형먀트수":0,
            "500m이내은행수":3,
            "500m이내병원수":4,
            "5km이내대형병원수":1,
            "500m이내공원수":3,
            "3km이내혐오시설수":0,
            "초등학교학업성취도":89.98,
            "중학교학업성취도":84.1,
            "용적률":217,
            "건폐율":24,
            "Y":35.858968,
            "X":129.226837,
            "rank":13.0,
            "area_info":"22평(74.92), 26평(88.6), 30평(99.68), 45평(150.51)",
            "last_sales":"2022-01-23,17800.0,26평(88.6)",
            "rank_history":[
                [
                    "202202",
                    13
                ],
                [
                    "202201",
                    13
                ]
            ],
            "rank_gap":0
        },
        {
            "index":207,
            "아파트명":"용황스위첸",
            "투자타입":"일반",
            "전용면적(m2)":"98.58",
            "전용면적(평)":"29평",
            "법정동주소":"경상북도 경주시 용강동 1703",
            "도로명주소":"경상북도 경주시 용황로10길 42",
            "세대수":50,
            "입주년차":60,
            "용적률점수":"--",
            "건폐율점수":"--",
            "세대당주차수":30,
            "난방방식":30,
            "공급면적":"--",
            "전용률":"--",
            "욕실수":100,
            "현관타입":100,
            "주거총점":57.0,
            "지역구공급총점":0.0,
            "역세권":"NA",
            "30분내 이동가능 거점":"NA",
            "1시간내 이동가능 거점":"NA",
            "교통총점":"NA",
            "백화점":0,
            "아울렛몰":0,
            "대형마트":0,
            "은행":0,
            "병원":10,
            "종합병원":80,
            "공원":100,
            "혐오시설":0,
            "인프라총점":20.0,
            "초등학군":90.0,
            "중학군":50.04,
            "학군총점":58.032,
            "인구수":25.96,
            "인구증감":0.54,
            "인구총점":18.334,
            "일자리":19.87,
            "소득수준":67.99,
            "일자리총점":34.306,
            "가치 총점":42.458,
            "매매실거래년":20211230.0,
            "매매실거래가":31000.0,
            "전세실거래년":20211103.0,
            "전세실거래가":27000.0,
            "전세가율":87.1,
            "장기전세가율평균":74.02,
            "전세가율거품지수":-13.08,
            "검색코드":103443,
            "세대수":480.0,
            "준공년월":"2013-04-29",
            "준공년차":10.0,
            "가까운역이름":"NA",
            "가까운역거리":"NA",
            "역세권여부":"NA",
            "30분이내주요거점역":"NA",
            "30분거점역이름":"NA",
            "1시간이내주요거점역":"NA",
            "1시간거점역이름":"NA",
            "3km이내백화점수":0,
            "5km이내아울렛몰수":0,
            "1km이내대형먀트수":0,
            "500m이내은행수":0,
            "500m이내병원수":2,
            "5km이내대형병원수":1,
            "500m이내공원수":2,
            "3km이내혐오시설수":0,
            "초등학교학업성취도":90.0,
            "중학교학업성취도":82.6,
            "용적률":220,
            "건폐율":24,
            "Y":35.886093,
            "X":129.230786,
            "rank":14.0,
            "area_info":"29평(98.58), 34평(113.95), 34평(114.45)",
            "last_sales":"2021-12-30,31000.0,34평(113.95)",
            "rank_history":[
                [
                    "202202",
                    14
                ],
                [
                    "202201",
                    14
                ]
            ],
            "rank_gap":0
        },
        {
            "index":308,
            "아파트명":"세정스위츠리버",
            "투자타입":"일반",
            "전용면적(m2)":"109.93",
            "전용면적(평)":"33평",
            "법정동주소":"경상북도 경주시 현곡면 금장리 439",
            "도로명주소":"경상북도 경주시 안현로 43-9",
            "세대수":50,
            "입주년차":40,
            "용적률점수":"--",
            "건폐율점수":"--",
            "세대당주차수":30,
            "난방방식":30,
            "공급면적":"--",
            "전용률":"--",
            "욕실수":100,
            "현관타입":100,
            "주거총점":53.0,
            "지역구공급총점":0.0,
            "역세권":"NA",
            "30분내 이동가능 거점":"NA",
            "1시간내 이동가능 거점":"NA",
            "교통총점":"NA",
            "백화점":0,
            "아울렛몰":0,
            "대형마트":0,
            "은행":0,
            "병원":30,
            "종합병원":80,
            "공원":80,
            "혐오시설":0,
            "인프라총점":21.4,
            "초등학군":90.02,
            "중학군":48.56,
            "학군총점":56.852,
            "인구수":25.96,
            "인구증감":0.54,
            "인구총점":18.334,
            "일자리":19.87,
            "소득수준":67.99,
            "일자리총점":34.306,
            "가치 총점":41.323,
            "매매실거래년":20220125.0,
            "매매실거래가":25500.0,
            "전세실거래년":20210927.0,
            "전세실거래가":18000.0,
            "전세가율":70.59,
            "장기전세가율평균":74.02,
            "전세가율거품지수":3.43,
            "검색코드":27427,
            "세대수":423.0,
            "준공년월":"2007-02-09",
            "준공년차":16.0,
            "가까운역이름":"NA",
            "가까운역거리":"NA",
            "역세권여부":"NA",
            "30분이내주요거점역":"NA",
            "30분거점역이름":"NA",
            "1시간이내주요거점역":"NA",
            "1시간거점역이름":"NA",
            "3km이내백화점수":0,
            "5km이내아울렛몰수":0,
            "1km이내대형먀트수":0,
            "500m이내은행수":0,
            "500m이내병원수":5,
            "5km이내대형병원수":1,
            "500m이내공원수":1,
            "3km이내혐오시설수":0,
            "초등학교학업성취도":90.02,
            "중학교학업성취도":80.4,
            "용적률":219,
            "건폐율":22,
            "Y":35.870905,
            "X":129.202295,
            "rank":15.0,
            "area_info":"33평(109.93), 49평(162.92)",
            "last_sales":"2022-01-25,25500.0,33평(109.93)",
            "rank_history":[
                [
                    "202202",
                    15
                ],
                [
                    "202201",
                    15
                ]
            ],
            "rank_gap":0
        },
        {
            "index":404,
            "아파트명":"현대3차",
            "투자타입":"재건축",
            "전용면적(m2)":"72.76",
            "전용면적(평)":"22평",
            "법정동주소":"경상북도 경주시 황성동 535-10",
            "도로명주소":"경상북도 경주시 용담로104번길 41",
            "세대수":0,
            "입주년차":"--",
            "용적률점수":60,
            "건폐율점수":100,
            "세대당주차수":"--",
            "난방방식":"--",
            "공급면적":50,
            "전용률":80,
            "욕실수":"--",
            "현관타입":"--",
            "주거총점":50.5,
            "지역구공급총점":0.0,
            "역세권":"NA",
            "30분내 이동가능 거점":"NA",
            "1시간내 이동가능 거점":"NA",
            "교통총점":"NA",
            "백화점":0,
            "아울렛몰":0,
            "대형마트":0,
            "은행":0,
            "병원":60,
            "종합병원":80,
            "공원":100,
            "혐오시설":0,
            "인프라총점":25.0,
            "초등학군":90.0,
            "중학군":42.9,
            "학군총점":52.32,
            "인구수":25.96,
            "인구증감":0.54,
            "인구총점":18.334,
            "일자리":19.87,
            "소득수준":67.99,
            "일자리총점":34.306,
            "가치 총점":40.755,
            "매매실거래년":20211222.0,
            "매매실거래가":18900.0,
            "전세실거래년":20211106.0,
            "전세실거래가":13000.0,
            "전세가율":97.01,
            "장기전세가율평균":74.02,
            "전세가율거품지수":-22.99,
            "검색코드":4165,
            "세대수":117.0,
            "준공년월":"1992-08-29",
            "준공년차":31.0,
            "가까운역이름":"NA",
            "가까운역거리":"NA",
            "역세권여부":"NA",
            "30분이내주요거점역":"NA",
            "30분거점역이름":"NA",
            "1시간이내주요거점역":"NA",
            "1시간거점역이름":"NA",
            "3km이내백화점수":0,
            "5km이내아울렛몰수":0,
            "1km이내대형먀트수":0,
            "500m이내은행수":1,
            "500m이내병원수":22,
            "5km이내대형병원수":1,
            "500m이내공원수":2,
            "3km이내혐오시설수":0,
            "초등학교학업성취도":90.0,
            "중학교학업성취도":70.9,
            "용적률":184,
            "건폐율":19,
            "Y":35.867912,
            "X":129.21227,
            "rank":16.0,
            "area_info":"22평(72.76), 31평(103.81)",
            "last_sales":"2021-12-22,18900.0,31평(103.81)",
            "rank_history":[
                [
                    "202202",
                    16
                ],
                [
                    "202201",
                    17
                ]
            ],
            "rank_gap":1
        },
        {
            "index":305,
            "아파트명":"새한센시빌",
            "투자타입":"일반",
            "전용면적(m2)":"91.32",
            "전용면적(평)":"27평",
            "법정동주소":"경상북도 경주시 현곡면 금장리 347-4",
            "도로명주소":"경상북도 경주시 안현로 68-7",
            "세대수":50,
            "입주년차":40,
            "용적률점수":"--",
            "건폐율점수":"--",
            "세대당주차수":30,
            "난방방식":30,
            "공급면적":"--",
            "전용률":"--",
            "욕실수":100,
            "현관타입":100,
            "주거총점":53.0,
            "지역구공급총점":0.0,
            "역세권":"NA",
            "30분내 이동가능 거점":"NA",
            "1시간내 이동가능 거점":"NA",
            "교통총점":"NA",
            "백화점":0,
            "아울렛몰":0,
            "대형마트":0,
            "은행":0,
            "병원":10,
            "종합병원":80,
            "공원":80,
            "혐오시설":0,
            "인프라총점":19.4,
            "초등학군":90.0,
            "중학군":48.56,
            "학군총점":56.848,
            "인구수":25.96,
            "인구증감":0.54,
            "인구총점":18.334,
            "일자리":19.87,
            "소득수준":67.99,
            "일자리총점":34.306,
            "가치 총점":40.522,
            "매매실거래년":20220115.0,
            "매매실거래가":26900.0,
            "전세실거래년":20150817.0,
            "전세실거래가":17000.0,
            "전세가율":89.47,
            "장기전세가율평균":74.02,
            "전세가율거품지수":-15.45,
            "검색코드":101125,
            "세대수":480.0,
            "준공년월":"2006-03-13",
            "준공년차":17.0,
            "가까운역이름":"NA",
            "가까운역거리":"NA",
            "역세권여부":"NA",
            "30분이내주요거점역":"NA",
            "30분거점역이름":"NA",
            "1시간이내주요거점역":"NA",
            "1시간거점역이름":"NA",
            "3km이내백화점수":0,
            "5km이내아울렛몰수":0,
            "1km이내대형먀트수":0,
            "500m이내은행수":0,
            "500m이내병원수":3,
            "5km이내대형병원수":1,
            "500m이내공원수":1,
            "3km이내혐오시설수":0,
            "초등학교학업성취도":90.0,
            "중학교학업성취도":80.4,
            "용적률":200,
            "건폐율":26,
            "Y":35.87211,
            "X":129.207074,
            "rank":17.0,
            "area_info":"27평(91.32), 32평(105.96), 43평(142.28)",
            "last_sales":"2022-01-15,26900.0,43평(142.28)",
            "rank_history":[
                [
                    "202202",
                    17
                ],
                [
                    "202201",
                    16
                ]
            ],
            "rank_gap":-1
        },
        {
            "index":236,
            "아파트명":"경주휴엔하임퍼스트",
            "투자타입":"일반",
            "전용면적(m2)":"70.48",
            "전용면적(평)":"21평",
            "법정동주소":"경상북도 경주시 천북면 동산리 913",
            "도로명주소":"경상북도 경주시 동산3길 23-59",
            "세대수":50,
            "입주년차":100,
            "용적률점수":"--",
            "건폐율점수":"--",
            "세대당주차수":30,
            "난방방식":30,
            "공급면적":"--",
            "전용률":"--",
            "욕실수":50,
            "현관타입":100,
            "주거총점":60.0,
            "지역구공급총점":0.0,
            "역세권":"NA",
            "30분내 이동가능 거점":"NA",
            "1시간내 이동가능 거점":"NA",
            "교통총점":"NA",
            "백화점":0,
            "아울렛몰":0,
            "대형마트":80,
            "은행":0,
            "병원":0,
            "종합병원":0,
            "공원":0,
            "혐오시설":0,
            "인프라총점":12.0,
            "초등학군":90.0,
            "중학군":50.04,
            "학군총점":58.032,
            "인구수":25.96,
            "인구증감":0.54,
            "인구총점":18.334,
            "일자리":19.87,
            "소득수준":67.99,
            "일자리총점":34.306,
            "가치 총점":40.308,
            "매매실거래년":20220114.0,
            "매매실거래가":15000.0,
            "전세실거래년":20211112.0,
            "전세실거래가":14000.0,
            "전세가율":93.33,
            "장기전세가율평균":74.02,
            "전세가율거품지수":-19.31,
            "검색코드":113599,
            "세대수":659.0,
            "준공년월":"2019-04-26",
            "준공년차":4.0,
            "가까운역이름":"NA",
            "가까운역거리":"NA",
            "역세권여부":"NA",
            "30분이내주요거점역":"NA",
            "30분거점역이름":"NA",
            "1시간이내주요거점역":"NA",
            "1시간거점역이름":"NA",
            "3km이내백화점수":0,
            "5km이내아울렛몰수":0,
            "1km이내대형먀트수":1,
            "500m이내은행수":0,
            "500m이내병원수":1,
            "5km이내대형병원수":0,
            "500m이내공원수":0,
            "3km이내혐오시설수":0,
            "초등학교학업성취도":90.0,
            "중학교학업성취도":82.6,
            "용적률":133,
            "건폐율":13,
            "Y":35.898618,
            "X":129.268262,
            "rank":18.0,
            "area_info":"21평(70.48), 25평(84.54), 30평(101.63)",
            "last_sales":"2022-01-14,15000.0,21평(70.48)",
            "rank_history":[
                [
                    "202202",
                    18
                ],
                [
                    "202201",
                    28
                ]
            ],
            "rank_gap":10
        },
        {
            "index":310,
            "아파트명":"신한토탈",
            "투자타입":"일반",
            "전용면적(m2)":"79.07",
            "전용면적(평)":"23평",
            "법정동주소":"경상북도 경주시 현곡면 금장리 369",
            "도로명주소":"경상북도 경주시 금장5길 34",
            "세대수":90,
            "입주년차":0,
            "용적률점수":"--",
            "건폐율점수":"--",
            "세대당주차수":0,
            "난방방식":30,
            "공급면적":"--",
            "전용률":"--",
            "욕실수":50,
            "현관타입":100,
            "주거총점":49.5,
            "지역구공급총점":0.0,
            "역세권":"NA",
            "30분내 이동가능 거점":"NA",
            "1시간내 이동가능 거점":"NA",
            "교통총점":"NA",
            "백화점":0,
            "아울렛몰":0,
            "대형마트":0,
            "은행":0,
            "병원":30,
            "종합병원":80,
            "공원":80,
            "혐오시설":0,
            "인프라총점":21.4,
            "초등학군":90.02,
            "중학군":48.56,
            "학군총점":56.852,
            "인구수":25.96,
            "인구증감":0.54,
            "인구총점":18.334,
            "일자리":19.87,
            "소득수준":67.99,
            "일자리총점":34.306,
            "가치 총점":40.098,
            "매매실거래년":20220113.0,
            "매매실거래가":27000.0,
            "전세실거래년":20220105.0,
            "전세실거래가":13000.0,
            "전세가율":92.86,
            "장기전세가율평균":74.02,
            "전세가율거품지수":-18.84,
            "검색코드":4139,
            "세대수":904.0,
            "준공년월":"1998-10-22",
            "준공년차":25.0,
            "가까운역이름":"NA",
            "가까운역거리":"NA",
            "역세권여부":"NA",
            "30분이내주요거점역":"NA",
            "30분거점역이름":"NA",
            "1시간이내주요거점역":"NA",
            "1시간거점역이름":"NA",
            "3km이내백화점수":0,
            "5km이내아울렛몰수":0,
            "1km이내대형먀트수":0,
            "500m이내은행수":0,
            "500m이내병원수":5,
            "5km이내대형병원수":1,
            "500m이내공원수":1,
            "3km이내혐오시설수":0,
            "초등학교학업성취도":90.02,
            "중학교학업성취도":80.4,
            "용적률":0,
            "건폐율":0,
            "Y":35.87127,
            "X":129.204559,
            "rank":19.0,
            "area_info":"23평(79.07), 32평(105.95), 41평(137.75), 47평(158.26)",
            "last_sales":"2022-01-13,27000.0,47평(158.26)",
            "rank_history":[
                [
                    "202202",
                    19
                ],
                [
                    "202201",
                    18
                ]
            ],
            "rank_gap":-1
        },
        {
            "index":296,
            "아파트명":"금장성호마루한뷰",
            "투자타입":"일반",
            "전용면적(m2)":"113.79",
            "전용면적(평)":"34평",
            "법정동주소":"경상북도 경주시 현곡면 금장리 407",
            "도로명주소":"경상북도 경주시 용담로 174",
            "세대수":0,
            "입주년차":80,
            "용적률점수":"--",
            "건폐율점수":"--",
            "세대당주차수":60,
            "난방방식":30,
            "공급면적":"--",
            "전용률":"--",
            "욕실수":100,
            "현관타입":100,
            "주거총점":48.0,
            "지역구공급총점":0.0,
            "역세권":"NA",
            "30분내 이동가능 거점":"NA",
            "1시간내 이동가능 거점":"NA",
            "교통총점":"NA",
            "백화점":0,
            "아울렛몰":0,
            "대형마트":0,
            "은행":0,
            "병원":30,
            "종합병원":80,
            "공원":100,
            "혐오시설":0,
            "인프라총점":22.0,
            "초등학군":90.02,
            "중학군":48.56,
            "학군총점":56.852,
            "인구수":25.96,
            "인구증감":0.54,
            "인구총점":18.334,
            "일자리":19.87,
            "소득수준":67.99,
            "일자리총점":34.306,
            "가치 총점":39.813,
            "매매실거래년":20180824.0,
            "매매실거래가":29530.0,
            "전세실거래년":null,
            "전세실거래가":null,
            "전세가율":null,
            "장기전세가율평균":74.02,
            "전세가율거품지수":null,
            "검색코드":111838,
            "세대수":131.0,
            "준공년월":"2018-08-10",
            "준공년차":5.0,
            "가까운역이름":"NA",
            "가까운역거리":"NA",
            "역세권여부":"NA",
            "30분이내주요거점역":"NA",
            "30분거점역이름":"NA",
            "1시간이내주요거점역":"NA",
            "1시간거점역이름":"NA",
            "3km이내백화점수":0,
            "5km이내아울렛몰수":0,
            "1km이내대형먀트수":0,
            "500m이내은행수":0,
            "500m이내병원수":5,
            "5km이내대형병원수":1,
            "500m이내공원수":2,
            "3km이내혐오시설수":0,
            "초등학교학업성취도":90.02,
            "중학교학업성취도":80.4,
            "용적률":654,
            "건폐율":58,
            "Y":35.867505,
            "X":129.203638,
            "rank":20.0,
            "area_info":"34평(113.79), 34평(113.85), 34평(113.85), 34평(114.21), 34평(114.69), 35평(116.03)",
            "last_sales":"2018-08-24,29530.0,35평(116.03)",
            "rank_history":[
                [
                    "202202",
                    20
                ],
                [
                    "202201",
                    19
                ]
            ],
            "rank_gap":-1
        },
        {
            "index":3,
            "아파트명":"위덕삼성타운",
            "투자타입":"일반",
            "전용면적(m2)":"49.79",
            "전용면적(평)":"15평",
            "법정동주소":"경상북도 경주시 강동면 유금리 378",
            "도로명주소":"경상북도 경주시 동해대로 166-11",
            "세대수":90,
            "입주년차":20,
            "용적률점수":"--",
            "건폐율점수":"--",
            "세대당주차수":30,
            "난방방식":30,
            "공급면적":"--",
            "전용률":"--",
            "욕실수":50,
            "현관타입":10,
            "주거총점":49.0,
            "지역구공급총점":0.0,
            "역세권":"NA",
            "30분내 이동가능 거점":"NA",
            "1시간내 이동가능 거점":"NA",
            "교통총점":"NA",
            "백화점":0,
            "아울렛몰":0,
            "대형마트":0,
            "은행":0,
            "병원":0,
            "종합병원":80,
            "공원":0,
            "혐오시설":0,
            "인프라총점":16.0,
            "초등학군":89.96,
            "중학군":50.32,
            "학군총점":58.248,
            "인구수":25.96,
            "인구증감":0.54,
            "인구총점":18.334,
            "일자리":19.87,
            "소득수준":67.99,
            "일자리총점":34.306,
            "가치 총점":38.112,
            "매매실거래년":20220128.0,
            "매매실거래가":3500.0,
            "전세실거래년":20210112.0,
            "전세실거래가":510.0,
            "전세가율":14.57,
            "장기전세가율평균":74.02,
            "전세가율거품지수":59.45,
            "검색코드":108876,
            "세대수":960.0,
            "준공년월":"1999-08-16",
            "준공년차":24.0,
            "가까운역이름":"NA",
            "가까운역거리":"NA",
            "역세권여부":"NA",
            "30분이내주요거점역":"NA",
            "30분거점역이름":"NA",
            "1시간이내주요거점역":"NA",
            "1시간거점역이름":"NA",
            "3km이내백화점수":0,
            "5km이내아울렛몰수":0,
            "1km이내대형먀트수":0,
            "500m이내은행수":0,
            "500m이내병원수":0,
            "5km이내대형병원수":1,
            "500m이내공원수":0,
            "3km이내혐오시설수":0,
            "초등학교학업성취도":89.96,
            "중학교학업성취도":83.6,
            "용적률":95,
            "건폐율":22,
            "Y":36.006298,
            "X":129.286871,
            "rank":21.0,
            "area_info":"15평(49.79), 19평(63.96)",
            "last_sales":"2022-01-28,3500.0,15평(49.79)",
            "rank_history":[
                [
                    "202202",
                    21
                ],
                [
                    "202201",
                    20
                ]
            ],
            "rank_gap":-1
        },
        {
            "index":212,
            "아파트명":"장미타워맨션",
            "투자타입":"일반",
            "전용면적(m2)":"75.35",
            "전용면적(평)":"22평",
            "법정동주소":"경상북도 경주시 용강동 1291-2",
            "도로명주소":"경상북도 경주시 승삼2길 30",
            "세대수":30,
            "입주년차":0,
            "용적률점수":"--",
            "건폐율점수":"--",
            "세대당주차수":0,
            "난방방식":30,
            "공급면적":"--",
            "전용률":"--",
            "욕실수":50,
            "현관타입":100,
            "주거총점":28.5,
            "지역구공급총점":0.0,
            "역세권":"NA",
            "30분내 이동가능 거점":"NA",
            "1시간내 이동가능 거점":"NA",
            "교통총점":"NA",
            "백화점":0,
            "아울렛몰":0,
            "대형마트":80,
            "은행":0,
            "병원":30,
            "종합병원":80,
            "공원":80,
            "혐오시설":0,
            "인프라총점":33.4,
            "초등학군":90.01,
            "중학군":50.04,
            "학군총점":58.034,
            "인구수":25.96,
            "인구증감":0.54,
            "인구총점":18.334,
            "일자리":19.87,
            "소득수준":67.99,
            "일자리총점":34.306,
            "가치 총점":37.8435,
            "매매실거래년":20220119.0,
            "매매실거래가":12000.0,
            "전세실거래년":20220110.0,
            "전세실거래가":10000.0,
            "전세가율":103.09,
            "장기전세가율평균":74.02,
            "전세가율거품지수":-29.07,
            "검색코드":15862,
            "세대수":300.0,
            "준공년월":"1993-02-13",
            "준공년차":30.0,
            "가까운역이름":"NA",
            "가까운역거리":"NA",
            "역세권여부":"NA",
            "30분이내주요거점역":"NA",
            "30분거점역이름":"NA",
            "1시간이내주요거점역":"NA",
            "1시간거점역이름":"NA",
            "3km이내백화점수":0,
            "5km이내아울렛몰수":0,
            "1km이내대형먀트수":1,
            "500m이내은행수":1,
            "500m이내병원수":5,
            "5km이내대형병원수":1,
            "500m이내공원수":1,
            "3km이내혐오시설수":0,
            "초등학교학업성취도":90.01,
            "중학교학업성취도":82.6,
            "용적률":168,
            "건폐율":12,
            "Y":35.874502,
            "X":129.227176,
            "rank":22.0,
            "area_info":"22평(75.35), 24평(82.33), 27평(91.0)",
            "last_sales":"2022-01-19,12000.0,27평(91.0)",
            "rank_history":[
                [
                    "202202",
                    22
                ],
                [
                    "202201",
                    22
                ]
            ],
            "rank_gap":0
        },
        {
            "index":383,
            "아파트명":"청우타운3차",
            "투자타입":"일반",
            "전용면적(m2)":"60.53",
            "전용면적(평)":"18평",
            "법정동주소":"경상북도 경주시 황성동 241-4",
            "도로명주소":"경상북도 경주시 황성로69번길 10",
            "세대수":50,
            "입주년차":0,
            "용적률점수":"--",
            "건폐율점수":"--",
            "세대당주차수":0,
            "난방방식":30,
            "공급면적":"--",
            "전용률":"--",
            "욕실수":50,
            "현관타입":10,
            "주거총점":26.5,
            "지역구공급총점":0.0,
            "역세권":"NA",
            "30분내 이동가능 거점":"NA",
            "1시간내 이동가능 거점":"NA",
            "교통총점":"NA",
            "백화점":0,
            "아울렛몰":0,
            "대형마트":80,
            "은행":0,
            "병원":60,
            "종합병원":80,
            "공원":100,
            "혐오시설":0,
            "인프라총점":37.0,
            "초등학군":90.0,
            "중학군":42.9,
            "학군총점":52.32,
            "인구수":25.96,
            "인구증감":0.54,
            "인구총점":18.334,
            "일자리":19.87,
            "소득수준":67.99,
            "일자리총점":34.306,
            "가치 총점":37.155,
            "매매실거래년":20220115.0,
            "매매실거래가":19400.0,
            "전세실거래년":20220121.0,
            "전세실거래가":6500.0,
            "전세가율":92.86,
            "장기전세가율평균":74.02,
            "전세가율거품지수":-18.84,
            "검색코드":4169,
            "세대수":480.0,
            "준공년월":"1997-06-27",
            "준공년차":26.0,
            "가까운역이름":"NA",
            "가까운역거리":"NA",
            "역세권여부":"NA",
            "30분이내주요거점역":"NA",
            "30분거점역이름":"NA",
            "1시간이내주요거점역":"NA",
            "1시간거점역이름":"NA",
            "3km이내백화점수":0,
            "5km이내아울렛몰수":0,
            "1km이내대형먀트수":1,
            "500m이내은행수":0,
            "500m이내병원수":13,
            "5km이내대형병원수":1,
            "500m이내공원수":2,
            "3km이내혐오시설수":0,
            "초등학교학업성취도":90.0,
            "중학교학업성취도":70.9,
            "용적률":162,
            "건폐율":66,
            "Y":35.868743,
            "X":129.217454,
            "rank":23.0,
            "area_info":"18평(60.53), 22평(74.43), 30평(99.19), 33평(111.61), 45평(149.81)",
            "last_sales":"2022-01-15,19400.0,30평(99.19)",
            "rank_history":[
                [
                    "202202",
                    23
                ],
                [
                    "202201",
                    30
                ]
            ],
            "rank_gap":7
        },
        {
            "index":188,
            "아파트명":"계림",
            "투자타입":"일반",
            "전용면적(m2)":"65.81",
            "전용면적(평)":"19평",
            "법정동주소":"경상북도 경주시 용강동 1291",
            "도로명주소":"경상북도 경주시 승삼2길 8",
            "세대수":50,
            "입주년차":0,
            "용적률점수":"--",
            "건폐율점수":"--",
            "세대당주차수":0,
            "난방방식":30,
            "공급면적":"--",
            "전용률":"--",
            "욕실수":50,
            "현관타입":10,
            "주거총점":26.5,
            "지역구공급총점":0.0,
            "역세권":"NA",
            "30분내 이동가능 거점":"NA",
            "1시간내 이동가능 거점":"NA",
            "교통총점":"NA",
            "백화점":0,
            "아울렛몰":0,
            "대형마트":80,
            "은행":0,
            "병원":30,
            "종합병원":80,
            "공원":80,
            "혐오시설":0,
            "인프라총점":33.4,
            "초등학군":90.01,
            "중학군":50.04,
            "학군총점":58.034,
            "인구수":25.96,
            "인구증감":0.54,
            "인구총점":18.334,
            "일자리":19.87,
            "소득수준":67.99,
            "일자리총점":34.306,
            "가치 총점":37.1435,
            "매매실거래년":20211215.0,
            "매매실거래가":5000.0,
            "전세실거래년":20211029.0,
            "전세실거래가":7500.0,
            "전세가율":150.0,
            "장기전세가율평균":74.02,
            "전세가율거품지수":-75.98,
            "검색코드":15846,
            "세대수":420.0,
            "준공년월":"1993-07-30",
            "준공년차":30.0,
            "가까운역이름":"NA",
            "가까운역거리":"NA",
            "역세권여부":"NA",
            "30분이내주요거점역":"NA",
            "30분거점역이름":"NA",
            "1시간이내주요거점역":"NA",
            "1시간거점역이름":"NA",
            "3km이내백화점수":0,
            "5km이내아울렛몰수":0,
            "1km이내대형먀트수":1,
            "500m이내은행수":1,
            "500m이내병원수":5,
            "5km이내대형병원수":1,
            "500m이내공원수":1,
            "3km이내혐오시설수":0,
            "초등학교학업성취도":90.01,
            "중학교학업성취도":82.6,
            "용적률":235,
            "건폐율":17,
            "Y":35.876296,
            "X":129.227979,
            "rank":24.0,
            "area_info":"19평(65.81)",
            "last_sales":"2021-12-15,5000.0,19평(65.81)",
            "rank_history":[
                [
                    "202202",
                    24
                ],
                [
                    "202201",
                    26
                ]
            ],
            "rank_gap":2
        },
        {
            "index":156,
            "아파트명":"경주외동미소지움",
            "투자타입":"일반",
            "전용면적(m2)":"81.97",
            "전용면적(평)":"24평",
            "법정동주소":"경상북도 경주시 외동읍 입실리 1396",
            "도로명주소":"경상북도 경주시 외남로 1737-15",
            "세대수":80,
            "입주년차":80,
            "용적률점수":"--",
            "건폐율점수":"--",
            "세대당주차수":30,
            "난방방식":30,
            "공급면적":"--",
            "전용률":"--",
            "욕실수":100,
            "현관타입":100,
            "주거총점":71.5,
            "지역구공급총점":0.0,
            "역세권":"NA",
            "30분내 이동가능 거점":"NA",
            "1시간내 이동가능 거점":"NA",
            "교통총점":"NA",
            "백화점":0,
            "아울렛몰":0,
            "대형마트":0,
            "은행":0,
            "병원":0,
            "종합병원":0,
            "공원":0,
            "혐오시설":0,
            "인프라총점":0.0,
            "초등학군":89.99,
            "중학군":37.74,
            "학군총점":48.19,
            "인구수":25.96,
            "인구증감":0.54,
            "인구총점":18.334,
            "일자리":19.87,
            "소득수준":67.99,
            "일자리총점":34.306,
            "가치 총점":37.0725,
            "매매실거래년":20211201.0,
            "매매실거래가":20000.0,
            "전세실거래년":20211103.0,
            "전세실거래가":12500.0,
            "전세가율":89.29,
            "장기전세가율평균":74.02,
            "전세가율거품지수":-15.27,
            "검색코드":112536,
            "세대수":793.0,
            "준공년월":"2018-06-04",
            "준공년차":5.0,
            "가까운역이름":"NA",
            "가까운역거리":"NA",
            "역세권여부":"NA",
            "30분이내주요거점역":"NA",
            "30분거점역이름":"NA",
            "1시간이내주요거점역":"NA",
            "1시간거점역이름":"NA",
            "3km이내백화점수":0,
            "5km이내아울렛몰수":0,
            "1km이내대형먀트수":0,
            "500m이내은행수":0,
            "500m이내병원수":0,
            "5km이내대형병원수":0,
            "500m이내공원수":0,
            "3km이내혐오시설수":0,
            "초등학교학업성취도":89.99,
            "중학교학업성취도":62.9,
            "용적률":148,
            "건폐율":16,
            "Y":35.720738,
            "X":129.341591,
            "rank":25.0,
            "area_info":"24평(81.97), 24평(82.48), 24평(82.42), 34평(112.72), 34평(113.12)",
            "last_sales":"2021-12-01,20000.0,34평(113.12)",
            "rank_history":[
                [
                    "202202",
                    25
                ],
                [
                    "202201",
                    21
                ]
            ],
            "rank_gap":-4
        },
        {
            "index":264,
            "아파트명":"충효대우2차",
            "투자타입":"일반",
            "전용면적(m2)":"77.57",
            "전용면적(평)":"23평",
            "법정동주소":"경상북도 경주시 충효동 2942",
            "도로명주소":"경상북도 경주시 충효5길 13",
            "세대수":50,
            "입주년차":0,
            "용적률점수":"--",
            "건폐율점수":"--",
            "세대당주차수":0,
            "난방방식":30,
            "공급면적":"--",
            "전용률":"--",
            "욕실수":50,
            "현관타입":100,
            "주거총점":35.5,
            "지역구공급총점":0.0,
            "역세권":"NA",
            "30분내 이동가능 거점":"NA",
            "1시간내 이동가능 거점":"NA",
            "교통총점":"NA",
            "백화점":0,
            "아울렛몰":0,
            "대형마트":0,
            "은행":0,
            "병원":30,
            "종합병원":80,
            "공원":100,
            "혐오시설":0,
            "인프라총점":22.0,
            "초등학군":90.0,
            "중학군":56.56,
            "학군총점":63.248,
            "인구수":25.96,
            "인구증감":0.54,
            "인구총점":18.334,
            "일자리":19.87,
            "소득수준":67.99,
            "일자리총점":34.306,
            "가치 총점":37.037,
            "매매실거래년":20211228.0,
            "매매실거래가":20000.0,
            "전세실거래년":20211111.0,
            "전세실거래가":8000.0,
            "전세가율":80.0,
            "장기전세가율평균":74.02,
            "전세가율거품지수":-5.98,
            "검색코드":15525,
            "세대수":420.0,
            "준공년월":"1996-12-17",
            "준공년차":27.0,
            "가까운역이름":"NA",
            "가까운역거리":"NA",
            "역세권여부":"NA",
            "30분이내주요거점역":"NA",
            "30분거점역이름":"NA",
            "1시간이내주요거점역":"NA",
            "1시간거점역이름":"NA",
            "3km이내백화점수":0,
            "5km이내아울렛몰수":0,
            "1km이내대형먀트수":0,
            "500m이내은행수":0,
            "500m이내병원수":5,
            "5km이내대형병원수":1,
            "500m이내공원수":3,
            "3km이내혐오시설수":0,
            "초등학교학업성취도":90.0,
            "중학교학업성취도":93.0,
            "용적률":243,
            "건폐율":23,
            "Y":35.845246,
            "X":129.178694,
            "rank":26.0,
            "area_info":"23평(77.57), 31평(104.4), 47평(158.51)",
            "last_sales":"2021-12-28,20000.0,47평(158.51)",
            "rank_history":[
                [
                    "202202",
                    26
                ],
                [
                    "202201",
                    25
                ]
            ],
            "rank_gap":-1
        },
        {
            "index":219,
            "아파트명":"현진에버빌2차",
            "투자타입":"일반",
            "전용면적(m2)":"112.77",
            "전용면적(평)":"34평",
            "법정동주소":"경상북도 경주시 용강동 1380",
            "도로명주소":"경상북도 경주시 광중길 73-6",
            "세대수":30,
            "입주년차":60,
            "용적률점수":"--",
            "건폐율점수":"--",
            "세대당주차수":30,
            "난방방식":30,
            "공급면적":"--",
            "전용률":"--",
            "욕실수":100,
            "현관타입":10,
            "주거총점":41.0,
            "지역구공급총점":0.0,
            "역세권":"NA",
            "30분내 이동가능 거점":"NA",
            "1시간내 이동가능 거점":"NA",
            "교통총점":"NA",
            "백화점":0,
            "아울렛몰":0,
            "대형마트":0,
            "은행":0,
            "병원":10,
            "종합병원":80,
            "공원":100,
            "혐오시설":0,
            "인프라총점":20.0,
            "초등학군":90.0,
            "중학군":50.04,
            "학군총점":58.032,
            "인구수":25.96,
            "인구증감":0.54,
            "인구총점":18.334,
            "일자리":19.87,
            "소득수준":67.99,
            "일자리총점":34.306,
            "가치 총점":36.858,
            "매매실거래년":20211129.0,
            "매매실거래가":31500.0,
            "전세실거래년":20210812.0,
            "전세실거래가":25000.0,
            "전세가율":81.97,
            "장기전세가율평균":74.02,
            "전세가율거품지수":-7.95,
            "검색코드":101752,
            "세대수":383.0,
            "준공년월":"2009-07-28",
            "준공년차":14.0,
            "가까운역이름":"NA",
            "가까운역거리":"NA",
            "역세권여부":"NA",
            "30분이내주요거점역":"NA",
            "30분거점역이름":"NA",
            "1시간이내주요거점역":"NA",
            "1시간거점역이름":"NA",
            "3km이내백화점수":0,
            "5km이내아울렛몰수":0,
            "1km이내대형먀트수":0,
            "500m이내은행수":0,
            "500m이내병원수":4,
            "5km이내대형병원수":1,
            "500m이내공원수":4,
            "3km이내혐오시설수":0,
            "초등학교학업성취도":90.0,
            "중학교학업성취도":82.6,
            "용적률":251,
            "건폐율":24,
            "Y":35.885724,
            "X":129.224458,
            "rank":27.0,
            "area_info":"34평(112.77), 34평(112.76), 34평(112.98), 41평(137.58), 41평(137.71), 46평(152.57)",
            "last_sales":"2021-11-29,31500.0,34평(112.76)",
            "rank_history":[
                [
                    "202202",
                    27
                ],
                [
                    "202201",
                    23
                ]
            ],
            "rank_gap":-4
        },
        {
            "index":40,
            "아파트명":"경주명사마을",
            "투자타입":"일반",
            "전용면적(m2)":"141.64",
            "전용면적(평)":"42평",
            "법정동주소":"경상북도 경주시 서부동 19",
            "도로명주소":"경상북도 경주시 북성로 61",
            "세대수":0,
            "입주년차":20,
            "용적률점수":"--",
            "건폐율점수":"--",
            "세대당주차수":80,
            "난방방식":30,
            "공급면적":"--",
            "전용률":"--",
            "욕실수":100,
            "현관타입":100,
            "주거총점":39.0,
            "지역구공급총점":0.0,
            "역세권":"NA",
            "30분내 이동가능 거점":"NA",
            "1시간내 이동가능 거점":"NA",
            "교통총점":"NA",
            "백화점":0,
            "아울렛몰":0,
            "대형마트":0,
            "은행":0,
            "병원":60,
            "종합병원":80,
            "공원":80,
            "혐오시설":0,
            "인프라총점":24.4,
            "초등학군":90.03,
            "중학군":42.74,
            "학군총점":52.198,
            "인구수":25.96,
            "인구증감":0.54,
            "인구총점":18.334,
            "일자리":19.87,
            "소득수준":67.99,
            "일자리총점":34.306,
            "가치 총점":36.4595,
            "매매실거래년":20211115.0,
            "매매실거래가":34000.0,
            "전세실거래년":20190802.0,
            "전세실거래가":5000.0,
            "전세가율":14.71,
            "장기전세가율평균":74.02,
            "전세가율거품지수":59.31,
            "검색코드":4110,
            "세대수":260.0,
            "준공년월":"2002-04-01",
            "준공년차":21.0,
            "가까운역이름":"NA",
            "가까운역거리":"NA",
            "역세권여부":"NA",
            "30분이내주요거점역":"NA",
            "30분거점역이름":"NA",
            "1시간이내주요거점역":"NA",
            "1시간거점역이름":"NA",
            "3km이내백화점수":0,
            "5km이내아울렛몰수":0,
            "1km이내대형먀트수":0,
            "500m이내은행수":1,
            "500m이내병원수":16,
            "5km이내대형병원수":1,
            "500m이내공원수":1,
            "3km이내혐오시설수":0,
            "초등학교학업성취도":90.03,
            "중학교학업성취도":70.7,
            "용적률":109,
            "건폐율":30,
            "Y":35.848716,
            "X":129.20859,
            "rank":28.0,
            "area_info":"42평(141.64), 50평(167.31), 73평(242.62)",
            "last_sales":"2021-11-15,34000.0,42평(141.64)",
            "rank_history":[
                [
                    "202202",
                    28
                ],
                [
                    "202201",
                    29
                ]
            ],
            "rank_gap":1
        },
        {
            "index":242,
            "아파트명":"경주충효신원아침도시",
            "투자타입":"일반",
            "전용면적(m2)":"99.57",
            "전용면적(평)":"30평",
            "법정동주소":"경상북도 경주시 충효동 3022",
            "도로명주소":"경상북도 경주시 충효1길 8",
            "세대수":0,
            "입주년차":80,
            "용적률점수":"--",
            "건폐율점수":"--",
            "세대당주차수":30,
            "난방방식":30,
            "공급면적":"--",
            "전용률":"--",
            "욕실수":100,
            "현관타입":100,
            "주거총점":43.5,
            "지역구공급총점":0.0,
            "역세권":"NA",
            "30분내 이동가능 거점":"NA",
            "1시간내 이동가능 거점":"NA",
            "교통총점":"NA",
            "백화점":0,
            "아울렛몰":0,
            "대형마트":0,
            "은행":0,
            "병원":0,
            "종합병원":80,
            "공원":100,
            "혐오시설":0,
            "인프라총점":19.0,
            "초등학군":90.0,
            "중학군":45.24,
            "학군총점":54.192,
            "인구수":25.96,
            "인구증감":0.54,
            "인구총점":18.334,
            "일자리":19.87,
            "소득수준":67.99,
            "일자리총점":34.306,
            "가치 총점":36.373,
            "매매실거래년":20210312.0,
            "매매실거래가":24200.0,
            "전세실거래년":20200304.0,
            "전세실거래가":17000.0,
            "전세가율":78.34,
            "장기전세가율평균":74.02,
            "전세가율거품지수":-4.32,
            "검색코드":107845,
            "세대수":229.0,
            "준공년월":"2015-02-27",
            "준공년차":8.0,
            "가까운역이름":"NA",
            "가까운역거리":"NA",
            "역세권여부":"NA",
            "30분이내주요거점역":"NA",
            "30분거점역이름":"NA",
            "1시간이내주요거점역":"NA",
            "1시간거점역이름":"NA",
            "3km이내백화점수":0,
            "5km이내아울렛몰수":0,
            "1km이내대형먀트수":0,
            "500m이내은행수":0,
            "500m이내병원수":1,
            "5km이내대형병원수":1,
            "500m이내공원수":2,
            "3km이내혐오시설수":0,
            "초등학교학업성취도":90.0,
            "중학교학업성취도":74.0,
            "용적률":199,
            "건폐율":34,
            "Y":35.839897,
            "X":129.191034,
            "rank":29.0,
            "area_info":"30평(99.57), 31평(103.63), 32평(107.33), 32평(107.22), 32평(107.08), 32평(107.6), 32평(107.69)",
            "last_sales":"2021-03-12,24200.0,32평(107.69)",
            "rank_history":[
                [
                    "202202",
                    29
                ],
                [
                    "202201",
                    24
                ]
            ],
            "rank_gap":-5
        },
        {
            "index":262,
            "아파트명":"충효대우1차",
            "투자타입":"일반",
            "전용면적(m2)":"77.77",
            "전용면적(평)":"23평",
            "법정동주소":"경상북도 경주시 충효동 2927",
            "도로명주소":"경상북도 경주시 충효녹지길 142-9",
            "세대수":50,
            "입주년차":0,
            "용적률점수":"--",
            "건폐율점수":"--",
            "세대당주차수":0,
            "난방방식":30,
            "공급면적":"--",
            "전용률":"--",
            "욕실수":50,
            "현관타입":100,
            "주거총점":35.5,
            "지역구공급총점":0.0,
            "역세권":"NA",
            "30분내 이동가능 거점":"NA",
            "1시간내 이동가능 거점":"NA",
            "교통총점":"NA",
            "백화점":0,
            "아울렛몰":0,
            "대형마트":0,
            "은행":0,
            "병원":10,
            "종합병원":80,
            "공원":80,
            "혐오시설":0,
            "인프라총점":19.4,
            "초등학군":90.0,
            "중학군":56.56,
            "학군총점":63.248,
            "인구수":25.96,
            "인구증감":0.54,
            "인구총점":18.334,
            "일자리":19.87,
            "소득수준":67.99,
            "일자리총점":34.306,
            "가치 총점":35.997,
            "매매실거래년":20220114.0,
            "매매실거래가":14000.0,
            "전세실거래년":20211029.0,
            "전세실거래가":11000.0,
            "전세가율":100.0,
            "장기전세가율평균":74.02,
            "전세가율거품지수":-25.98,
            "검색코드":15521,
            "세대수":433.0,
            "준공년월":"1996-07-13",
            "준공년차":27.0,
            "가까운역이름":"NA",
            "가까운역거리":"NA",
            "역세권여부":"NA",
            "30분이내주요거점역":"NA",
            "30분거점역이름":"NA",
            "1시간이내주요거점역":"NA",
            "1시간거점역이름":"NA",
            "3km이내백화점수":0,
            "5km이내아울렛몰수":0,
            "1km이내대형먀트수":0,
            "500m이내은행수":0,
            "500m이내병원수":3,
            "5km이내대형병원수":1,
            "500m이내공원수":1,
            "3km이내혐오시설수":0,
            "초등학교학업성취도":90.0,
            "중학교학업성취도":93.0,
            "용적률":265,
            "건폐율":12,
            "Y":35.846028,
            "X":129.175219,
            "rank":30.0,
            "area_info":"23평(77.77), 31평(104.74)",
            "last_sales":"2022-01-14,14000.0,31평(104.74)",
            "rank_history":[
                [
                    "202202",
                    30
                ],
                [
                    "202201",
                    27
                ]
            ],
            "rank_gap":-3
        },
        {
            "index":198,
            "아파트명":"보우근화",
            "투자타입":"일반",
            "전용면적(m2)":"82.81",
            "전용면적(평)":"25평",
            "법정동주소":"경상북도 경주시 용강동 1291-3",
            "도로명주소":"경상북도 경주시 승삼2길 46",
            "세대수":0,
            "입주년차":0,
            "용적률점수":"--",
            "건폐율점수":"--",
            "세대당주차수":0,
            "난방방식":30,
            "공급면적":"--",
            "전용률":"--",
            "욕실수":100,
            "현관타입":100,
            "주거총점":23.0,
            "지역구공급총점":0.0,
            "역세권":"NA",
            "30분내 이동가능 거점":"NA",
            "1시간내 이동가능 거점":"NA",
            "교통총점":"NA",
            "백화점":0,
            "아울렛몰":0,
            "대형마트":80,
            "은행":0,
            "병원":30,
            "종합병원":80,
            "공원":80,
            "혐오시설":0,
            "인프라총점":33.4,
            "초등학군":90.01,
            "중학군":50.04,
            "학군총점":58.034,
            "인구수":25.96,
            "인구증감":0.54,
            "인구총점":18.334,
            "일자리":19.87,
            "소득수준":67.99,
            "일자리총점":34.306,
            "가치 총점":35.9185,
            "매매실거래년":20211231.0,
            "매매실거래가":9300.0,
            "전세실거래년":20211230.0,
            "전세실거래가":7000.0,
            "전세가율":75.27,
            "장기전세가율평균":74.02,
            "전세가율거품지수":-1.25,
            "검색코드":15853,
            "세대수":180.0,
            "준공년월":"1993-03-09",
            "준공년차":30.0,
            "가까운역이름":"NA",
            "가까운역거리":"NA",
            "역세권여부":"NA",
            "30분이내주요거점역":"NA",
            "30분거점역이름":"NA",
            "1시간이내주요거점역":"NA",
            "1시간거점역이름":"NA",
            "3km이내백화점수":0,
            "5km이내아울렛몰수":0,
            "1km이내대형먀트수":1,
            "500m이내은행수":1,
            "500m이내병원수":5,
            "5km이내대형병원수":1,
            "500m이내공원수":1,
            "3km이내혐오시설수":0,
            "초등학교학업성취도":90.01,
            "중학교학업성취도":82.6,
            "용적률":166,
            "건폐율":13,
            "Y":35.87311,
            "X":129.226734,
            "rank":31.0,
            "area_info":"25평(82.81)",
            "last_sales":"2021-12-31,9300.0,25평(82.81)",
            "rank_history":[
                [
                    "202202",
                    31
                ],
                [
                    "202201",
                    32
                ]
            ],
            "rank_gap":1
        },
        {
            "index":302,
            "아파트명":"삼성강변타운",
            "투자타입":"일반",
            "전용면적(m2)":"75.39",
            "전용면적(평)":"22평",
            "법정동주소":"경상북도 경주시 현곡면 금장리 399",
            "도로명주소":"경상북도 경주시 금장5길 20-14",
            "세대수":50,
            "입주년차":0,
            "용적률점수":"--",
            "건폐율점수":"--",
            "세대당주차수":0,
            "난방방식":30,
            "공급면적":"--",
            "전용률":"--",
            "욕실수":50,
            "현관타입":100,
            "주거총점":35.5,
            "지역구공급총점":0.0,
            "역세권":"NA",
            "30분내 이동가능 거점":"NA",
            "1시간내 이동가능 거점":"NA",
            "교통총점":"NA",
            "백화점":0,
            "아울렛몰":0,
            "대형마트":0,
            "은행":0,
            "병원":30,
            "종합병원":80,
            "공원":80,
            "혐오시설":0,
            "인프라총점":21.4,
            "초등학군":90.02,
            "중학군":48.56,
            "학군총점":56.852,
            "인구수":25.96,
            "인구증감":0.54,
            "인구총점":18.334,
            "일자리":19.87,
            "소득수준":67.99,
            "일자리총점":34.306,
            "가치 총점":35.198,
            "매매실거래년":20220112.0,
            "매매실거래가":14000.0,
            "전세실거래년":20211112.0,
            "전세실거래가":12000.0,
            "전세가율":85.71,
            "장기전세가율평균":74.02,
            "전세가율거품지수":-11.69,
            "검색코드":4141,
            "세대수":563.0,
            "준공년월":"1996-09-05",
            "준공년차":27.0,
            "가까운역이름":"NA",
            "가까운역거리":"NA",
            "역세권여부":"NA",
            "30분이내주요거점역":"NA",
            "30분거점역이름":"NA",
            "1시간이내주요거점역":"NA",
            "1시간거점역이름":"NA",
            "3km이내백화점수":0,
            "5km이내아울렛몰수":0,
            "1km이내대형먀트수":0,
            "500m이내은행수":0,
            "500m이내병원수":5,
            "5km이내대형병원수":1,
            "500m이내공원수":1,
            "3km이내혐오시설수":0,
            "초등학교학업성취도":90.02,
            "중학교학업성취도":80.4,
            "용적률":246,
            "건폐율":23,
            "Y":35.869001,
            "X":129.204336,
            "rank":32.0,
            "area_info":"22평(75.39), 30평(101.61), 45평(149.59)",
            "last_sales":"2022-01-12,14000.0,22평(75.39)",
            "rank_history":[
                [
                    "202202",
                    32
                ],
                [
                    "202201",
                    33
                ]
            ],
            "rank_gap":1
        },
        {
            "index":231,
            "아파트명":"경주두산위브",
            "투자타입":"일반",
            "전용면적(m2)":"66.51",
            "전용면적(평)":"20평",
            "법정동주소":"경상북도 경주시 진현동 1012",
            "도로명주소":"경상북도 경주시 진현로 23",
            "세대수":80,
            "입주년차":80,
            "용적률점수":"--",
            "건폐율점수":"--",
            "세대당주차수":30,
            "난방방식":30,
            "공급면적":"--",
            "전용률":"--",
            "욕실수":50,
            "현관타입":100,
            "주거총점":66.5,
            "지역구공급총점":0.0,
            "역세권":"NA",
            "30분내 이동가능 거점":"NA",
            "1시간내 이동가능 거점":"NA",
            "교통총점":"NA",
            "백화점":0,
            "아울렛몰":0,
            "대형마트":0,
            "은행":0,
            "병원":0,
            "종합병원":0,
            "공원":0,
            "혐오시설":0,
            "인프라총점":0.0,
            "초등학군":89.97,
            "중학군":37.02,
            "학군총점":47.61,
            "인구수":25.96,
            "인구증감":0.54,
            "인구총점":18.334,
            "일자리":19.87,
            "소득수준":67.99,
            "일자리총점":34.306,
            "가치 총점":35.1775,
            "매매실거래년":20220114.0,
            "매매실거래가":18300.0,
            "전세실거래년":20211020.0,
            "전세실거래가":12500.0,
            "전세가율":68.31,
            "장기전세가율평균":74.02,
            "전세가율거품지수":5.71,
            "검색코드":111139,
            "세대수":730.0,
            "준공년월":"2017-06-15",
            "준공년차":6.0,
            "가까운역이름":"NA",
            "가까운역거리":"NA",
            "역세권여부":"NA",
            "30분이내주요거점역":"NA",
            "30분거점역이름":"NA",
            "1시간이내주요거점역":"NA",
            "1시간거점역이름":"NA",
            "3km이내백화점수":0,
            "5km이내아울렛몰수":0,
            "1km이내대형먀트수":0,
            "500m이내은행수":0,
            "500m이내병원수":0,
            "5km이내대형병원수":0,
            "500m이내공원수":0,
            "3km이내혐오시설수":0,
            "초등학교학업성취도":89.97,
            "중학교학업성취도":61.7,
            "용적률":136,
            "건폐율":18,
            "Y":35.781866,
            "X":129.321824,
            "rank":33.0,
            "area_info":"20평(66.51), 24평(80.0), 29평(97.81), 34평(112.4), 34평(112.4)",
            "last_sales":"2022-01-14,18300.0,20평(66.51)",
            "rank_history":[
                [
                    "202202",
                    33
                ],
                [
                    "202201",
                    31
                ]
            ],
            "rank_gap":-2
        },
        {
            "index":210,
            "아파트명":"우주용강타운",
            "투자타입":"일반",
            "전용면적(m2)":"90.14",
            "전용면적(평)":"27평",
            "법정동주소":"경상북도 경주시 용강동 1291-1",
            "도로명주소":"경상북도 경주시 승삼2길 18",
            "세대수":30,
            "입주년차":0,
            "용적률점수":"--",
            "건폐율점수":"--",
            "세대당주차수":0,
            "난방방식":30,
            "공급면적":"--",
            "전용률":"--",
            "욕실수":50,
            "현관타입":10,
            "주거총점":19.5,
            "지역구공급총점":0.0,
            "역세권":"NA",
            "30분내 이동가능 거점":"NA",
            "1시간내 이동가능 거점":"NA",
            "교통총점":"NA",
            "백화점":0,
            "아울렛몰":0,
            "대형마트":80,
            "은행":0,
            "병원":30,
            "종합병원":80,
            "공원":80,
            "혐오시설":0,
            "인프라총점":33.4,
            "초등학군":90.01,
            "중학군":50.04,
            "학군총점":58.034,
            "인구수":25.96,
            "인구증감":0.54,
            "인구총점":18.334,
            "일자리":19.87,
            "소득수준":67.99,
            "일자리총점":34.306,
            "가치 총점":34.6935,
            "매매실거래년":20220115.0,
            "매매실거래가":12000.0,
            "전세실거래년":20220109.0,
            "전세실거래가":8000.0,
            "전세가율":76.19,
            "장기전세가율평균":74.02,
            "전세가율거품지수":-2.17,
            "검색코드":15860,
            "세대수":300.0,
            "준공년월":"1993-04-23",
            "준공년차":30.0,
            "가까운역이름":"NA",
            "가까운역거리":"NA",
            "역세권여부":"NA",
            "30분이내주요거점역":"NA",
            "30분거점역이름":"NA",
            "1시간이내주요거점역":"NA",
            "1시간거점역이름":"NA",
            "3km이내백화점수":0,
            "5km이내아울렛몰수":0,
            "1km이내대형먀트수":1,
            "500m이내은행수":1,
            "500m이내병원수":5,
            "5km이내대형병원수":1,
            "500m이내공원수":1,
            "3km이내혐오시설수":0,
            "초등학교학업성취도":90.01,
            "중학교학업성취도":82.6,
            "용적률":217,
            "건폐율":18,
            "Y":35.875462,
            "X":129.227578,
            "rank":34.0,
            "area_info":"27평(90.14), 27평(90.42)",
            "last_sales":"2022-01-15,12000.0,27평(90.42)",
            "rank_history":[
                [
                    "202202",
                    34
                ],
                [
                    "202201",
                    36
                ]
            ],
            "rank_gap":2
        },
        {
            "index":423,
            "아파트명":"황성럭키",
            "투자타입":"재건축",
            "전용면적(m2)":"107.46",
            "전용면적(평)":"32평",
            "법정동주소":"경상북도 경주시 황성동 511",
            "도로명주소":"경상북도 경주시 황성로 35-6",
            "세대수":30,
            "입주년차":"--",
            "용적률점수":0,
            "건폐율점수":80,
            "세대당주차수":"--",
            "난방방식":"--",
            "공급면적":90,
            "전용률":60,
            "욕실수":"--",
            "현관타입":"--",
            "주거총점":32.5,
            "지역구공급총점":0.0,
            "역세권":"NA",
            "30분내 이동가능 거점":"NA",
            "1시간내 이동가능 거점":"NA",
            "교통총점":"NA",
            "백화점":0,
            "아울렛몰":0,
            "대형마트":0,
            "은행":0,
            "병원":60,
            "종합병원":80,
            "공원":100,
            "혐오시설":0,
            "인프라총점":25.0,
            "초등학군":90.0,
            "중학군":42.9,
            "학군총점":52.32,
            "인구수":25.96,
            "인구증감":0.54,
            "인구총점":18.334,
            "일자리":19.87,
            "소득수준":67.99,
            "일자리총점":34.306,
            "가치 총점":34.455,
            "매매실거래년":20211210.0,
            "매매실거래가":16000.0,
            "전세실거래년":20211119.0,
            "전세실거래가":14300.0,
            "전세가율":89.38,
            "장기전세가율평균":74.02,
            "전세가율거품지수":-15.36,
            "검색코드":4142,
            "세대수":353.0,
            "준공년월":"1992-11-26",
            "준공년차":31.0,
            "가까운역이름":"NA",
            "가까운역거리":"NA",
            "역세권여부":"NA",
            "30분이내주요거점역":"NA",
            "30분거점역이름":"NA",
            "1시간이내주요거점역":"NA",
            "1시간거점역이름":"NA",
            "3km이내백화점수":0,
            "5km이내아울렛몰수":0,
            "1km이내대형먀트수":0,
            "500m이내은행수":1,
            "500m이내병원수":22,
            "5km이내대형병원수":1,
            "500m이내공원수":2,
            "3km이내혐오시설수":0,
            "초등학교학업성취도":90.0,
            "중학교학업성취도":70.9,
            "용적률":255,
            "건폐율":21,
            "Y":35.867177,
            "X":129.215426,
            "rank":35.0,
            "area_info":"32평(107.46), 55평(184.15), 55평(184.79)",
            "last_sales":"2021-12-10,16000.0,32평(107.46)",
            "rank_history":[
                [
                    "202202",
                    35
                ],
                [
                    "202201",
                    34
                ]
            ],
            "rank_gap":-1
        },
        {
            "index":183,
            "아파트명":"경주서한타운",
            "투자타입":"일반",
            "전용면적(m2)":"86.67",
            "전용면적(평)":"26평",
            "법정동주소":"경상북도 경주시 용강동 1300",
            "도로명주소":"경상북도 경주시 승삼1길 16",
            "세대수":0,
            "입주년차":0,
            "용적률점수":"--",
            "건폐율점수":"--",
            "세대당주차수":0,
            "난방방식":30,
            "공급면적":"--",
            "전용률":"--",
            "욕실수":50,
            "현관타입":100,
            "주거총점":18.0,
            "지역구공급총점":0.0,
            "역세권":"NA",
            "30분내 이동가능 거점":"NA",
            "1시간내 이동가능 거점":"NA",
            "교통총점":"NA",
            "백화점":0,
            "아울렛몰":0,
            "대형마트":80,
            "은행":0,
            "병원":30,
            "종합병원":80,
            "공원":100,
            "혐오시설":0,
            "인프라총점":34.0,
            "초등학군":90.01,
            "중학군":50.04,
            "학군총점":58.034,
            "인구수":25.96,
            "인구증감":0.54,
            "인구총점":18.334,
            "일자리":19.87,
            "소득수준":67.99,
            "일자리총점":34.306,
            "가치 총점":34.4085,
            "매매실거래년":20211113.0,
            "매매실거래가":15000.0,
            "전세실거래년":20220121.0,
            "전세실거래가":10000.0,
            "전세가율":74.07,
            "장기전세가율평균":74.02,
            "전세가율거품지수":-0.05,
            "검색코드":15858,
            "세대수":266.0,
            "준공년월":"1996-09-05",
            "준공년차":27.0,
            "가까운역이름":"NA",
            "가까운역거리":"NA",
            "역세권여부":"NA",
            "30분이내주요거점역":"NA",
            "30분거점역이름":"NA",
            "1시간이내주요거점역":"NA",
            "1시간거점역이름":"NA",
            "3km이내백화점수":0,
            "5km이내아울렛몰수":0,
            "1km이내대형먀트수":1,
            "500m이내은행수":1,
            "500m이내병원수":5,
            "5km이내대형병원수":1,
            "500m이내공원수":2,
            "3km이내혐오시설수":0,
            "초등학교학업성취도":90.01,
            "중학교학업성취도":82.6,
            "용적률":157,
            "건폐율":21,
            "Y":35.877741,
            "X":129.230415,
            "rank":36.0,
            "area_info":"26평(86.67), 27평(92.05), 29평(98.57), 42평(140.15), 42평(140.17)",
            "last_sales":"2021-11-13,15000.0,29평(98.57)",
            "rank_history":[
                [
                    "202202",
                    36
                ],
                [
                    "202201",
                    38
                ]
            ],
            "rank_gap":2
        },
        {
            "index":215,
            "아파트명":"청구",
            "투자타입":"일반",
            "전용면적(m2)":"85.96",
            "전용면적(평)":"26평",
            "법정동주소":"경상북도 경주시 용강동 1289",
            "도로명주소":"경상북도 경주시 승삼1길 9",
            "세대수":0,
            "입주년차":0,
            "용적률점수":"--",
            "건폐율점수":"--",
            "세대당주차수":0,
            "난방방식":30,
            "공급면적":"--",
            "전용률":"--",
            "욕실수":50,
            "현관타입":100,
            "주거총점":18.0,
            "지역구공급총점":0.0,
            "역세권":"NA",
            "30분내 이동가능 거점":"NA",
            "1시간내 이동가능 거점":"NA",
            "교통총점":"NA",
            "백화점":0,
            "아울렛몰":0,
            "대형마트":80,
            "은행":0,
            "병원":30,
            "종합병원":80,
            "공원":100,
            "혐오시설":0,
            "인프라총점":34.0,
            "초등학군":90.01,
            "중학군":50.04,
            "학군총점":58.034,
            "인구수":25.96,
            "인구증감":0.54,
            "인구총점":18.334,
            "일자리":19.87,
            "소득수준":67.99,
            "일자리총점":34.306,
            "가치 총점":34.4085,
            "매매실거래년":20211211.0,
            "매매실거래가":16000.0,
            "전세실거래년":20181208.0,
            "전세실거래가":9000.0,
            "전세가율":56.25,
            "장기전세가율평균":74.02,
            "전세가율거품지수":17.77,
            "검색코드":15865,
            "세대수":294.0,
            "준공년월":"1993-05-24",
            "준공년차":30.0,
            "가까운역이름":"NA",
            "가까운역거리":"NA",
            "역세권여부":"NA",
            "30분이내주요거점역":"NA",
            "30분거점역이름":"NA",
            "1시간이내주요거점역":"NA",
            "1시간거점역이름":"NA",
            "3km이내백화점수":0,
            "5km이내아울렛몰수":0,
            "1km이내대형먀트수":1,
            "500m이내은행수":1,
            "500m이내병원수":6,
            "5km이내대형병원수":1,
            "500m이내공원수":3,
            "3km이내혐오시설수":0,
            "초등학교학업성취도":90.01,
            "중학교학업성취도":82.6,
            "용적률":185,
            "건폐율":17,
            "Y":35.877886,
            "X":129.228546,
            "rank":36.0,
            "area_info":"26평(85.96), 30평(101.18), 35평(117.82), 41평(137.71)",
            "last_sales":"2021-12-11,16000.0,26평(85.96)",
            "rank_history":[
                [
                    "202202",
                    36
                ],
                [
                    "202201",
                    35
                ]
            ],
            "rank_gap":-1
        },
        {
            "index":128,
            "아파트명":"안강에덴타운",
            "투자타입":"일반",
            "전용면적(m2)":"47.14",
            "전용면적(평)":"14평",
            "법정동주소":"경상북도 경주시 안강읍 산대리 2378",
            "도로명주소":"경상북도 경주시 구부랑두림길 56",
            "세대수":90,
            "입주년차":0,
            "용적률점수":"--",
            "건폐율점수":"--",
            "세대당주차수":0,
            "난방방식":30,
            "공급면적":"--",
            "전용률":"--",
            "욕실수":50,
            "현관타입":100,
            "주거총점":49.5,
            "지역구공급총점":0.0,
            "역세권":"NA",
            "30분내 이동가능 거점":"NA",
            "1시간내 이동가능 거점":"NA",
            "교통총점":"NA",
            "백화점":0,
            "아울렛몰":0,
            "대형마트":0,
            "은행":0,
            "병원":30,
            "종합병원":0,
            "공원":100,
            "혐오시설":0,
            "인프라총점":6.0,
            "초등학군":89.99,
            "중학군":50.26,
            "학군총점":58.206,
            "인구수":25.96,
            "인구증감":0.54,
            "인구총점":18.334,
            "일자리":19.87,
            "소득수준":67.99,
            "일자리총점":34.306,
            "가치 총점":34.2765,
            "매매실거래년":20220123.0,
            "매매실거래가":3880.0,
            "전세실거래년":20211215.0,
            "전세실거래가":2000.0,
            "전세가율":51.55,
            "장기전세가율평균":74.02,
            "전세가율거품지수":22.47,
            "검색코드":15827,
            "세대수":996.0,
            "준공년월":"1996-11-28",
            "준공년차":27.0,
            "가까운역이름":"NA",
            "가까운역거리":"NA",
            "역세권여부":"NA",
            "30분이내주요거점역":"NA",
            "30분거점역이름":"NA",
            "1시간이내주요거점역":"NA",
            "1시간거점역이름":"NA",
            "3km이내백화점수":0,
            "5km이내아울렛몰수":0,
            "1km이내대형먀트수":0,
            "500m이내은행수":0,
            "500m이내병원수":5,
            "5km이내대형병원수":0,
            "500m이내공원수":4,
            "3km이내혐오시설수":0,
            "초등학교학업성취도":89.99,
            "중학교학업성취도":83.3,
            "용적률":145,
            "건폐율":33,
            "Y":36.004475,
            "X":129.194758,
            "rank":37.0,
            "area_info":"14평(47.14)",
            "last_sales":"2022-01-23,3880.0,14평(47.14)",
            "rank_history":[
                [
                    "202202",
                    37
                ],
                [
                    "202201",
                    40
                ]
            ],
            "rank_gap":3
        },
        {
            "index":380,
            "아파트명":"청우타운(401동)",
            "투자타입":"일반",
            "전용면적(m2)":"74.42",
            "전용면적(평)":"22평",
            "법정동주소":"경상북도 경주시 황성동 552-2",
            "도로명주소":"경상북도 경주시 황성로69번길 18",
            "세대수":0,
            "입주년차":0,
            "용적률점수":"--",
            "건폐율점수":"--",
            "세대당주차수":0,
            "난방방식":30,
            "공급면적":"--",
            "전용률":"--",
            "욕실수":50,
            "현관타입":100,
            "주거총점":18.0,
            "지역구공급총점":0.0,
            "역세권":"NA",
            "30분내 이동가능 거점":"NA",
            "1시간내 이동가능 거점":"NA",
            "교통총점":"NA",
            "백화점":0,
            "아울렛몰":0,
            "대형마트":80,
            "은행":0,
            "병원":60,
            "종합병원":80,
            "공원":100,
            "혐오시설":0,
            "인프라총점":37.0,
            "초등학군":90.0,
            "중학군":42.9,
            "학군총점":52.32,
            "인구수":25.96,
            "인구증감":0.54,
            "인구총점":18.334,
            "일자리":19.87,
            "소득수준":67.99,
            "일자리총점":34.306,
            "가치 총점":34.18,
            "매매실거래년":20211018.0,
            "매매실거래가":23000.0,
            "전세실거래년":20210529.0,
            "전세실거래가":12000.0,
            "전세가율":85.71,
            "장기전세가율평균":74.02,
            "전세가율거품지수":-11.69,
            "검색코드":15874,
            "세대수":240.0,
            "준공년월":"1997-06-27",
            "준공년차":26.0,
            "가까운역이름":"NA",
            "가까운역거리":"NA",
            "역세권여부":"NA",
            "30분이내주요거점역":"NA",
            "30분거점역이름":"NA",
            "1시간이내주요거점역":"NA",
            "1시간거점역이름":"NA",
            "3km이내백화점수":0,
            "5km이내아울렛몰수":0,
            "1km이내대형먀트수":1,
            "500m이내은행수":0,
            "500m이내병원수":11,
            "5km이내대형병원수":1,
            "500m이내공원수":3,
            "3km이내혐오시설수":0,
            "초등학교학업성취도":90.0,
            "중학교학업성취도":70.9,
            "용적률":327,
            "건폐율":22,
            "Y":35.869607,
            "X":129.216637,
            "rank":38.0,
            "area_info":"22평(74.42), 30평(99.19), 45평(149.8)",
            "last_sales":"2021-10-18,23000.0,45평(149.8)",
            "rank_history":[
                [
                    "202202",
                    38
                ],
                [
                    "202201",
                    41
                ]
            ],
            "rank_gap":3
        },
        {
            "index":255,
            "아파트명":"삼정그린뷰경주본가1단지",
            "투자타입":"일반",
            "전용면적(m2)":"92.94",
            "전용면적(평)":"28평",
            "법정동주소":"경상북도 경주시 충효동 44-3",
            "도로명주소":"경상북도 경주시 충효1길 22-5",
            "세대수":0,
            "입주년차":40,
            "용적률점수":"--",
            "건폐율점수":"--",
            "세대당주차수":30,
            "난방방식":30,
            "공급면적":"--",
            "전용률":"--",
            "욕실수":100,
            "현관타입":100,
            "주거총점":35.5,
            "지역구공급총점":0.0,
            "역세권":"NA",
            "30분내 이동가능 거점":"NA",
            "1시간내 이동가능 거점":"NA",
            "교통총점":"NA",
            "백화점":0,
            "아울렛몰":0,
            "대형마트":0,
            "은행":0,
            "병원":0,
            "종합병원":80,
            "공원":100,
            "혐오시설":0,
            "인프라총점":19.0,
            "초등학군":90.0,
            "중학군":45.24,
            "학군총점":54.192,
            "인구수":25.96,
            "인구증감":0.54,
            "인구총점":18.334,
            "일자리":19.87,
            "소득수준":67.99,
            "일자리총점":34.306,
            "가치 총점":33.573,
            "매매실거래년":20220118.0,
            "매매실거래가":19000.0,
            "전세실거래년":20200107.0,
            "전세실거래가":12000.0,
            "전세가율":72.73,
            "장기전세가율평균":74.02,
            "전세가율거품지수":1.29,
            "검색코드":19720,
            "세대수":189.0,
            "준공년월":"2004-11-06",
            "준공년차":19.0,
            "가까운역이름":"NA",
            "가까운역거리":"NA",
            "역세권여부":"NA",
            "30분이내주요거점역":"NA",
            "30분거점역이름":"NA",
            "1시간이내주요거점역":"NA",
            "1시간거점역이름":"NA",
            "3km이내백화점수":0,
            "5km이내아울렛몰수":0,
            "1km이내대형먀트수":0,
            "500m이내은행수":0,
            "500m이내병원수":1,
            "5km이내대형병원수":1,
            "500m이내공원수":3,
            "3km이내혐오시설수":0,
            "초등학교학업성취도":90.0,
            "중학교학업성취도":74.0,
            "용적률":154,
            "건폐율":26,
            "Y":35.842154,
            "X":129.191544,
            "rank":39.0,
            "area_info":"28평(92.94), 31평(104.66)",
            "last_sales":"2022-01-18,19000.0,31평(104.66)",
            "rank_history":[
                [
                    "202202",
                    39
                ],
                [
                    "202201",
                    37
                ]
            ],
            "rank_gap":-2
        },
        {
            "index":6,
            "아파트명":"코아루그랑블",
            "투자타입":"일반",
            "전용면적(m2)":"112.65",
            "전용면적(평)":"34평",
            "법정동주소":"경상북도 경주시 도지동 1018",
            "도로명주소":"경상북도 경주시 능원길 22",
            "세대수":50,
            "입주년차":60,
            "용적률점수":"--",
            "건폐율점수":"--",
            "세대당주차수":60,
            "난방방식":30,
            "공급면적":"--",
            "전용률":"--",
            "욕실수":100,
            "현관타입":100,
            "주거총점":61.5,
            "지역구공급총점":0.0,
            "역세권":"NA",
            "30분내 이동가능 거점":"NA",
            "1시간내 이동가능 거점":"NA",
            "교통총점":"NA",
            "백화점":0,
            "아울렛몰":0,
            "대형마트":0,
            "은행":0,
            "병원":0,
            "종합병원":0,
            "공원":0,
            "혐오시설":0,
            "인프라총점":0.0,
            "초등학군":90.01,
            "중학군":37.02,
            "학군총점":47.618,
            "인구수":25.96,
            "인구증감":0.54,
            "인구총점":18.334,
            "일자리":19.87,
            "소득수준":67.99,
            "일자리총점":34.306,
            "가치 총점":33.4295,
            "매매실거래년":20211020.0,
            "매매실거래가":53500.0,
            "전세실거래년":null,
            "전세실거래가":null,
            "전세가율":null,
            "장기전세가율평균":74.02,
            "전세가율거품지수":null,
            "검색코드":105455,
            "세대수":660.0,
            "준공년월":"2010-09-20",
            "준공년차":13.0,
            "가까운역이름":"NA",
            "가까운역거리":"NA",
            "역세권여부":"NA",
            "30분이내주요거점역":"NA",
            "30분거점역이름":"NA",
            "1시간이내주요거점역":"NA",
            "1시간거점역이름":"NA",
            "3km이내백화점수":0,
            "5km이내아울렛몰수":0,
            "1km이내대형먀트수":0,
            "500m이내은행수":0,
            "500m이내병원수":0,
            "5km이내대형병원수":0,
            "500m이내공원수":0,
            "3km이내혐오시설수":0,
            "초등학교학업성취도":90.01,
            "중학교학업성취도":61.7,
            "용적률":173,
            "건폐율":17,
            "Y":35.802319,
            "X":129.267177,
            "rank":40.0,
            "area_info":"34평(112.65), 35평(116.45), 49평(163.22), 49평(164.03), 69평(228.1), 87평(290.36)",
            "last_sales":"2021-10-20,53500.0,87평(290.36)",
            "rank_history":[
                [
                    "202202",
                    40
                ],
                [
                    "202201",
                    39
                ]
            ],
            "rank_gap":-1
        },
        {
            "index":395,
            "아파트명":"한신",
            "투자타입":"일반",
            "전용면적(m2)":"81.56",
            "전용면적(평)":"24평",
            "법정동주소":"경상북도 경주시 황성동 557",
            "도로명주소":"경상북도 경주시 황성로69번길 40",
            "세대수":0,
            "입주년차":0,
            "용적률점수":"--",
            "건폐율점수":"--",
            "세대당주차수":0,
            "난방방식":30,
            "공급면적":"--",
            "전용률":"--",
            "욕실수":50,
            "현관타입":100,
            "주거총점":18.0,
            "지역구공급총점":0.0,
            "역세권":"NA",
            "30분내 이동가능 거점":"NA",
            "1시간내 이동가능 거점":"NA",
            "교통총점":"NA",
            "백화점":0,
            "아울렛몰":0,
            "대형마트":80,
            "은행":0,
            "병원":30,
            "종합병원":80,
            "공원":100,
            "혐오시설":0,
            "인프라총점":34.0,
            "초등학군":90.0,
            "중학군":42.9,
            "학군총점":52.32,
            "인구수":25.96,
            "인구증감":0.54,
            "인구총점":18.334,
            "일자리":19.87,
            "소득수준":67.99,
            "일자리총점":34.306,
            "가치 총점":32.98,
            "매매실거래년":20211108.0,
            "매매실거래가":20000.0,
            "전세실거래년":20211014.0,
            "전세실거래가":12000.0,
            "전세가율":87.59,
            "장기전세가율평균":74.02,
            "전세가율거품지수":-13.57,
            "검색코드":4162,
            "세대수":298.0,
            "준공년월":"1996-12-16",
            "준공년차":27.0,
            "가까운역이름":"NA",
            "가까운역거리":"NA",
            "역세권여부":"NA",
            "30분이내주요거점역":"NA",
            "30분거점역이름":"NA",
            "1시간이내주요거점역":"NA",
            "1시간거점역이름":"NA",
            "3km이내백화점수":0,
            "5km이내아울렛몰수":0,
            "1km이내대형먀트수":1,
            "500m이내은행수":0,
            "500m이내병원수":8,
            "5km이내대형병원수":1,
            "500m이내공원수":3,
            "3km이내혐오시설수":0,
            "초등학교학업성취도":90.0,
            "중학교학업성취도":70.9,
            "용적률":307,
            "건폐율":27,
            "Y":35.870506,
            "X":129.215122,
            "rank":41.0,
            "area_info":"24평(81.56), 29평(99.13), 29평(99.05), 42평(139.29)",
            "last_sales":"2021-11-08,20000.0,42평(139.29)",
            "rank_history":[
                [
                    "202202",
                    41
                ],
                [
                    "202201",
                    41
                ]
            ],
            "rank_gap":0
        },
        {
            "index":340,
            "아파트명":"삼익세라믹",
            "투자타입":"재건축",
            "전용면적(m2)":"82.71",
            "전용면적(평)":"25평",
            "법정동주소":"경상북도 경주시 황성동 643-6",
            "도로명주소":"경상북도 경주시 유림로33번길 10",
            "세대수":0,
            "입주년차":"--",
            "용적률점수":0,
            "건폐율점수":60,
            "세대당주차수":"--",
            "난방방식":"--",
            "공급면적":70,
            "전용률":40,
            "욕실수":"--",
            "현관타입":"--",
            "주거총점":17.5,
            "지역구공급총점":0.0,
            "역세권":"NA",
            "30분내 이동가능 거점":"NA",
            "1시간내 이동가능 거점":"NA",
            "교통총점":"NA",
            "백화점":0,
            "아울렛몰":0,
            "대형마트":80,
            "은행":0,
            "병원":30,
            "종합병원":80,
            "공원":100,
            "혐오시설":0,
            "인프라총점":34.0,
            "초등학군":90.0,
            "중학군":42.9,
            "학군총점":52.32,
            "인구수":25.96,
            "인구증감":0.54,
            "인구총점":18.334,
            "일자리":19.87,
            "소득수준":67.99,
            "일자리총점":34.306,
            "가치 총점":32.805,
            "매매실거래년":20211105.0,
            "매매실거래가":11600.0,
            "전세실거래년":20140217.0,
            "전세실거래가":5100.0,
            "전세가율":62.2,
            "장기전세가율평균":74.02,
            "전세가율거품지수":11.82,
            "검색코드":4150,
            "세대수":298.0,
            "준공년월":"1992-08-26",
            "준공년차":31.0,
            "가까운역이름":"NA",
            "가까운역거리":"NA",
            "역세권여부":"NA",
            "30분이내주요거점역":"NA",
            "30분거점역이름":"NA",
            "1시간이내주요거점역":"NA",
            "1시간거점역이름":"NA",
            "3km이내백화점수":0,
            "5km이내아울렛몰수":0,
            "1km이내대형먀트수":1,
            "500m이내은행수":0,
            "500m이내병원수":6,
            "5km이내대형병원수":1,
            "500m이내공원수":2,
            "3km이내혐오시설수":0,
            "초등학교학업성취도":90.0,
            "중학교학업성취도":70.9,
            "용적률":379,
            "건폐율":33,
            "Y":35.871729,
            "X":129.216248,
            "rank":42.0,
            "area_info":"25평(82.71), 27평(90.78), 27평(90.81), 28평(95.2), 29평(98.78), 29평(98.72), 30평(99.84), 31평(102.68), 39평(129.16), 40평(134.02), 41평(137.03)",
            "last_sales":"2021-11-05,11600.0,31평(102.68)",
            "rank_history":[
                [
                    "202202",
                    42
                ],
                [
                    "202201",
                    42
                ]
            ],
            "rank_gap":0
        },
        {
            "index":430,
            "아파트명":"황성주공2단지",
            "투자타입":"재건축",
            "전용면적(m2)":"45.54",
            "전용면적(평)":"13평",
            "법정동주소":"경상북도 경주시 황성동 893",
            "도로명주소":"경상북도 경주시 용담로116번길 15",
            "세대수":80,
            "입주년차":"--",
            "용적률점수":0,
            "건폐율점수":0,
            "세대당주차수":"--",
            "난방방식":"--",
            "공급면적":50,
            "전용률":80,
            "욕실수":"--",
            "현관타입":"--",
            "주거총점":30.5,
            "지역구공급총점":0.0,
            "역세권":"NA",
            "30분내 이동가능 거점":"NA",
            "1시간내 이동가능 거점":"NA",
            "교통총점":"NA",
            "백화점":0,
            "아울렛몰":0,
            "대형마트":0,
            "은행":0,
            "병원":60,
            "종합병원":80,
            "공원":0,
            "혐오시설":0,
            "인프라총점":22.0,
            "초등학군":90.0,
            "중학군":42.9,
            "학군총점":52.32,
            "인구수":25.96,
            "인구증감":0.54,
            "인구총점":18.334,
            "일자리":19.87,
            "소득수준":67.99,
            "일자리총점":34.306,
            "가치 총점":32.555,
            "매매실거래년":20211210.0,
            "매매실거래가":15000.0,
            "전세실거래년":null,
            "전세실거래가":null,
            "전세가율":null,
            "장기전세가율평균":74.02,
            "전세가율거품지수":null,
            "검색코드":4161,
            "세대수":848.0,
            "준공년월":"1991-10-19",
            "준공년차":32.0,
            "가까운역이름":"NA",
            "가까운역거리":"NA",
            "역세권여부":"NA",
            "30분이내주요거점역":"NA",
            "30분거점역이름":"NA",
            "1시간이내주요거점역":"NA",
            "1시간거점역이름":"NA",
            "3km이내백화점수":0,
            "5km이내아울렛몰수":0,
            "1km이내대형먀트수":0,
            "500m이내은행수":1,
            "500m이내병원수":19,
            "5km이내대형병원수":1,
            "500m이내공원수":0,
            "3km이내혐오시설수":0,
            "초등학교학업성취도":90.0,
            "중학교학업성취도":70.9,
            "용적률":0,
            "건폐율":0,
            "Y":35.866966,
            "X":129.209543,
            "rank":43.0,
            "area_info":"13평(45.54), 13평(45.15), 13평(45.45), 13평(45.84), 15평(52.83), 15평(52.53), 15평(52.86), 16평(53.16)",
            "last_sales":"2021-12-10,15000.0,16평(53.16)",
            "rank_history":[
                [
                    "202202",
                    43
                ],
                [
                    "202201",
                    43
                ]
            ],
            "rank_gap":0
        },
        {
            "index":257,
            "아파트명":"삼정그린뷰경주본가2단지",
            "투자타입":"일반",
            "전용면적(m2)":"92.08",
            "전용면적(평)":"27평",
            "법정동주소":"경상북도 경주시 충효동 44-6",
            "도로명주소":"경상북도 경주시 충효1길 22-10",
            "세대수":0,
            "입주년차":40,
            "용적률점수":"--",
            "건폐율점수":"--",
            "세대당주차수":30,
            "난방방식":30,
            "공급면적":"--",
            "전용률":"--",
            "욕실수":100,
            "현관타입":50,
            "주거총점":30.5,
            "지역구공급총점":0.0,
            "역세권":"NA",
            "30분내 이동가능 거점":"NA",
            "1시간내 이동가능 거점":"NA",
            "교통총점":"NA",
            "백화점":0,
            "아울렛몰":0,
            "대형마트":0,
            "은행":0,
            "병원":0,
            "종합병원":80,
            "공원":100,
            "혐오시설":0,
            "인프라총점":19.0,
            "초등학군":90.0,
            "중학군":45.24,
            "학군총점":54.192,
            "인구수":25.96,
            "인구증감":0.54,
            "인구총점":18.334,
            "일자리":19.87,
            "소득수준":67.99,
            "일자리총점":34.306,
            "가치 총점":31.823,
            "매매실거래년":20220110.0,
            "매매실거래가":19000.0,
            "전세실거래년":20210411.0,
            "전세실거래가":10000.0,
            "전세가율":52.63,
            "장기전세가율평균":74.02,
            "전세가율거품지수":21.39,
            "검색코드":106448,
            "세대수":239.0,
            "준공년월":"2004-11-06",
            "준공년차":19.0,
            "가까운역이름":"NA",
            "가까운역거리":"NA",
            "역세권여부":"NA",
            "30분이내주요거점역":"NA",
            "30분거점역이름":"NA",
            "1시간이내주요거점역":"NA",
            "1시간거점역이름":"NA",
            "3km이내백화점수":0,
            "5km이내아울렛몰수":0,
            "1km이내대형먀트수":0,
            "500m이내은행수":0,
            "500m이내병원수":1,
            "5km이내대형병원수":1,
            "500m이내공원수":2,
            "3km이내혐오시설수":0,
            "초등학교학업성취도":90.0,
            "중학교학업성취도":74.0,
            "용적률":187,
            "건폐율":29,
            "Y":35.840795,
            "X":129.191358,
            "rank":44.0,
            "area_info":"27평(92.08), 31평(104.65)",
            "last_sales":"2022-01-10,19000.0,27평(92.08)",
            "rank_history":[
                [
                    "202202",
                    44
                ],
                [
                    "202201",
                    44
                ]
            ],
            "rank_gap":0
        },
        {
            "index":129,
            "아파트명":"안강우방타운",
            "투자타입":"일반",
            "전용면적(m2)":"77.23",
            "전용면적(평)":"23평",
            "법정동주소":"경상북도 경주시 안강읍 산대리 2380",
            "도로명주소":"경상북도 경주시 구부랑길 73",
            "세대수":80,
            "입주년차":0,
            "용적률점수":"--",
            "건폐율점수":"--",
            "세대당주차수":0,
            "난방방식":30,
            "공급면적":"--",
            "전용률":"--",
            "욕실수":100,
            "현관타입":10,
            "주거총점":42.0,
            "지역구공급총점":0.0,
            "역세권":"NA",
            "30분내 이동가능 거점":"NA",
            "1시간내 이동가능 거점":"NA",
            "교통총점":"NA",
            "백화점":0,
            "아울렛몰":0,
            "대형마트":0,
            "은행":0,
            "병원":30,
            "종합병원":0,
            "공원":100,
            "혐오시설":0,
            "인프라총점":6.0,
            "초등학군":89.99,
            "중학군":50.26,
            "학군총점":58.206,
            "인구수":25.96,
            "인구증감":0.54,
            "인구총점":18.334,
            "일자리":19.87,
            "소득수준":67.99,
            "일자리총점":34.306,
            "가치 총점":31.6515,
            "매매실거래년":20220108.0,
            "매매실거래가":6280.0,
            "전세실거래년":20200925.0,
            "전세실거래가":4500.0,
            "전세가율":71.66,
            "장기전세가율평균":74.02,
            "전세가율거품지수":2.36,
            "검색코드":4125,
            "세대수":864.0,
            "준공년월":"1993-05-29",
            "준공년차":30.0,
            "가까운역이름":"NA",
            "가까운역거리":"NA",
            "역세권여부":"NA",
            "30분이내주요거점역":"NA",
            "30분거점역이름":"NA",
            "1시간이내주요거점역":"NA",
            "1시간거점역이름":"NA",
            "3km이내백화점수":0,
            "5km이내아울렛몰수":0,
            "1km이내대형먀트수":0,
            "500m이내은행수":0,
            "500m이내병원수":5,
            "5km이내대형병원수":0,
            "500m이내공원수":4,
            "3km이내혐오시설수":0,
            "초등학교학업성취도":89.99,
            "중학교학업성취도":83.3,
            "용적률":234,
            "건폐율":23,
            "Y":36.004618,
            "X":129.19669,
            "rank":45.0,
            "area_info":"23평(77.23), 29평(97.06), 33평(109.13), 44평(147.6)",
            "last_sales":"2022-01-08,6280.0,23평(77.23)",
            "rank_history":[
                [
                    "202202",
                    45
                ],
                [
                    "202201",
                    49
                ]
            ],
            "rank_gap":4
        },
        {
            "index":135,
            "아파트명":"안강이안지안스",
            "투자타입":"일반",
            "전용면적(m2)":"82.94",
            "전용면적(평)":"25평",
            "법정동주소":"경상북도 경주시 안강읍 산대리 2442",
            "도로명주소":"경상북도 경주시 화전길 99",
            "세대수":0,
            "입주년차":100,
            "용적률점수":"--",
            "건폐율점수":"--",
            "세대당주차수":30,
            "난방방식":30,
            "공급면적":"--",
            "전용률":"--",
            "욕실수":100,
            "현관타입":100,
            "주거총점":47.5,
            "지역구공급총점":0.0,
            "역세권":"NA",
            "30분내 이동가능 거점":"NA",
            "1시간내 이동가능 거점":"NA",
            "교통총점":"NA",
            "백화점":0,
            "아울렛몰":0,
            "대형마트":0,
            "은행":0,
            "병원":0,
            "종합병원":0,
            "공원":0,
            "혐오시설":0,
            "인프라총점":0.0,
            "초등학군":89.99,
            "중학군":50.26,
            "학군총점":58.206,
            "인구수":25.96,
            "인구증감":0.54,
            "인구총점":18.334,
            "일자리":19.87,
            "소득수준":67.99,
            "일자리총점":34.306,
            "가치 총점":31.1765,
            "매매실거래년":20211101.0,
            "매매실거래가":23200.0,
            "전세실거래년":20200911.0,
            "전세실거래가":12000.0,
            "전세가율":70.59,
            "장기전세가율평균":74.02,
            "전세가율거품지수":3.43,
            "검색코드":124557,
            "세대수":207.0,
            "준공년월":"2019-01-21",
            "준공년차":4.0,
            "가까운역이름":"NA",
            "가까운역거리":"NA",
            "역세권여부":"NA",
            "30분이내주요거점역":"NA",
            "30분거점역이름":"NA",
            "1시간이내주요거점역":"NA",
            "1시간거점역이름":"NA",
            "3km이내백화점수":0,
            "5km이내아울렛몰수":0,
            "1km이내대형먀트수":0,
            "500m이내은행수":0,
            "500m이내병원수":0,
            "5km이내대형병원수":0,
            "500m이내공원수":0,
            "3km이내혐오시설수":0,
            "초등학교학업성취도":89.99,
            "중학교학업성취도":83.3,
            "용적률":238,
            "건폐율":15,
            "Y":35.992269,
            "X":129.207142,
            "rank":46.0,
            "area_info":"25평(82.94), 25평(84.28), 33평(109.86)",
            "last_sales":"2021-11-01,23200.0,33평(109.86)",
            "rank_history":[
                [
                    "202202",
                    46
                ],
                [
                    "202201",
                    45
                ]
            ],
            "rank_gap":-1
        },
        {
            "index":314,
            "아파트명":"신흥아델리움",
            "투자타입":"일반",
            "전용면적(m2)":"61.83",
            "전용면적(평)":"18평",
            "법정동주소":"경상북도 경주시 현곡면 금장리 354-67",
            "도로명주소":"경상북도 경주시 안현로 68-12",
            "세대수":0,
            "입주년차":40,
            "용적률점수":"--",
            "건폐율점수":"--",
            "세대당주차수":0,
            "난방방식":30,
            "공급면적":"--",
            "전용률":"--",
            "욕실수":50,
            "현관타입":100,
            "주거총점":26.0,
            "지역구공급총점":0.0,
            "역세권":"NA",
            "30분내 이동가능 거점":"NA",
            "1시간내 이동가능 거점":"NA",
            "교통총점":"NA",
            "백화점":0,
            "아울렛몰":0,
            "대형마트":0,
            "은행":0,
            "병원":10,
            "종합병원":80,
            "공원":80,
            "혐오시설":0,
            "인프라총점":19.4,
            "초등학군":90.0,
            "중학군":48.56,
            "학군총점":56.848,
            "인구수":25.96,
            "인구증감":0.54,
            "인구총점":18.334,
            "일자리":19.87,
            "소득수준":67.99,
            "일자리총점":34.306,
            "가치 총점":31.072,
            "매매실거래년":20211003.0,
            "매매실거래가":16200.0,
            "전세실거래년":20111213.0,
            "전세실거래가":7000.0,
            "전세가율":119.66,
            "장기전세가율평균":74.02,
            "전세가율거품지수":-45.64,
            "검색코드":100938,
            "세대수":130.0,
            "준공년월":"2004-07-14",
            "준공년차":19.0,
            "가까운역이름":"NA",
            "가까운역거리":"NA",
            "역세권여부":"NA",
            "30분이내주요거점역":"NA",
            "30분거점역이름":"NA",
            "1시간이내주요거점역":"NA",
            "1시간거점역이름":"NA",
            "3km이내백화점수":0,
            "5km이내아울렛몰수":0,
            "1km이내대형먀트수":0,
            "500m이내은행수":0,
            "500m이내병원수":3,
            "5km이내대형병원수":1,
            "500m이내공원수":1,
            "3km이내혐오시설수":0,
            "초등학교학업성취도":90.0,
            "중학교학업성취도":80.4,
            "용적률":185,
            "건폐율":28,
            "Y":35.871936,
            "X":129.205599,
            "rank":47.0,
            "area_info":"18평(61.83), 19평(64.64), 22평(75.96), 30평(101.59)",
            "last_sales":"2021-10-03,16200.0,30평(101.59)",
            "rank_history":[
                [
                    "202202",
                    47
                ],
                [
                    "202201",
                    46
                ]
            ],
            "rank_gap":-1
        },
        {
            "index":267,
            "아파트명":"충효에덴타운",
            "투자타입":"일반",
            "전용면적(m2)":"71.52",
            "전용면적(평)":"21평",
            "법정동주소":"경상북도 경주시 충효동 371-2",
            "도로명주소":"경상북도 경주시 충효5길 30",
            "세대수":0,
            "입주년차":0,
            "용적률점수":"--",
            "건폐율점수":"--",
            "세대당주차수":0,
            "난방방식":30,
            "공급면적":"--",
            "전용률":"--",
            "욕실수":50,
            "현관타입":100,
            "주거총점":18.0,
            "지역구공급총점":0.0,
            "역세권":"NA",
            "30분내 이동가능 거점":"NA",
            "1시간내 이동가능 거점":"NA",
            "교통총점":"NA",
            "백화점":0,
            "아울렛몰":0,
            "대형마트":0,
            "은행":0,
            "병원":30,
            "종합병원":80,
            "공원":100,
            "혐오시설":0,
            "인프라총점":22.0,
            "초등학군":90.0,
            "중학군":56.56,
            "학군총점":63.248,
            "인구수":25.96,
            "인구증감":0.54,
            "인구총점":18.334,
            "일자리":19.87,
            "소득수준":67.99,
            "일자리총점":34.306,
            "가치 총점":30.912,
            "매매실거래년":20220117.0,
            "매매실거래가":12000.0,
            "전세실거래년":20210127.0,
            "전세실거래가":7000.0,
            "전세가율":76.09,
            "장기전세가율평균":74.02,
            "전세가율거품지수":-2.07,
            "검색코드":4136,
            "세대수":227.0,
            "준공년월":"1996-04-30",
            "준공년차":27.0,
            "가까운역이름":"NA",
            "가까운역거리":"NA",
            "역세권여부":"NA",
            "30분이내주요거점역":"NA",
            "30분거점역이름":"NA",
            "1시간이내주요거점역":"NA",
            "1시간거점역이름":"NA",
            "3km이내백화점수":0,
            "5km이내아울렛몰수":0,
            "1km이내대형먀트수":0,
            "500m이내은행수":0,
            "500m이내병원수":5,
            "5km이내대형병원수":1,
            "500m이내공원수":3,
            "3km이내혐오시설수":0,
            "초등학교학업성취도":90.0,
            "중학교학업성취도":93.0,
            "용적률":256,
            "건폐율":30,
            "Y":35.84593,
            "X":129.17967,
            "rank":48.0,
            "area_info":"21평(71.52), 29평(97.25)",
            "last_sales":"2022-01-17,12000.0,29평(97.25)",
            "rank_history":[
                [
                    "202202",
                    48
                ],
                [
                    "202201",
                    52
                ]
            ],
            "rank_gap":4
        },
        {
            "index":74,
            "아파트명":"보우2단지",
            "투자타입":"재건축",
            "전용면적(m2)":"59.4",
            "전용면적(평)":"17평",
            "법정동주소":"경상북도 경주시 성건동 412-1",
            "도로명주소":"경상북도 경주시 동성로 7",
            "세대수":0,
            "입주년차":"--",
            "용적률점수":0,
            "건폐율점수":0,
            "세대당주차수":"--",
            "난방방식":"--",
            "공급면적":50,
            "전용률":100,
            "욕실수":"--",
            "현관타입":"--",
            "주거총점":7.5,
            "지역구공급총점":0.0,
            "역세권":"NA",
            "30분내 이동가능 거점":"NA",
            "1시간내 이동가능 거점":"NA",
            "교통총점":"NA",
            "백화점":0,
            "아울렛몰":0,
            "대형마트":80,
            "은행":0,
            "병원":60,
            "종합병원":80,
            "공원":80,
            "혐오시설":0,
            "인프라총점":36.4,
            "초등학군":90.04,
            "중학군":45.24,
            "학군총점":54.2,
            "인구수":25.96,
            "인구증감":0.54,
            "인구총점":18.334,
            "일자리":19.87,
            "소득수준":67.99,
            "일자리총점":34.306,
            "가치 총점":30.735,
            "매매실거래년":20150105.0,
            "매매실거래가":11300.0,
            "전세실거래년":null,
            "전세실거래가":null,
            "전세가율":null,
            "장기전세가율평균":74.02,
            "전세가율거품지수":null,
            "검색코드":4111,
            "세대수":171.0,
            "준공년월":"1983-11-16",
            "준공년차":40.0,
            "가까운역이름":"NA",
            "가까운역거리":"NA",
            "역세권여부":"NA",
            "30분이내주요거점역":"NA",
            "30분거점역이름":"NA",
            "1시간이내주요거점역":"NA",
            "1시간거점역이름":"NA",
            "3km이내백화점수":0,
            "5km이내아울렛몰수":0,
            "1km이내대형먀트수":1,
            "500m이내은행수":0,
            "500m이내병원수":25,
            "5km이내대형병원수":1,
            "500m이내공원수":1,
            "3km이내혐오시설수":0,
            "초등학교학업성취도":90.04,
            "중학교학업성취도":74.0,
            "용적률":0,
            "건폐율":0,
            "Y":35.844165,
            "X":129.202245,
            "rank":49.0,
            "area_info":"17평(59.4), 18평(62.4), 18평(62.25), 19평(63.66), 19평(63.51), 19평(63.54), 19평(65.49), 19평(65.28), 19평(66.0), 20평(68.58), 21평(69.58), 21평(72.6), 25평(82.74), 25평(83.22), 25평(84.84), 26평(87.39), 26평(88.56), 27평(90.54), 27평(90.09), 27평(91.53), 28평(93.06)",
            "last_sales":"2015-01-05,11300.0,27평(90.09)",
            "rank_history":[
                [
                    "202202",
                    49
                ],
                [
                    "202201",
                    48
                ]
            ],
            "rank_gap":-1
        },
        {
            "index":44,
            "아파트명":"보우1단지",
            "투자타입":"재건축",
            "전용면적(m2)":"19.11",
            "전용면적(평)":"5평",
            "법정동주소":"경상북도 경주시 성건동 385-13",
            "도로명주소":"경상북도 경주시 동성로 12",
            "세대수":0,
            "입주년차":"--",
            "용적률점수":0,
            "건폐율점수":0,
            "세대당주차수":"--",
            "난방방식":"--",
            "공급면적":50,
            "전용률":100,
            "욕실수":"--",
            "현관타입":"--",
            "주거총점":7.5,
            "지역구공급총점":0.0,
            "역세권":"NA",
            "30분내 이동가능 거점":"NA",
            "1시간내 이동가능 거점":"NA",
            "교통총점":"NA",
            "백화점":0,
            "아울렛몰":0,
            "대형마트":80,
            "은행":0,
            "병원":60,
            "종합병원":80,
            "공원":80,
            "혐오시설":0,
            "인프라총점":36.4,
            "초등학군":90.04,
            "중학군":45.24,
            "학군총점":54.2,
            "인구수":25.96,
            "인구증감":0.54,
            "인구총점":18.334,
            "일자리":19.87,
            "소득수준":67.99,
            "일자리총점":34.306,
            "가치 총점":30.735,
            "매매실거래년":"18000101",
            "매매실거래가":null,
            "전세실거래년":null,
            "전세실거래가":null,
            "전세가율":null,
            "장기전세가율평균":74.02,
            "전세가율거품지수":null,
            "검색코드":15809,
            "세대수":267.0,
            "준공년월":"1980-02-23",
            "준공년차":43.0,
            "가까운역이름":"NA",
            "가까운역거리":"NA",
            "역세권여부":"NA",
            "30분이내주요거점역":"NA",
            "30분거점역이름":"NA",
            "1시간이내주요거점역":"NA",
            "1시간거점역이름":"NA",
            "3km이내백화점수":0,
            "5km이내아울렛몰수":0,
            "1km이내대형먀트수":1,
            "500m이내은행수":0,
            "500m이내병원수":17,
            "5km이내대형병원수":1,
            "500m이내공원수":1,
            "3km이내혐오시설수":0,
            "초등학교학업성취도":90.04,
            "중학교학업성취도":74.0,
            "용적률":0,
            "건폐율":0,
            "Y":35.843215,
            "X":129.201755,
            "rank":49.0,
            "area_info":"5평(19.11), 12평(41.78), 15평(50.71), 15평(52.6), 16평(53.98), 16평(54.26), 16평(56.0), 17평(57.84), 18평(59.86), 18평(60.72), 18평(60.0), 18평(60.08), 18평(61.56), 19평(63.08), 19평(65.15), 19평(66.01), 20평(68.12), 21평(72.41), 22평(74.53), 22평(75.6), 22평(75.0), 23평(77.09), 23평(79.0), 24평(80.32), 25평(83.27), 25평(83.56), 27평(92.49), 34평(115.65), 35평(116.55), 37평(123.93)",
            "last_sales":"1800-01-01,nan,5평(19.11)",
            "rank_history":[
                [
                    "202202",
                    49
                ],
                [
                    "202201",
                    48
                ]
            ],
            "rank_gap":-1
        },
        {
            "index":426,
            "아파트명":"황성주공1차",
            "투자타입":"재건축",
            "전용면적(m2)":"37.38",
            "전용면적(평)":"11평",
            "법정동주소":"경상북도 경주시 황성동 295",
            "도로명주소":"경상북도 경주시 황성로16번길 39",
            "세대수":50,
            "입주년차":"--",
            "용적률점수":0,
            "건폐율점수":0,
            "세대당주차수":"--",
            "난방방식":"--",
            "공급면적":50,
            "전용률":80,
            "욕실수":"--",
            "현관타입":"--",
            "주거총점":21.5,
            "지역구공급총점":0.0,
            "역세권":"NA",
            "30분내 이동가능 거점":"NA",
            "1시간내 이동가능 거점":"NA",
            "교통총점":"NA",
            "백화점":0,
            "아울렛몰":0,
            "대형마트":0,
            "은행":0,
            "병원":60,
            "종합병원":80,
            "공원":100,
            "혐오시설":0,
            "인프라총점":25.0,
            "초등학군":90.02,
            "중학군":42.9,
            "학군총점":52.324,
            "인구수":25.96,
            "인구증감":0.54,
            "인구총점":18.334,
            "일자리":19.87,
            "소득수준":67.99,
            "일자리총점":34.306,
            "가치 총점":30.606,
            "매매실거래년":20211227.0,
            "매매실거래가":20800.0,
            "전세실거래년":20210515.0,
            "전세실거래가":3000.0,
            "전세가율":17.96,
            "장기전세가율평균":74.02,
            "전세가율거품지수":56.06,
            "검색코드":4159,
            "세대수":620.0,
            "준공년월":"1986-11-14",
            "준공년차":37.0,
            "가까운역이름":"NA",
            "가까운역거리":"NA",
            "역세권여부":"NA",
            "30분이내주요거점역":"NA",
            "30분거점역이름":"NA",
            "1시간이내주요거점역":"NA",
            "1시간거점역이름":"NA",
            "3km이내백화점수":0,
            "5km이내아울렛몰수":0,
            "1km이내대형먀트수":0,
            "500m이내은행수":1,
            "500m이내병원수":18,
            "5km이내대형병원수":1,
            "500m이내공원수":2,
            "3km이내혐오시설수":0,
            "초등학교학업성취도":90.02,
            "중학교학업성취도":70.9,
            "용적률":0,
            "건폐율":0,
            "Y":35.863852,
            "X":129.217169,
            "rank":50.0,
            "area_info":"11평(37.38), 13평(45.12), 15평(52.5), 15평(52.14)",
            "last_sales":"2021-12-27,20800.0,13평(45.12)",
            "rank_history":[
                [
                    "202202",
                    50
                ],
                [
                    "202201",
                    47
                ]
            ],
            "rank_gap":-3
        },
        {
            "index":32,
            "아파트명":"우주로얄맨션",
            "투자타입":"재건축",
            "전용면적(m2)":"114.92",
            "전용면적(평)":"34평",
            "법정동주소":"경상북도 경주시 동천동 702-12",
            "도로명주소":"경상북도 경주시 대안길35번길 12-1",
            "세대수":30,
            "입주년차":"--",
            "용적률점수":0,
            "건폐율점수":0,
            "세대당주차수":"--",
            "난방방식":"--",
            "공급면적":90,
            "전용률":60,
            "욕실수":"--",
            "현관타입":"--",
            "주거총점":16.5,
            "지역구공급총점":0.0,
            "역세권":"NA",
            "30분내 이동가능 거점":"NA",
            "1시간내 이동가능 거점":"NA",
            "교통총점":"NA",
            "백화점":0,
            "아울렛몰":0,
            "대형마트":0,
            "은행":70,
            "병원":30,
            "종합병원":80,
            "공원":100,
            "혐오시설":0,
            "인프라총점":29.0,
            "초등학군":89.98,
            "중학군":42.74,
            "학군총점":52.188,
            "인구수":25.96,
            "인구증감":0.54,
            "인구총점":18.334,
            "일자리":19.87,
            "소득수준":67.99,
            "일자리총점":34.306,
            "가치 총점":30.422,
            "매매실거래년":20220128.0,
            "매매실거래가":14500.0,
            "전세실거래년":20210330.0,
            "전세실거래가":10000.0,
            "전세가율":68.97,
            "장기전세가율평균":74.02,
            "전세가율거품지수":5.05,
            "검색코드":4117,
            "세대수":324.0,
            "준공년월":"1992-04-24",
            "준공년차":31.0,
            "가까운역이름":"NA",
            "가까운역거리":"NA",
            "역세권여부":"NA",
            "30분이내주요거점역":"NA",
            "30분거점역이름":"NA",
            "1시간이내주요거점역":"NA",
            "1시간거점역이름":"NA",
            "3km이내백화점수":0,
            "5km이내아울렛몰수":0,
            "1km이내대형먀트수":0,
            "500m이내은행수":3,
            "500m이내병원수":9,
            "5km이내대형병원수":1,
            "500m이내공원수":3,
            "3km이내혐오시설수":0,
            "초등학교학업성취도":89.98,
            "중학교학업성취도":70.7,
            "용적률":0,
            "건폐율":0,
            "Y":35.853955,
            "X":129.221689,
            "rank":51.0,
            "area_info":"34평(114.92), 34평(114.55), 34평(114.88), 34평(114.14), 52평(173.72), 71평(235.51)",
            "last_sales":"2022-01-28,14500.0,34평(114.92)",
            "rank_history":[
                [
                    "202202",
                    51
                ],
                [
                    "202201",
                    50
                ]
            ],
            "rank_gap":-1
        },
        {
            "index":391,
            "아파트명":"청우파크맨션(102동)",
            "투자타입":"재건축",
            "전용면적(m2)":"87.31",
            "전용면적(평)":"26평",
            "법정동주소":"경상북도 경주시 황성동 273-1",
            "도로명주소":"경상북도 경주시 황성로69번길 5",
            "세대수":0,
            "입주년차":"--",
            "용적률점수":0,
            "건폐율점수":0,
            "세대당주차수":"--",
            "난방방식":"--",
            "공급면적":70,
            "전용률":60,
            "욕실수":"--",
            "현관타입":"--",
            "주거총점":6.5,
            "지역구공급총점":0.0,
            "역세권":"NA",
            "30분내 이동가능 거점":"NA",
            "1시간내 이동가능 거점":"NA",
            "교통총점":"NA",
            "백화점":0,
            "아울렛몰":0,
            "대형마트":80,
            "은행":0,
            "병원":60,
            "종합병원":80,
            "공원":100,
            "혐오시설":0,
            "인프라총점":37.0,
            "초등학군":90.0,
            "중학군":42.9,
            "학군총점":52.32,
            "인구수":25.96,
            "인구증감":0.54,
            "인구총점":18.334,
            "일자리":19.87,
            "소득수준":67.99,
            "일자리총점":34.306,
            "가치 총점":30.155,
            "매매실거래년":20211231.0,
            "매매실거래가":13100.0,
            "전세실거래년":20210925.0,
            "전세실거래가":9000.0,
            "전세가율":83.33,
            "장기전세가율평균":74.02,
            "전세가율거품지수":-9.31,
            "검색코드":4168,
            "세대수":115.0,
            "준공년월":"1992-04-24",
            "준공년차":31.0,
            "가까운역이름":"NA",
            "가까운역거리":"NA",
            "역세권여부":"NA",
            "30분이내주요거점역":"NA",
            "30분거점역이름":"NA",
            "1시간이내주요거점역":"NA",
            "1시간거점역이름":"NA",
            "3km이내백화점수":0,
            "5km이내아울렛몰수":0,
            "1km이내대형먀트수":1,
            "500m이내은행수":0,
            "500m이내병원수":15,
            "5km이내대형병원수":1,
            "500m이내공원수":3,
            "3km이내혐오시설수":0,
            "초등학교학업성취도":90.0,
            "중학교학업성취도":70.9,
            "용적률":0,
            "건폐율":0,
            "Y":35.868078,
            "X":129.217277,
            "rank":52.0,
            "area_info":"26평(87.31), 28평(94.79)",
            "last_sales":"2021-12-31,13100.0,28평(94.79)",
            "rank_history":[
                [
                    "202202",
                    52
                ],
                [
                    "202201",
                    51
                ]
            ],
            "rank_gap":-1
        },
        {
            "index":177,
            "아파트명":"외동미소지움시티(도시형)",
            "투자타입":"일반",
            "전용면적(m2)":"57.28",
            "전용면적(평)":"17평",
            "법정동주소":"경상북도 경주시 외동읍 입실리 1397",
            "도로명주소":"경상북도 경주시 순금1길 7",
            "세대수":0,
            "입주년차":80,
            "용적률점수":"--",
            "건폐율점수":"--",
            "세대당주차수":0,
            "난방방식":30,
            "공급면적":"--",
            "전용률":"--",
            "욕실수":50,
            "현관타입":100,
            "주거총점":34.0,
            "지역구공급총점":0.0,
            "역세권":"NA",
            "30분내 이동가능 거점":"NA",
            "1시간내 이동가능 거점":"NA",
            "교통총점":"NA",
            "백화점":0,
            "아울렛몰":0,
            "대형마트":80,
            "은행":0,
            "병원":30,
            "종합병원":0,
            "공원":0,
            "혐오시설":0,
            "인프라총점":15.0,
            "초등학군":89.99,
            "중학군":37.74,
            "학군총점":48.19,
            "인구수":25.96,
            "인구증감":0.54,
            "인구총점":18.334,
            "일자리":19.87,
            "소득수준":67.99,
            "일자리총점":34.306,
            "가치 총점":29.9475,
            "매매실거래년":20180813.0,
            "매매실거래가":16260.0,
            "전세실거래년":null,
            "전세실거래가":null,
            "전세가율":null,
            "장기전세가율평균":74.02,
            "전세가율거품지수":null,
            "검색코드":116462,
            "세대수":218.0,
            "준공년월":"2018-08-13",
            "준공년차":5.0,
            "가까운역이름":"NA",
            "가까운역거리":"NA",
            "역세권여부":"NA",
            "30분이내주요거점역":"NA",
            "30분거점역이름":"NA",
            "1시간이내주요거점역":"NA",
            "1시간거점역이름":"NA",
            "3km이내백화점수":0,
            "5km이내아울렛몰수":0,
            "1km이내대형먀트수":1,
            "500m이내은행수":0,
            "500m이내병원수":8,
            "5km이내대형병원수":0,
            "500m이내공원수":0,
            "3km이내혐오시설수":0,
            "초등학교학업성취도":89.99,
            "중학교학업성취도":62.9,
            "용적률":214,
            "건폐율":22,
            "Y":35.711542,
            "X":129.322538,
            "rank":53.0,
            "area_info":"17평(57.28), 20평(67.52)",
            "last_sales":"2018-08-13,16260.0,20평(67.52)",
            "rank_history":[
                [
                    "202202",
                    53
                ],
                [
                    "202201",
                    54
                ]
            ],
            "rank_gap":1
        },
        {
            "index":379,
            "아파트명":"제일타운",
            "투자타입":"일반",
            "전용면적(m2)":"74.93",
            "전용면적(평)":"22평",
            "법정동주소":"경상북도 경주시 황성동 634-1",
            "도로명주소":"경상북도 경주시 유림로 6-9",
            "세대수":0,
            "입주년차":20,
            "용적률점수":"--",
            "건폐율점수":"--",
            "세대당주차수":0,
            "난방방식":30,
            "공급면적":"--",
            "전용률":"--",
            "욕실수":50,
            "현관타입":100,
            "주거총점":22.0,
            "지역구공급총점":0.0,
            "역세권":"NA",
            "30분내 이동가능 거점":"NA",
            "1시간내 이동가능 거점":"NA",
            "교통총점":"NA",
            "백화점":0,
            "아울렛몰":0,
            "대형마트":0,
            "은행":0,
            "병원":10,
            "종합병원":80,
            "공원":100,
            "혐오시설":0,
            "인프라총점":20.0,
            "초등학군":90.0,
            "중학군":48.56,
            "학군총점":56.848,
            "인구수":25.96,
            "인구증감":0.54,
            "인구총점":18.334,
            "일자리":19.87,
            "소득수준":67.99,
            "일자리총점":34.306,
            "가치 총점":29.912,
            "매매실거래년":20211231.0,
            "매매실거래가":9600.0,
            "전세실거래년":20210414.0,
            "전세실거래가":7000.0,
            "전세가율":72.92,
            "장기전세가율평균":74.02,
            "전세가율거품지수":1.1,
            "검색코드":4172,
            "세대수":200.0,
            "준공년월":"1999-10-05",
            "준공년차":24.0,
            "가까운역이름":"NA",
            "가까운역거리":"NA",
            "역세권여부":"NA",
            "30분이내주요거점역":"NA",
            "30분거점역이름":"NA",
            "1시간이내주요거점역":"NA",
            "1시간거점역이름":"NA",
            "3km이내백화점수":0,
            "5km이내아울렛몰수":0,
            "1km이내대형먀트수":0,
            "500m이내은행수":0,
            "500m이내병원수":3,
            "5km이내대형병원수":1,
            "500m이내공원수":2,
            "3km이내혐오시설수":0,
            "초등학교학업성취도":90.0,
            "중학교학업성취도":80.4,
            "용적률":0,
            "건폐율":0,
            "Y":35.87197,
            "X":129.21263,
            "rank":54.0,
            "area_info":"22평(74.93)",
            "last_sales":"2021-12-31,9600.0,22평(74.93)",
            "rank_history":[
                [
                    "202202",
                    54
                ],
                [
                    "202201",
                    53
                ]
            ],
            "rank_gap":-1
        },
        {
            "index":388,
            "아파트명":"청우파크맨션(101동)",
            "투자타입":"재건축",
            "전용면적(m2)":"79.37",
            "전용면적(평)":"24평",
            "법정동주소":"경상북도 경주시 황성동 241-1",
            "도로명주소":"경상북도 경주시 원지길 4",
            "세대수":0,
            "입주년차":"--",
            "용적률점수":0,
            "건폐율점수":0,
            "세대당주차수":"--",
            "난방방식":"--",
            "공급면적":50,
            "전용률":60,
            "욕실수":"--",
            "현관타입":"--",
            "주거총점":5.5,
            "지역구공급총점":0.0,
            "역세권":"NA",
            "30분내 이동가능 거점":"NA",
            "1시간내 이동가능 거점":"NA",
            "교통총점":"NA",
            "백화점":0,
            "아울렛몰":0,
            "대형마트":80,
            "은행":0,
            "병원":60,
            "종합병원":80,
            "공원":100,
            "혐오시설":0,
            "인프라총점":37.0,
            "초등학군":90.02,
            "중학군":42.9,
            "학군총점":52.324,
            "인구수":25.96,
            "인구증감":0.54,
            "인구총점":18.334,
            "일자리":19.87,
            "소득수준":67.99,
            "일자리총점":34.306,
            "가치 총점":29.806,
            "매매실거래년":20220117.0,
            "매매실거래가":9000.0,
            "전세실거래년":20211213.0,
            "전세실거래가":8700.0,
            "전세가율":96.67,
            "장기전세가율평균":74.02,
            "전세가율거품지수":-22.65,
            "검색코드":4167,
            "세대수":190.0,
            "준공년월":"1991-10-26",
            "준공년차":32.0,
            "가까운역이름":"NA",
            "가까운역거리":"NA",
            "역세권여부":"NA",
            "30분이내주요거점역":"NA",
            "30분거점역이름":"NA",
            "1시간이내주요거점역":"NA",
            "1시간거점역이름":"NA",
            "3km이내백화점수":0,
            "5km이내아울렛몰수":0,
            "1km이내대형먀트수":1,
            "500m이내은행수":0,
            "500m이내병원수":11,
            "5km이내대형병원수":1,
            "500m이내공원수":2,
            "3km이내혐오시설수":0,
            "초등학교학업성취도":90.02,
            "중학교학업성취도":70.9,
            "용적률":0,
            "건폐율":0,
            "Y":35.868159,
            "X":129.218098,
            "rank":55.0,
            "area_info":"24평(79.37), 27평(90.4), 31평(103.68)",
            "last_sales":"2022-01-17,9000.0,24평(79.37)",
            "rank_history":[
                [
                    "202202",
                    55
                ],
                [
                    "202201",
                    60
                ]
            ],
            "rank_gap":5
        },
        {
            "index":319,
            "아파트명":"우남리버빌",
            "투자타입":"일반",
            "전용면적(m2)":"49.64",
            "전용면적(평)":"15평",
            "법정동주소":"경상북도 경주시 현곡면 금장리 447-1",
            "도로명주소":"경상북도 경주시 금장2길 4",
            "세대수":0,
            "입주년차":20,
            "용적률점수":"--",
            "건폐율점수":"--",
            "세대당주차수":0,
            "난방방식":30,
            "공급면적":"--",
            "전용률":"--",
            "욕실수":50,
            "현관타입":100,
            "주거총점":22.0,
            "지역구공급총점":0.0,
            "역세권":"NA",
            "30분내 이동가능 거점":"NA",
            "1시간내 이동가능 거점":"NA",
            "교통총점":"NA",
            "백화점":0,
            "아울렛몰":0,
            "대형마트":0,
            "은행":0,
            "병원":10,
            "종합병원":80,
            "공원":80,
            "혐오시설":0,
            "인프라총점":19.4,
            "초등학군":90.02,
            "중학군":48.56,
            "학군총점":56.852,
            "인구수":25.96,
            "인구증감":0.54,
            "인구총점":18.334,
            "일자리":19.87,
            "소득수준":67.99,
            "일자리총점":34.306,
            "가치 총점":29.673,
            "매매실거래년":20220114.0,
            "매매실거래가":10200.0,
            "전세실거래년":20201124.0,
            "전세실거래가":5500.0,
            "전세가율":72.37,
            "장기전세가율평균":74.02,
            "전세가율거품지수":1.65,
            "검색코드":103415,
            "세대수":184.0,
            "준공년월":"2001-12-13",
            "준공년차":22.0,
            "가까운역이름":"NA",
            "가까운역거리":"NA",
            "역세권여부":"NA",
            "30분이내주요거점역":"NA",
            "30분거점역이름":"NA",
            "1시간이내주요거점역":"NA",
            "1시간거점역이름":"NA",
            "3km이내백화점수":0,
            "5km이내아울렛몰수":0,
            "1km이내대형먀트수":0,
            "500m이내은행수":0,
            "500m이내병원수":2,
            "5km이내대형병원수":1,
            "500m이내공원수":1,
            "3km이내혐오시설수":0,
            "초등학교학업성취도":90.02,
            "중학교학업성취도":80.4,
            "용적률":195,
            "건폐율":24,
            "Y":35.865796,
            "X":129.203147,
            "rank":56.0,
            "area_info":"15평(49.64), 19평(63.66), 24평(80.75), 24평(81.17)",
            "last_sales":"2022-01-14,10200.0,19평(63.66)",
            "rank_history":[
                [
                    "202202",
                    56
                ],
                [
                    "202201",
                    56
                ]
            ],
            "rank_gap":0
        },
        {
            "index":328,
            "아파트명":"삼보타운3차",
            "투자타입":"일반",
            "전용면적(m2)":"69.5",
            "전용면적(평)":"21평",
            "법정동주소":"경상북도 경주시 황성동 309-1",
            "도로명주소":"경상북도 경주시 용담로54번길 30-3",
            "세대수":0,
            "입주년차":0,
            "용적률점수":"--",
            "건폐율점수":"--",
            "세대당주차수":0,
            "난방방식":30,
            "공급면적":"--",
            "전용률":"--",
            "욕실수":50,
            "현관타입":100,
            "주거총점":18.0,
            "지역구공급총점":0.0,
            "역세권":"NA",
            "30분내 이동가능 거점":"NA",
            "1시간내 이동가능 거점":"NA",
            "교통총점":"NA",
            "백화점":0,
            "아울렛몰":0,
            "대형마트":0,
            "은행":0,
            "병원":60,
            "종합병원":80,
            "공원":100,
            "혐오시설":0,
            "인프라총점":25.0,
            "초등학군":90.02,
            "중학군":42.9,
            "학군총점":52.324,
            "인구수":25.96,
            "인구증감":0.54,
            "인구총점":18.334,
            "일자리":19.87,
            "소득수준":67.99,
            "일자리총점":34.306,
            "가치 총점":29.381,
            "매매실거래년":20211209.0,
            "매매실거래가":9000.0,
            "전세실거래년":20211219.0,
            "전세실거래가":8500.0,
            "전세가율":94.44,
            "장기전세가율평균":74.02,
            "전세가율거품지수":-20.42,
            "검색코드":4147,
            "세대수":180.0,
            "준공년월":"1993-09-24",
            "준공년차":30.0,
            "가까운역이름":"NA",
            "가까운역거리":"NA",
            "역세권여부":"NA",
            "30분이내주요거점역":"NA",
            "30분거점역이름":"NA",
            "1시간이내주요거점역":"NA",
            "1시간거점역이름":"NA",
            "3km이내백화점수":0,
            "5km이내아울렛몰수":0,
            "1km이내대형먀트수":0,
            "500m이내은행수":1,
            "500m이내병원수":19,
            "5km이내대형병원수":1,
            "500m이내공원수":3,
            "3km이내혐오시설수":0,
            "초등학교학업성취도":90.02,
            "중학교학업성취도":70.9,
            "용적률":315,
            "건폐율":29,
            "Y":35.86421,
            "X":129.218052,
            "rank":57.0,
            "area_info":"21평(69.5), 22평(73.64), 25평(85.34), 29평(98.32)",
            "last_sales":"2021-12-09,9000.0,21평(69.5)",
            "rank_history":[
                [
                    "202202",
                    57
                ],
                [
                    "202201",
                    55
                ]
            ],
            "rank_gap":-2
        },
        {
            "index":332,
            "아파트명":"삼보타운4차",
            "투자타입":"일반",
            "전용면적(m2)":"67.86",
            "전용면적(평)":"20평",
            "법정동주소":"경상북도 경주시 황성동 308-2",
            "도로명주소":"경상북도 경주시 용담로54번길 30-15",
            "세대수":0,
            "입주년차":0,
            "용적률점수":"--",
            "건폐율점수":"--",
            "세대당주차수":0,
            "난방방식":30,
            "공급면적":"--",
            "전용률":"--",
            "욕실수":50,
            "현관타입":100,
            "주거총점":18.0,
            "지역구공급총점":0.0,
            "역세권":"NA",
            "30분내 이동가능 거점":"NA",
            "1시간내 이동가능 거점":"NA",
            "교통총점":"NA",
            "백화점":0,
            "아울렛몰":0,
            "대형마트":0,
            "은행":0,
            "병원":60,
            "종합병원":80,
            "공원":100,
            "혐오시설":0,
            "인프라총점":25.0,
            "초등학군":90.02,
            "중학군":42.9,
            "학군총점":52.324,
            "인구수":25.96,
            "인구증감":0.54,
            "인구총점":18.334,
            "일자리":19.87,
            "소득수준":67.99,
            "일자리총점":34.306,
            "가치 총점":29.381,
            "매매실거래년":20211228.0,
            "매매실거래가":12700.0,
            "전세실거래년":20170516.0,
            "전세실거래가":8500.0,
            "전세가율":113.33,
            "장기전세가율평균":74.02,
            "전세가율거품지수":-39.31,
            "검색코드":4148,
            "세대수":105.0,
            "준공년월":"1995-04-10",
            "준공년차":28.0,
            "가까운역이름":"NA",
            "가까운역거리":"NA",
            "역세권여부":"NA",
            "30분이내주요거점역":"NA",
            "30분거점역이름":"NA",
            "1시간이내주요거점역":"NA",
            "1시간거점역이름":"NA",
            "3km이내백화점수":0,
            "5km이내아울렛몰수":0,
            "1km이내대형먀트수":0,
            "500m이내은행수":1,
            "500m이내병원수":14,
            "5km이내대형병원수":1,
            "500m이내공원수":3,
            "3km이내혐오시설수":0,
            "초등학교학업성취도":90.02,
            "중학교학업성취도":70.9,
            "용적률":343,
            "건폐율":31,
            "Y":35.863469,
            "X":129.218502,
            "rank":57.0,
            "area_info":"20평(67.86), 22평(72.9), 25평(83.62), 26평(87.09), 29평(96.54), 30평(99.61)",
            "last_sales":"2021-12-28,12700.0,29평(96.54)",
            "rank_history":[
                [
                    "202202",
                    57
                ],
                [
                    "202201",
                    55
                ]
            ],
            "rank_gap":-2
        },
        {
            "index":338,
            "아파트명":"삼보타운5차",
            "투자타입":"일반",
            "전용면적(m2)":"76.62",
            "전용면적(평)":"23평",
            "법정동주소":"경상북도 경주시 황성동 315-12",
            "도로명주소":"경상북도 경주시 용담로54번길 29-6",
            "세대수":0,
            "입주년차":0,
            "용적률점수":"--",
            "건폐율점수":"--",
            "세대당주차수":0,
            "난방방식":30,
            "공급면적":"--",
            "전용률":"--",
            "욕실수":50,
            "현관타입":100,
            "주거총점":18.0,
            "지역구공급총점":0.0,
            "역세권":"NA",
            "30분내 이동가능 거점":"NA",
            "1시간내 이동가능 거점":"NA",
            "교통총점":"NA",
            "백화점":0,
            "아울렛몰":0,
            "대형마트":0,
            "은행":0,
            "병원":60,
            "종합병원":80,
            "공원":100,
            "혐오시설":0,
            "인프라총점":25.0,
            "초등학군":90.02,
            "중학군":42.9,
            "학군총점":52.324,
            "인구수":25.96,
            "인구증감":0.54,
            "인구총점":18.334,
            "일자리":19.87,
            "소득수준":67.99,
            "일자리총점":34.306,
            "가치 총점":29.381,
            "매매실거래년":20211124.0,
            "매매실거래가":17500.0,
            "전세실거래년":20220115.0,
            "전세실거래가":9000.0,
            "전세가율":83.33,
            "장기전세가율평균":74.02,
            "전세가율거품지수":-9.31,
            "검색코드":4149,
            "세대수":108.0,
            "준공년월":"1995-11-28",
            "준공년차":28.0,
            "가까운역이름":"NA",
            "가까운역거리":"NA",
            "역세권여부":"NA",
            "30분이내주요거점역":"NA",
            "30분거점역이름":"NA",
            "1시간이내주요거점역":"NA",
            "1시간거점역이름":"NA",
            "3km이내백화점수":0,
            "5km이내아울렛몰수":0,
            "1km이내대형먀트수":0,
            "500m이내은행수":1,
            "500m이내병원수":19,
            "5km이내대형병원수":1,
            "500m이내공원수":2,
            "3km이내혐오시설수":0,
            "초등학교학업성취도":90.02,
            "중학교학업성취도":70.9,
            "용적률":386,
            "건폐율":30,
            "Y":35.864959,
            "X":129.217318,
            "rank":57.0,
            "area_info":"23평(76.62), 30평(101.17)",
            "last_sales":"2021-11-24,17500.0,30평(101.17)",
            "rank_history":[
                [
                    "202202",
                    57
                ],
                [
                    "202201",
                    55
                ]
            ],
            "rank_gap":-2
        },
        {
            "index":362,
            "아파트명":"신흥로얄맨션2차",
            "투자타입":"일반",
            "전용면적(m2)":"73.98",
            "전용면적(평)":"22평",
            "법정동주소":"경상북도 경주시 황성동 545",
            "도로명주소":"경상북도 경주시 용담로116번길 63",
            "세대수":0,
            "입주년차":0,
            "용적률점수":"--",
            "건폐율점수":"--",
            "세대당주차수":0,
            "난방방식":30,
            "공급면적":"--",
            "전용률":"--",
            "욕실수":50,
            "현관타입":100,
            "주거총점":18.0,
            "지역구공급총점":0.0,
            "역세권":"NA",
            "30분내 이동가능 거점":"NA",
            "1시간내 이동가능 거점":"NA",
            "교통총점":"NA",
            "백화점":0,
            "아울렛몰":0,
            "대형마트":0,
            "은행":0,
            "병원":60,
            "종합병원":80,
            "공원":100,
            "혐오시설":0,
            "인프라총점":25.0,
            "초등학군":90.0,
            "중학군":42.9,
            "학군총점":52.32,
            "인구수":25.96,
            "인구증감":0.54,
            "인구총점":18.334,
            "일자리":19.87,
            "소득수준":67.99,
            "일자리총점":34.306,
            "가치 총점":29.38,
            "매매실거래년":20220123.0,
            "매매실거래가":21000.0,
            "전세실거래년":20210707.0,
            "전세실거래가":12000.0,
            "전세가율":89.55,
            "장기전세가율평균":74.02,
            "전세가율거품지수":-15.53,
            "검색코드":4177,
            "세대수":294.0,
            "준공년월":"1995-10-13",
            "준공년차":28.0,
            "가까운역이름":"NA",
            "가까운역거리":"NA",
            "역세권여부":"NA",
            "30분이내주요거점역":"NA",
            "30분거점역이름":"NA",
            "1시간이내주요거점역":"NA",
            "1시간거점역이름":"NA",
            "3km이내백화점수":0,
            "5km이내아울렛몰수":0,
            "1km이내대형먀트수":0,
            "500m이내은행수":0,
            "500m이내병원수":11,
            "5km이내대형병원수":1,
            "500m이내공원수":2,
            "3km이내혐오시설수":0,
            "초등학교학업성취도":90.0,
            "중학교학업성취도":70.9,
            "용적률":299,
            "건폐율":27,
            "Y":35.86959,
            "X":129.212949,
            "rank":58.0,
            "area_info":"22평(73.98), 24평(82.56), 28평(95.39), 29평(98.36), 39평(131.54)",
            "last_sales":"2022-01-23,21000.0,29평(98.36)",
            "rank_history":[
                [
                    "202202",
                    58
                ],
                [
                    "202201",
                    63
                ]
            ],
            "rank_gap":5
        },
        {
            "index":353,
            "아파트명":"신안그린파크",
            "투자타입":"일반",
            "전용면적(m2)":"90.95",
            "전용면적(평)":"27평",
            "법정동주소":"경상북도 경주시 황성동 508-1",
            "도로명주소":"경상북도 경주시 용담로92번길 38",
            "세대수":0,
            "입주년차":0,
            "용적률점수":"--",
            "건폐율점수":"--",
            "세대당주차수":0,
            "난방방식":30,
            "공급면적":"--",
            "전용률":"--",
            "욕실수":50,
            "현관타입":100,
            "주거총점":18.0,
            "지역구공급총점":0.0,
            "역세권":"NA",
            "30분내 이동가능 거점":"NA",
            "1시간내 이동가능 거점":"NA",
            "교통총점":"NA",
            "백화점":0,
            "아울렛몰":0,
            "대형마트":0,
            "은행":0,
            "병원":60,
            "종합병원":80,
            "공원":100,
            "혐오시설":0,
            "인프라총점":25.0,
            "초등학군":90.0,
            "중학군":42.9,
            "학군총점":52.32,
            "인구수":25.96,
            "인구증감":0.54,
            "인구총점":18.334,
            "일자리":19.87,
            "소득수준":67.99,
            "일자리총점":34.306,
            "가치 총점":29.38,
            "매매실거래년":20211213.0,
            "매매실거래가":13950.0,
            "전세실거래년":20201212.0,
            "전세실거래가":11000.0,
            "전세가율":102.8,
            "장기전세가율평균":74.02,
            "전세가율거품지수":-28.78,
            "검색코드":4156,
            "세대수":182.0,
            "준공년월":"1993-12-08",
            "준공년차":30.0,
            "가까운역이름":"NA",
            "가까운역거리":"NA",
            "역세권여부":"NA",
            "30분이내주요거점역":"NA",
            "30분거점역이름":"NA",
            "1시간이내주요거점역":"NA",
            "1시간거점역이름":"NA",
            "3km이내백화점수":0,
            "5km이내아울렛몰수":0,
            "1km이내대형먀트수":0,
            "500m이내은행수":1,
            "500m이내병원수":21,
            "5km이내대형병원수":1,
            "500m이내공원수":2,
            "3km이내혐오시설수":0,
            "초등학교학업성취도":90.0,
            "중학교학업성취도":70.9,
            "용적률":311,
            "건폐율":33,
            "Y":35.866605,
            "X":129.214088,
            "rank":58.0,
            "area_info":"27평(90.95), 27평(90.45), 28평(93.72), 28평(95.31), 30평(100.29), 30평(100.85), 31평(103.95)",
            "last_sales":"2021-12-13,13950.0,30평(100.29)",
            "rank_history":[
                [
                    "202202",
                    58
                ],
                [
                    "202201",
                    57
                ]
            ],
            "rank_gap":-1
        },
        {
            "index":38,
            "아파트명":"월성맨션",
            "투자타입":"재건축",
            "전용면적(m2)":"76.56",
            "전용면적(평)":"23평",
            "법정동주소":"경상북도 경주시 동천동 903-1",
            "도로명주소":"경상북도 경주시 초당길15번길 21-10",
            "세대수":0,
            "입주년차":"--",
            "용적률점수":0,
            "건폐율점수":80,
            "세대당주차수":"--",
            "난방방식":"--",
            "공급면적":50,
            "전용률":60,
            "욕실수":"--",
            "현관타입":"--",
            "주거총점":21.5,
            "지역구공급총점":0.0,
            "역세권":"NA",
            "30분내 이동가능 거점":"NA",
            "1시간내 이동가능 거점":"NA",
            "교통총점":"NA",
            "백화점":0,
            "아울렛몰":0,
            "대형마트":0,
            "은행":0,
            "병원":0,
            "종합병원":80,
            "공원":100,
            "혐오시설":0,
            "인프라총점":19.0,
            "초등학군":89.99,
            "중학군":47.06,
            "학군총점":55.646,
            "인구수":25.96,
            "인구증감":0.54,
            "인구총점":18.334,
            "일자리":19.87,
            "소득수준":67.99,
            "일자리총점":34.306,
            "가치 총점":29.0365,
            "매매실거래년":20210925.0,
            "매매실거래가":8100.0,
            "전세실거래년":20170323.0,
            "전세실거래가":7000.0,
            "전세가율":106.06,
            "장기전세가율평균":74.02,
            "전세가율거품지수":-32.04,
            "검색코드":4108,
            "세대수":120.0,
            "준공년월":"1992-08-18",
            "준공년차":31.0,
            "가까운역이름":"NA",
            "가까운역거리":"NA",
            "역세권여부":"NA",
            "30분이내주요거점역":"NA",
            "30분거점역이름":"NA",
            "1시간이내주요거점역":"NA",
            "1시간거점역이름":"NA",
            "3km이내백화점수":0,
            "5km이내아울렛몰수":0,
            "1km이내대형먀트수":0,
            "500m이내은행수":0,
            "500m이내병원수":1,
            "5km이내대형병원수":1,
            "500m이내공원수":5,
            "3km이내혐오시설수":0,
            "초등학교학업성취도":89.99,
            "중학교학업성취도":78.1,
            "용적률":275,
            "건폐율":27,
            "Y":35.84763,
            "X":129.23191,
            "rank":59.0,
            "area_info":"23평(76.56), 28평(93.69)",
            "last_sales":"2021-09-25,8100.0,28평(93.69)",
            "rank_history":[
                [
                    "202202",
                    59
                ],
                [
                    "202201",
                    58
                ]
            ],
            "rank_gap":-1
        },
        {
            "index":351,
            "아파트명":"송정그랜져",
            "투자타입":"재건축",
            "전용면적(m2)":"88.3",
            "전용면적(평)":"26평",
            "법정동주소":"경상북도 경주시 황성동 251",
            "도로명주소":"경상북도 경주시 황성로64번길 30-9",
            "세대수":0,
            "입주년차":"--",
            "용적률점수":0,
            "건폐율점수":0,
            "세대당주차수":"--",
            "난방방식":"--",
            "공급면적":70,
            "전용률":60,
            "욕실수":"--",
            "현관타입":"--",
            "주거총점":6.5,
            "지역구공급총점":0.0,
            "역세권":"NA",
            "30분내 이동가능 거점":"NA",
            "1시간내 이동가능 거점":"NA",
            "교통총점":"NA",
            "백화점":0,
            "아울렛몰":0,
            "대형마트":80,
            "은행":0,
            "병원":30,
            "종합병원":80,
            "공원":100,
            "혐오시설":0,
            "인프라총점":34.0,
            "초등학군":90.02,
            "중학군":42.9,
            "학군총점":52.324,
            "인구수":25.96,
            "인구증감":0.54,
            "인구총점":18.334,
            "일자리":19.87,
            "소득수준":67.99,
            "일자리총점":34.306,
            "가치 총점":28.956,
            "매매실거래년":20220121.0,
            "매매실거래가":6900.0,
            "전세실거래년":20191020.0,
            "전세실거래가":5000.0,
            "전세가율":72.46,
            "장기전세가율평균":74.02,
            "전세가율거품지수":1.56,
            "검색코드":4154,
            "세대수":128.0,
            "준공년월":"1991-10-15",
            "준공년차":32.0,
            "가까운역이름":"NA",
            "가까운역거리":"NA",
            "역세권여부":"NA",
            "30분이내주요거점역":"NA",
            "30분거점역이름":"NA",
            "1시간이내주요거점역":"NA",
            "1시간거점역이름":"NA",
            "3km이내백화점수":0,
            "5km이내아울렛몰수":0,
            "1km이내대형먀트수":1,
            "500m이내은행수":0,
            "500m이내병원수":5,
            "5km이내대형병원수":1,
            "500m이내공원수":2,
            "3km이내혐오시설수":0,
            "초등학교학업성취도":90.02,
            "중학교학업성취도":70.9,
            "용적률":0,
            "건폐율":0,
            "Y":35.866062,
            "X":129.220546,
            "rank":60.0,
            "area_info":"26평(88.3), 33평(111.13)",
            "last_sales":"2022-01-21,6900.0,26평(88.3)",
            "rank_history":[
                [
                    "202202",
                    60
                ],
                [
                    "202201",
                    61
                ]
            ],
            "rank_gap":1
        },
        {
            "index":402,
            "아파트명":"현대2차",
            "투자타입":"재건축",
            "전용면적(m2)":"87.88",
            "전용면적(평)":"26평",
            "법정동주소":"경상북도 경주시 황성동 533-2",
            "도로명주소":"경상북도 경주시 황성로27번길 24",
            "세대수":30,
            "입주년차":"--",
            "용적률점수":0,
            "건폐율점수":0,
            "세대당주차수":"--",
            "난방방식":"--",
            "공급면적":70,
            "전용률":80,
            "욕실수":"--",
            "현관타입":"--",
            "주거총점":16.5,
            "지역구공급총점":0.0,
            "역세권":"NA",
            "30분내 이동가능 거점":"NA",
            "1시간내 이동가능 거점":"NA",
            "교통총점":"NA",
            "백화점":0,
            "아울렛몰":0,
            "대형마트":0,
            "은행":0,
            "병원":60,
            "종합병원":80,
            "공원":100,
            "혐오시설":0,
            "인프라총점":25.0,
            "초등학군":90.0,
            "중학군":42.9,
            "학군총점":52.32,
            "인구수":25.96,
            "인구증감":0.54,
            "인구총점":18.334,
            "일자리":19.87,
            "소득수준":67.99,
            "일자리총점":34.306,
            "가치 총점":28.855,
            "매매실거래년":20211210.0,
            "매매실거래가":14000.0,
            "전세실거래년":20211123.0,
            "전세실거래가":13500.0,
            "전세가율":96.43,
            "장기전세가율평균":74.02,
            "전세가율거품지수":-22.41,
            "검색코드":4164,
            "세대수":368.0,
            "준공년월":"1992-03-28",
            "준공년차":31.0,
            "가까운역이름":"NA",
            "가까운역거리":"NA",
            "역세권여부":"NA",
            "30분이내주요거점역":"NA",
            "30분거점역이름":"NA",
            "1시간이내주요거점역":"NA",
            "1시간거점역이름":"NA",
            "3km이내백화점수":0,
            "5km이내아울렛몰수":0,
            "1km이내대형먀트수":0,
            "500m이내은행수":1,
            "500m이내병원수":22,
            "5km이내대형병원수":1,
            "500m이내공원수":2,
            "3km이내혐오시설수":0,
            "초등학교학업성취도":90.0,
            "중학교학업성취도":70.9,
            "용적률":0,
            "건폐율":0,
            "Y":35.867407,
            "X":129.213193,
            "rank":61.0,
            "area_info":"26평(87.88), 31평(104.89)",
            "last_sales":"2021-12-10,14000.0,26평(87.88)",
            "rank_history":[
                [
                    "202202",
                    61
                ],
                [
                    "202201",
                    59
                ]
            ],
            "rank_gap":-2
        },
        {
            "index":151,
            "아파트명":"한동그린타운",
            "투자타입":"일반",
            "전용면적(m2)":"46.35",
            "전용면적(평)":"14평",
            "법정동주소":"경상북도 경주시 안강읍 산대리 1346-9",
            "도로명주소":"경상북도 경주시 피일길 82",
            "세대수":50,
            "입주년차":20,
            "용적률점수":"--",
            "건폐율점수":"--",
            "세대당주차수":0,
            "난방방식":30,
            "공급면적":"--",
            "전용률":"--",
            "욕실수":50,
            "현관타입":100,
            "주거총점":39.5,
            "지역구공급총점":0.0,
            "역세권":"NA",
            "30분내 이동가능 거점":"NA",
            "1시간내 이동가능 거점":"NA",
            "교통총점":"NA",
            "백화점":0,
            "아울렛몰":0,
            "대형마트":0,
            "은행":0,
            "병원":0,
            "종합병원":0,
            "공원":0,
            "혐오시설":0,
            "인프라총점":0.0,
            "초등학군":89.99,
            "중학군":50.26,
            "학군총점":58.206,
            "인구수":25.96,
            "인구증감":0.54,
            "인구총점":18.334,
            "일자리":19.87,
            "소득수준":67.99,
            "일자리총점":34.306,
            "가치 총점":28.3765,
            "매매실거래년":20211230.0,
            "매매실거래가":2800.0,
            "전세실거래년":null,
            "전세실거래가":null,
            "전세가율":null,
            "장기전세가율평균":74.02,
            "전세가율거품지수":null,
            "검색코드":105540,
            "세대수":460.0,
            "준공년월":"1999-10-15",
            "준공년차":24.0,
            "가까운역이름":"NA",
            "가까운역거리":"NA",
            "역세권여부":"NA",
            "30분이내주요거점역":"NA",
            "30분거점역이름":"NA",
            "1시간이내주요거점역":"NA",
            "1시간거점역이름":"NA",
            "3km이내백화점수":0,
            "5km이내아울렛몰수":0,
            "1km이내대형먀트수":0,
            "500m이내은행수":0,
            "500m이내병원수":0,
            "5km이내대형병원수":0,
            "500m이내공원수":0,
            "3km이내혐오시설수":0,
            "초등학교학업성취도":89.99,
            "중학교학업성취도":83.3,
            "용적률":99,
            "건폐율":27,
            "Y":35.999886,
            "X":129.184951,
            "rank":62.0,
            "area_info":"14평(46.35), 20평(66.82)",
            "last_sales":"2021-12-30,2800.0,14평(46.35)",
            "rank_history":[
                [
                    "202202",
                    62
                ],
                [
                    "202201",
                    62
                ]
            ],
            "rank_gap":0
        },
        {
            "index":201,
            "아파트명":"용강대신맨션2차",
            "투자타입":"일반",
            "전용면적(m2)":"79.34",
            "전용면적(평)":"24평",
            "법정동주소":"경상북도 경주시 용강동 1348",
            "도로명주소":"경상북도 경주시 양정로 331",
            "세대수":0,
            "입주년차":0,
            "용적률점수":"--",
            "건폐율점수":"--",
            "세대당주차수":0,
            "난방방식":30,
            "공급면적":"--",
            "전용률":"--",
            "욕실수":50,
            "현관타입":100,
            "주거총점":18.0,
            "지역구공급총점":0.0,
            "역세권":"NA",
            "30분내 이동가능 거점":"NA",
            "1시간내 이동가능 거점":"NA",
            "교통총점":"NA",
            "백화점":0,
            "아울렛몰":0,
            "대형마트":0,
            "은행":0,
            "병원":30,
            "종합병원":80,
            "공원":100,
            "혐오시설":0,
            "인프라총점":22.0,
            "초등학군":89.98,
            "중학군":42.9,
            "학군총점":52.316,
            "인구수":25.96,
            "인구증감":0.54,
            "인구총점":18.334,
            "일자리":19.87,
            "소득수준":67.99,
            "일자리총점":34.306,
            "가치 총점":28.179,
            "매매실거래년":20211201.0,
            "매매실거래가":12400.0,
            "전세실거래년":20200429.0,
            "전세실거래가":6800.0,
            "전세가율":80.0,
            "장기전세가율평균":74.02,
            "전세가율거품지수":-5.98,
            "검색코드":15851,
            "세대수":162.0,
            "준공년월":"1993-09-11",
            "준공년차":30.0,
            "가까운역이름":"NA",
            "가까운역거리":"NA",
            "역세권여부":"NA",
            "30분이내주요거점역":"NA",
            "30분거점역이름":"NA",
            "1시간이내주요거점역":"NA",
            "1시간거점역이름":"NA",
            "3km이내백화점수":0,
            "5km이내아울렛몰수":0,
            "1km이내대형먀트수":0,
            "500m이내은행수":1,
            "500m이내병원수":6,
            "5km이내대형병원수":1,
            "500m이내공원수":4,
            "3km이내혐오시설수":0,
            "초등학교학업성취도":89.98,
            "중학교학업성취도":70.9,
            "용적률":384,
            "건폐율":28,
            "Y":35.86227,
            "X":129.22267,
            "rank":63.0,
            "area_info":"24평(79.34), 31평(103.75)",
            "last_sales":"2021-12-01,12400.0,31평(103.75)",
            "rank_history":[
                [
                    "202202",
                    63
                ],
                [
                    "202201",
                    70
                ]
            ],
            "rank_gap":7
        },
        {
            "index":199,
            "아파트명":"보우주택용강빌리지",
            "투자타입":"재건축",
            "전용면적(m2)":"74.48",
            "전용면적(평)":"22평",
            "법정동주소":"경상북도 경주시 용강동 847-2",
            "도로명주소":"경상북도 경주시 산업로 4377-8",
            "세대수":0,
            "입주년차":"--",
            "용적률점수":0,
            "건폐율점수":0,
            "세대당주차수":"--",
            "난방방식":"--",
            "공급면적":50,
            "전용률":60,
            "욕실수":"--",
            "현관타입":"--",
            "주거총점":5.5,
            "지역구공급총점":0.0,
            "역세권":"NA",
            "30분내 이동가능 거점":"NA",
            "1시간내 이동가능 거점":"NA",
            "교통총점":"NA",
            "백화점":0,
            "아울렛몰":0,
            "대형마트":80,
            "은행":0,
            "병원":10,
            "종합병원":80,
            "공원":0,
            "혐오시설":0,
            "인프라총점":29.0,
            "초등학군":90.02,
            "중학군":50.04,
            "학군총점":58.036,
            "인구수":25.96,
            "인구증감":0.54,
            "인구총점":18.334,
            "일자리":19.87,
            "소득수준":67.99,
            "일자리총점":34.306,
            "가치 총점":28.034,
            "매매실거래년":20220111.0,
            "매매실거래가":5400.0,
            "전세실거래년":20210503.0,
            "전세실거래가":4000.0,
            "전세가율":74.07,
            "장기전세가율평균":74.02,
            "전세가율거품지수":-0.05,
            "검색코드":15856,
            "세대수":114.0,
            "준공년월":"1990-11-22",
            "준공년차":33.0,
            "가까운역이름":"NA",
            "가까운역거리":"NA",
            "역세권여부":"NA",
            "30분이내주요거점역":"NA",
            "30분거점역이름":"NA",
            "1시간이내주요거점역":"NA",
            "1시간거점역이름":"NA",
            "3km이내백화점수":0,
            "5km이내아울렛몰수":0,
            "1km이내대형먀트수":1,
            "500m이내은행수":0,
            "500m이내병원수":2,
            "5km이내대형병원수":1,
            "500m이내공원수":0,
            "3km이내혐오시설수":0,
            "초등학교학업성취도":90.02,
            "중학교학업성취도":82.6,
            "용적률":0,
            "건폐율":0,
            "Y":35.870553,
            "X":129.223815,
            "rank":64.0,
            "area_info":"22평(74.48), 23평(77.78)",
            "last_sales":"2022-01-11,5400.0,22평(74.48)",
            "rank_history":[
                [
                    "202202",
                    64
                ],
                [
                    "202201",
                    65
                ]
            ],
            "rank_gap":1
        },
        {
            "index":150,
            "아파트명":"우성한빛타운1차",
            "투자타입":"일반",
            "전용면적(m2)":"53.49",
            "전용면적(평)":"16평",
            "법정동주소":"경상북도 경주시 안강읍 산대리 1885",
            "도로명주소":"경상북도 경주시 화전중앙길 14-2",
            "세대수":0,
            "입주년차":20,
            "용적률점수":"--",
            "건폐율점수":"--",
            "세대당주차수":0,
            "난방방식":30,
            "공급면적":"--",
            "전용률":"--",
            "욕실수":50,
            "현관타입":100,
            "주거총점":22.0,
            "지역구공급총점":0.0,
            "역세권":"NA",
            "30분내 이동가능 거점":"NA",
            "1시간내 이동가능 거점":"NA",
            "교통총점":"NA",
            "백화점":0,
            "아울렛몰":0,
            "대형마트":80,
            "은행":0,
            "병원":0,
            "종합병원":0,
            "공원":80,
            "혐오시설":0,
            "인프라총점":14.4,
            "초등학군":89.99,
            "중학군":50.26,
            "학군총점":58.206,
            "인구수":25.96,
            "인구증감":0.54,
            "인구총점":18.334,
            "일자리":19.87,
            "소득수준":67.99,
            "일자리총점":34.306,
            "가치 총점":28.0115,
            "매매실거래년":20211229.0,
            "매매실거래가":3750.0,
            "전세실거래년":20130310.0,
            "전세실거래가":2500.0,
            "전세가율":66.67,
            "장기전세가율평균":74.02,
            "전세가율거품지수":7.35,
            "검색코드":112857,
            "세대수":198.0,
            "준공년월":"2000-07-28",
            "준공년차":23.0,
            "가까운역이름":"NA",
            "가까운역거리":"NA",
            "역세권여부":"NA",
            "30분이내주요거점역":"NA",
            "30분거점역이름":"NA",
            "1시간이내주요거점역":"NA",
            "1시간거점역이름":"NA",
            "3km이내백화점수":0,
            "5km이내아울렛몰수":0,
            "1km이내대형먀트수":1,
            "500m이내은행수":1,
            "500m이내병원수":0,
            "5km이내대형병원수":0,
            "500m이내공원수":1,
            "3km이내혐오시설수":0,
            "초등학교학업성취도":89.99,
            "중학교학업성취도":83.3,
            "용적률":216,
            "건폐율":28,
            "Y":35.992425,
            "X":129.215426,
            "rank":65.0,
            "area_info":"16평(53.49)",
            "last_sales":"2021-12-29,3750.0,16평(53.49)",
            "rank_history":[
                [
                    "202202",
                    65
                ],
                [
                    "202201",
                    87
                ]
            ],
            "rank_gap":22
        },
        {
            "index":393,
            "아파트명":"한길골든빌",
            "투자타입":"일반",
            "전용면적(m2)":"58.62",
            "전용면적(평)":"17평",
            "법정동주소":"경상북도 경주시 황성동 562-2",
            "도로명주소":"경상북도 경주시 용담로92번길 65-15",
            "세대수":0,
            "입주년차":20,
            "용적률점수":"--",
            "건폐율점수":"--",
            "세대당주차수":0,
            "난방방식":30,
            "공급면적":"--",
            "전용률":"--",
            "욕실수":50,
            "현관타입":50,
            "주거총점":17.0,
            "지역구공급총점":0.0,
            "역세권":"NA",
            "30분내 이동가능 거점":"NA",
            "1시간내 이동가능 거점":"NA",
            "교통총점":"NA",
            "백화점":0,
            "아울렛몰":0,
            "대형마트":0,
            "은행":0,
            "병원":30,
            "종합병원":80,
            "공원":100,
            "혐오시설":0,
            "인프라총점":22.0,
            "초등학군":90.0,
            "중학군":42.9,
            "학군총점":52.32,
            "인구수":25.96,
            "인구증감":0.54,
            "인구총점":18.334,
            "일자리":19.87,
            "소득수준":67.99,
            "일자리총점":34.306,
            "가치 총점":27.83,
            "매매실거래년":20220107.0,
            "매매실거래가":6500.0,
            "전세실거래년":20210814.0,
            "전세실거래가":5000.0,
            "전세가율":76.92,
            "장기전세가율평균":74.02,
            "전세가율거품지수":-2.9,
            "검색코드":106460,
            "세대수":197.0,
            "준공년월":"2002-05-18",
            "준공년차":21.0,
            "가까운역이름":"NA",
            "가까운역거리":"NA",
            "역세권여부":"NA",
            "30분이내주요거점역":"NA",
            "30분거점역이름":"NA",
            "1시간이내주요거점역":"NA",
            "1시간거점역이름":"NA",
            "3km이내백화점수":0,
            "5km이내아울렛몰수":0,
            "1km이내대형먀트수":0,
            "500m이내은행수":0,
            "500m이내병원수":8,
            "5km이내대형병원수":1,
            "500m이내공원수":2,
            "3km이내혐오시설수":0,
            "초등학교학업성취도":90.0,
            "중학교학업성취도":70.9,
            "용적률":364,
            "건폐율":28,
            "Y":35.870392,
            "X":129.213925,
            "rank":66.0,
            "area_info":"17평(58.62), 21평(71.32)",
            "last_sales":"2022-01-07,6500.0,17평(58.62)",
            "rank_history":[
                [
                    "202202",
                    66
                ],
                [
                    "202201",
                    64
                ]
            ],
            "rank_gap":-2
        },
        {
            "index":20,
            "아파트명":"삼성1차",
            "투자타입":"일반",
            "전용면적(m2)":"71.19",
            "전용면적(평)":"21평",
            "법정동주소":"경상북도 경주시 동천동 944-1",
            "도로명주소":"경상북도 경주시 초당길55번길 10",
            "세대수":0,
            "입주년차":0,
            "용적률점수":"--",
            "건폐율점수":"--",
            "세대당주차수":0,
            "난방방식":30,
            "공급면적":"--",
            "전용률":"--",
            "욕실수":50,
            "현관타입":100,
            "주거총점":18.0,
            "지역구공급총점":0.0,
            "역세권":"NA",
            "30분내 이동가능 거점":"NA",
            "1시간내 이동가능 거점":"NA",
            "교통총점":"NA",
            "백화점":0,
            "아울렛몰":0,
            "대형마트":0,
            "은행":0,
            "병원":0,
            "종합병원":80,
            "공원":100,
            "혐오시설":0,
            "인프라총점":19.0,
            "초등학군":90.07,
            "중학군":47.06,
            "학군총점":55.662,
            "인구수":25.96,
            "인구증감":0.54,
            "인구총점":18.334,
            "일자리":19.87,
            "소득수준":67.99,
            "일자리총점":34.306,
            "가치 총점":27.8155,
            "매매실거래년":20220127.0,
            "매매실거래가":13500.0,
            "전세실거래년":20210417.0,
            "전세실거래가":10000.0,
            "전세가율":74.07,
            "장기전세가율평균":74.02,
            "전세가율거품지수":-0.05,
            "검색코드":4103,
            "세대수":180.0,
            "준공년월":"1994-02-18",
            "준공년차":29.0,
            "가까운역이름":"NA",
            "가까운역거리":"NA",
            "역세권여부":"NA",
            "30분이내주요거점역":"NA",
            "30분거점역이름":"NA",
            "1시간이내주요거점역":"NA",
            "1시간거점역이름":"NA",
            "3km이내백화점수":0,
            "5km이내아울렛몰수":0,
            "1km이내대형먀트수":0,
            "500m이내은행수":0,
            "500m이내병원수":0,
            "5km이내대형병원수":1,
            "500m이내공원수":2,
            "3km이내혐오시설수":0,
            "초등학교학업성취도":90.07,
            "중학교학업성취도":78.1,
            "용적률":285,
            "건폐율":30,
            "Y":35.844399,
            "X":129.235147,
            "rank":67.0,
            "area_info":"21평(71.19), 24평(82.18), 29평(96.84), 29평(96.88)",
            "last_sales":"2022-01-27,13500.0,21평(71.19)",
            "rank_history":[
                [
                    "202202",
                    67
                ],
                [
                    "202201",
                    66
                ]
            ],
            "rank_gap":-1
        },
        {
            "index":24,
            "아파트명":"삼성2차",
            "투자타입":"일반",
            "전용면적(m2)":"78.28",
            "전용면적(평)":"23평",
            "법정동주소":"경상북도 경주시 동천동 944",
            "도로명주소":"경상북도 경주시 초당길55번길 10",
            "세대수":0,
            "입주년차":0,
            "용적률점수":"--",
            "건폐율점수":"--",
            "세대당주차수":0,
            "난방방식":30,
            "공급면적":"--",
            "전용률":"--",
            "욕실수":50,
            "현관타입":100,
            "주거총점":18.0,
            "지역구공급총점":0.0,
            "역세권":"NA",
            "30분내 이동가능 거점":"NA",
            "1시간내 이동가능 거점":"NA",
            "교통총점":"NA",
            "백화점":0,
            "아울렛몰":0,
            "대형마트":0,
            "은행":0,
            "병원":0,
            "종합병원":80,
            "공원":100,
            "혐오시설":0,
            "인프라총점":19.0,
            "초등학군":90.07,
            "중학군":47.06,
            "학군총점":55.662,
            "인구수":25.96,
            "인구증감":0.54,
            "인구총점":18.334,
            "일자리":19.87,
            "소득수준":67.99,
            "일자리총점":34.306,
            "가치 총점":27.8155,
            "매매실거래년":20210614.0,
            "매매실거래가":9000.0,
            "전세실거래년":20210112.0,
            "전세실거래가":9500.0,
            "전세가율":105.56,
            "장기전세가율평균":74.02,
            "전세가율거품지수":-31.54,
            "검색코드":4104,
            "세대수":150.0,
            "준공년월":"1994-04-21",
            "준공년차":29.0,
            "가까운역이름":"NA",
            "가까운역거리":"NA",
            "역세권여부":"NA",
            "30분이내주요거점역":"NA",
            "30분거점역이름":"NA",
            "1시간이내주요거점역":"NA",
            "1시간거점역이름":"NA",
            "3km이내백화점수":0,
            "5km이내아울렛몰수":0,
            "1km이내대형먀트수":0,
            "500m이내은행수":0,
            "500m이내병원수":0,
            "5km이내대형병원수":1,
            "500m이내공원수":2,
            "3km이내혐오시설수":0,
            "초등학교학업성취도":90.07,
            "중학교학업성취도":78.1,
            "용적률":242,
            "건폐율":22,
            "Y":35.844773,
            "X":129.235595,
            "rank":67.0,
            "area_info":"23평(78.28), 32평(106.5)",
            "last_sales":"2021-06-14,9000.0,23평(78.28)",
            "rank_history":[
                [
                    "202202",
                    67
                ],
                [
                    "202201",
                    66
                ]
            ],
            "rank_gap":-1
        },
        {
            "index":19,
            "아파트명":"동원맨션",
            "투자타입":"일반",
            "전용면적(m2)":"96.11",
            "전용면적(평)":"29평",
            "법정동주소":"경상북도 경주시 동천동 937",
            "도로명주소":"경상북도 경주시 초당길43번길 23",
            "세대수":0,
            "입주년차":0,
            "용적률점수":"--",
            "건폐율점수":"--",
            "세대당주차수":0,
            "난방방식":30,
            "공급면적":"--",
            "전용률":"--",
            "욕실수":50,
            "현관타입":100,
            "주거총점":18.0,
            "지역구공급총점":0.0,
            "역세권":"NA",
            "30분내 이동가능 거점":"NA",
            "1시간내 이동가능 거점":"NA",
            "교통총점":"NA",
            "백화점":0,
            "아울렛몰":0,
            "대형마트":0,
            "은행":0,
            "병원":0,
            "종합병원":80,
            "공원":100,
            "혐오시설":0,
            "인프라총점":19.0,
            "초등학군":89.99,
            "중학군":47.06,
            "학군총점":55.646,
            "인구수":25.96,
            "인구증감":0.54,
            "인구총점":18.334,
            "일자리":19.87,
            "소득수준":67.99,
            "일자리총점":34.306,
            "가치 총점":27.8115,
            "매매실거래년":20211203.0,
            "매매실거래가":10100.0,
            "전세실거래년":20190127.0,
            "전세실거래가":7000.0,
            "전세가율":69.31,
            "장기전세가율평균":74.02,
            "전세가율거품지수":4.71,
            "검색코드":4102,
            "세대수":160.0,
            "준공년월":"1993-09-23",
            "준공년차":30.0,
            "가까운역이름":"NA",
            "가까운역거리":"NA",
            "역세권여부":"NA",
            "30분이내주요거점역":"NA",
            "30분거점역이름":"NA",
            "1시간이내주요거점역":"NA",
            "1시간거점역이름":"NA",
            "3km이내백화점수":0,
            "5km이내아울렛몰수":0,
            "1km이내대형먀트수":0,
            "500m이내은행수":0,
            "500m이내병원수":0,
            "5km이내대형병원수":1,
            "500m이내공원수":3,
            "3km이내혐오시설수":0,
            "초등학교학업성취도":89.99,
            "중학교학업성취도":78.1,
            "용적률":234,
            "건폐율":26,
            "Y":35.846614,
            "X":129.234462,
            "rank":68.0,
            "area_info":"29평(96.11)",
            "last_sales":"2021-12-03,10100.0,29평(96.11)",
            "rank_history":[
                [
                    "202202",
                    68
                ],
                [
                    "202201",
                    67
                ]
            ],
            "rank_gap":-1
        },
        {
            "index":259,
            "아파트명":"충효대신그린타운",
            "투자타입":"일반",
            "전용면적(m2)":"42.78",
            "전용면적(평)":"12평",
            "법정동주소":"경상북도 경주시 충효동 2935",
            "도로명주소":"경상북도 경주시 충효녹지길 134-9",
            "세대수":0,
            "입주년차":0,
            "용적률점수":"--",
            "건폐율점수":"--",
            "세대당주차수":0,
            "난방방식":30,
            "공급면적":"--",
            "전용률":"--",
            "욕실수":50,
            "현관타입":10,
            "주거총점":9.0,
            "지역구공급총점":0.0,
            "역세권":"NA",
            "30분내 이동가능 거점":"NA",
            "1시간내 이동가능 거점":"NA",
            "교통총점":"NA",
            "백화점":0,
            "아울렛몰":0,
            "대형마트":0,
            "은행":0,
            "병원":30,
            "종합병원":80,
            "공원":100,
            "혐오시설":0,
            "인프라총점":22.0,
            "초등학군":90.0,
            "중학군":56.56,
            "학군총점":63.248,
            "인구수":25.96,
            "인구증감":0.54,
            "인구총점":18.334,
            "일자리":19.87,
            "소득수준":67.99,
            "일자리총점":34.306,
            "가치 총점":27.762,
            "매매실거래년":20220121.0,
            "매매실거래가":3400.0,
            "전세실거래년":20211113.0,
            "전세실거래가":3000.0,
            "전세가율":88.24,
            "장기전세가율평균":74.02,
            "전세가율거품지수":-14.22,
            "검색코드":4132,
            "세대수":179.0,
            "준공년월":"1996-01-19",
            "준공년차":27.0,
            "가까운역이름":"NA",
            "가까운역거리":"NA",
            "역세권여부":"NA",
            "30분이내주요거점역":"NA",
            "30분거점역이름":"NA",
            "1시간이내주요거점역":"NA",
            "1시간거점역이름":"NA",
            "3km이내백화점수":0,
            "5km이내아울렛몰수":0,
            "1km이내대형먀트수":0,
            "500m이내은행수":0,
            "500m이내병원수":5,
            "5km이내대형병원수":1,
            "500m이내공원수":2,
            "3km이내혐오시설수":0,
            "초등학교학업성취도":90.0,
            "중학교학업성취도":93.0,
            "용적률":355,
            "건폐율":35,
            "Y":35.84569,
            "X":129.1767,
            "rank":69.0,
            "area_info":"12평(42.78), 26평(87.78), 36평(121.5)",
            "last_sales":"2022-01-21,3400.0,12평(42.78)",
            "rank_history":[
                [
                    "202202",
                    69
                ],
                [
                    "202201",
                    74
                ]
            ],
            "rank_gap":5
        },
        {
            "index":252,
            "아파트명":"삼보마을2차",
            "투자타입":"일반",
            "전용면적(m2)":"73.01",
            "전용면적(평)":"22평",
            "법정동주소":"경상북도 경주시 충효동 273",
            "도로명주소":"경상북도 경주시 충효2길 33",
            "세대수":0,
            "입주년차":0,
            "용적률점수":"--",
            "건폐율점수":"--",
            "세대당주차수":0,
            "난방방식":30,
            "공급면적":"--",
            "전용률":"--",
            "욕실수":50,
            "현관타입":100,
            "주거총점":18.0,
            "지역구공급총점":0.0,
            "역세권":"NA",
            "30분내 이동가능 거점":"NA",
            "1시간내 이동가능 거점":"NA",
            "교통총점":"NA",
            "백화점":0,
            "아울렛몰":0,
            "대형마트":0,
            "은행":0,
            "병원":0,
            "종합병원":80,
            "공원":100,
            "혐오시설":0,
            "인프라총점":19.0,
            "초등학군":90.0,
            "중학군":45.24,
            "학군총점":54.192,
            "인구수":25.96,
            "인구증감":0.54,
            "인구총점":18.334,
            "일자리":19.87,
            "소득수준":67.99,
            "일자리총점":34.306,
            "가치 총점":27.448,
            "매매실거래년":20220126.0,
            "매매실거래가":14300.0,
            "전세실거래년":20190519.0,
            "전세실거래가":7000.0,
            "전세가율":76.09,
            "장기전세가율평균":74.02,
            "전세가율거품지수":-2.07,
            "검색코드":4134,
            "세대수":176.0,
            "준공년월":"1997-02-03",
            "준공년차":26.0,
            "가까운역이름":"NA",
            "가까운역거리":"NA",
            "역세권여부":"NA",
            "30분이내주요거점역":"NA",
            "30분거점역이름":"NA",
            "1시간이내주요거점역":"NA",
            "1시간거점역이름":"NA",
            "3km이내백화점수":0,
            "5km이내아울렛몰수":0,
            "1km이내대형먀트수":0,
            "500m이내은행수":0,
            "500m이내병원수":1,
            "5km이내대형병원수":1,
            "500m이내공원수":3,
            "3km이내혐오시설수":0,
            "초등학교학업성취도":90.0,
            "중학교학업성취도":74.0,
            "용적률":176,
            "건폐율":29,
            "Y":35.843824,
            "X":129.188481,
            "rank":70.0,
            "area_info":"22평(73.01), 29평(98.44), 45평(150.96)",
            "last_sales":"2022-01-26,14300.0,29평(98.44)",
            "rank_history":[
                [
                    "202202",
                    70
                ],
                [
                    "202201",
                    69
                ]
            ],
            "rank_gap":-1
        },
        {
            "index":249,
            "아파트명":"삼보마을1차",
            "투자타입":"일반",
            "전용면적(m2)":"58.38",
            "전용면적(평)":"17평",
            "법정동주소":"경상북도 경주시 충효동 57-1",
            "도로명주소":"경상북도 경주시 충효2길 32",
            "세대수":0,
            "입주년차":0,
            "용적률점수":"--",
            "건폐율점수":"--",
            "세대당주차수":0,
            "난방방식":30,
            "공급면적":"--",
            "전용률":"--",
            "욕실수":50,
            "현관타입":100,
            "주거총점":18.0,
            "지역구공급총점":0.0,
            "역세권":"NA",
            "30분내 이동가능 거점":"NA",
            "1시간내 이동가능 거점":"NA",
            "교통총점":"NA",
            "백화점":0,
            "아울렛몰":0,
            "대형마트":0,
            "은행":0,
            "병원":0,
            "종합병원":80,
            "공원":100,
            "혐오시설":0,
            "인프라총점":19.0,
            "초등학군":90.0,
            "중학군":45.24,
            "학군총점":54.192,
            "인구수":25.96,
            "인구증감":0.54,
            "인구총점":18.334,
            "일자리":19.87,
            "소득수준":67.99,
            "일자리총점":34.306,
            "가치 총점":27.448,
            "매매실거래년":20211129.0,
            "매매실거래가":5400.0,
            "전세실거래년":20201222.0,
            "전세실거래가":4500.0,
            "전세가율":83.33,
            "장기전세가율평균":74.02,
            "전세가율거품지수":-9.31,
            "검색코드":4133,
            "세대수":283.0,
            "준공년월":"1995-12-30",
            "준공년차":28.0,
            "가까운역이름":"NA",
            "가까운역거리":"NA",
            "역세권여부":"NA",
            "30분이내주요거점역":"NA",
            "30분거점역이름":"NA",
            "1시간이내주요거점역":"NA",
            "1시간거점역이름":"NA",
            "3km이내백화점수":0,
            "5km이내아울렛몰수":0,
            "1km이내대형먀트수":0,
            "500m이내은행수":0,
            "500m이내병원수":1,
            "5km이내대형병원수":1,
            "500m이내공원수":2,
            "3km이내혐오시설수":0,
            "초등학교학업성취도":90.0,
            "중학교학업성취도":74.0,
            "용적률":185,
            "건폐율":31,
            "Y":35.843614,
            "X":129.189728,
            "rank":70.0,
            "area_info":"17평(58.38), 21평(72.62), 29평(97.55)",
            "last_sales":"2021-11-29,5400.0,17평(58.38)",
            "rank_history":[
                [
                    "202202",
                    70
                ],
                [
                    "202201",
                    69
                ]
            ],
            "rank_gap":-1
        },
        {
            "index":276,
            "아파트명":"현대",
            "투자타입":"일반",
            "전용면적(m2)":"72.43",
            "전용면적(평)":"21평",
            "법정동주소":"경상북도 경주시 충효동 270-1",
            "도로명주소":"경상북도 경주시 충효3길 28-3",
            "세대수":0,
            "입주년차":0,
            "용적률점수":"--",
            "건폐율점수":"--",
            "세대당주차수":0,
            "난방방식":30,
            "공급면적":"--",
            "전용률":"--",
            "욕실수":50,
            "현관타입":100,
            "주거총점":18.0,
            "지역구공급총점":0.0,
            "역세권":"NA",
            "30분내 이동가능 거점":"NA",
            "1시간내 이동가능 거점":"NA",
            "교통총점":"NA",
            "백화점":0,
            "아울렛몰":0,
            "대형마트":0,
            "은행":0,
            "병원":0,
            "종합병원":80,
            "공원":100,
            "혐오시설":0,
            "인프라총점":19.0,
            "초등학군":90.0,
            "중학군":45.24,
            "학군총점":54.192,
            "인구수":25.96,
            "인구증감":0.54,
            "인구총점":18.334,
            "일자리":19.87,
            "소득수준":67.99,
            "일자리총점":34.306,
            "가치 총점":27.448,
            "매매실거래년":20211211.0,
            "매매실거래가":9000.0,
            "전세실거래년":20130611.0,
            "전세실거래가":10000.0,
            "전세가율":111.11,
            "장기전세가율평균":74.02,
            "전세가율거품지수":-37.09,
            "검색코드":4137,
            "세대수":130.0,
            "준공년월":"1996-10-29",
            "준공년차":27.0,
            "가까운역이름":"NA",
            "가까운역거리":"NA",
            "역세권여부":"NA",
            "30분이내주요거점역":"NA",
            "30분거점역이름":"NA",
            "1시간이내주요거점역":"NA",
            "1시간거점역이름":"NA",
            "3km이내백화점수":0,
            "5km이내아울렛몰수":0,
            "1km이내대형먀트수":0,
            "500m이내은행수":0,
            "500m이내병원수":1,
            "5km이내대형병원수":1,
            "500m이내공원수":3,
            "3km이내혐오시설수":0,
            "초등학교학업성취도":90.0,
            "중학교학업성취도":74.0,
            "용적률":160,
            "건폐율":28,
            "Y":35.843858,
            "X":129.186931,
            "rank":70.0,
            "area_info":"21평(72.43), 29평(98.53), 46평(154.86)",
            "last_sales":"2021-12-11,9000.0,21평(72.43)",
            "rank_history":[
                [
                    "202202",
                    70
                ],
                [
                    "202201",
                    69
                ]
            ],
            "rank_gap":-1
        },
        {
            "index":196,
            "아파트명":"대신3차",
            "투자타입":"일반",
            "전용면적(m2)":"78.39",
            "전용면적(평)":"23평",
            "법정동주소":"경상북도 경주시 용강동 1328-6",
            "도로명주소":"경상북도 경주시 토용길6번길 10",
            "세대수":0,
            "입주년차":0,
            "용적률점수":"--",
            "건폐율점수":"--",
            "세대당주차수":0,
            "난방방식":30,
            "공급면적":"--",
            "전용률":"--",
            "욕실수":50,
            "현관타입":100,
            "주거총점":18.0,
            "지역구공급총점":0.0,
            "역세권":"NA",
            "30분내 이동가능 거점":"NA",
            "1시간내 이동가능 거점":"NA",
            "교통총점":"NA",
            "백화점":0,
            "아울렛몰":0,
            "대형마트":0,
            "은행":0,
            "병원":10,
            "종합병원":80,
            "공원":100,
            "혐오시설":0,
            "인프라총점":20.0,
            "초등학군":90.02,
            "중학군":42.9,
            "학군총점":52.324,
            "인구수":25.96,
            "인구증감":0.54,
            "인구총점":18.334,
            "일자리":19.87,
            "소득수준":67.99,
            "일자리총점":34.306,
            "가치 총점":27.381,
            "매매실거래년":20211218.0,
            "매매실거래가":8900.0,
            "전세실거래년":20190715.0,
            "전세실거래가":6000.0,
            "전세가율":67.42,
            "장기전세가율평균":74.02,
            "전세가율거품지수":6.6,
            "검색코드":15852,
            "세대수":130.0,
            "준공년월":"1995-05-08",
            "준공년차":28.0,
            "가까운역이름":"NA",
            "가까운역거리":"NA",
            "역세권여부":"NA",
            "30분이내주요거점역":"NA",
            "30분거점역이름":"NA",
            "1시간이내주요거점역":"NA",
            "1시간거점역이름":"NA",
            "3km이내백화점수":0,
            "5km이내아울렛몰수":0,
            "1km이내대형먀트수":0,
            "500m이내은행수":1,
            "500m이내병원수":4,
            "5km이내대형병원수":1,
            "500m이내공원수":4,
            "3km이내혐오시설수":0,
            "초등학교학업성취도":90.02,
            "중학교학업성취도":70.9,
            "용적률":274,
            "건폐율":29,
            "Y":35.86279,
            "X":129.22364,
            "rank":71.0,
            "area_info":"23평(78.39), 30평(102.18)",
            "last_sales":"2021-12-18,8900.0,23평(78.39)",
            "rank_history":[
                [
                    "202202",
                    71
                ],
                [
                    "202201",
                    68
                ]
            ],
            "rank_gap":-3
        },
        {
            "index":153,
            "아파트명":"한동화성타운",
            "투자타입":"일반",
            "전용면적(m2)":"46.09",
            "전용면적(평)":"13평",
            "법정동주소":"경상북도 경주시 안강읍 산대리 1346-3",
            "도로명주소":"경상북도 경주시 피일길 86-17",
            "세대수":50,
            "입주년차":0,
            "용적률점수":"--",
            "건폐율점수":"--",
            "세대당주차수":0,
            "난방방식":30,
            "공급면적":"--",
            "전용률":"--",
            "욕실수":50,
            "현관타입":100,
            "주거총점":35.5,
            "지역구공급총점":0.0,
            "역세권":"NA",
            "30분내 이동가능 거점":"NA",
            "1시간내 이동가능 거점":"NA",
            "교통총점":"NA",
            "백화점":0,
            "아울렛몰":0,
            "대형마트":0,
            "은행":0,
            "병원":0,
            "종합병원":0,
            "공원":0,
            "혐오시설":0,
            "인프라총점":0.0,
            "초등학군":89.99,
            "중학군":50.26,
            "학군총점":58.206,
            "인구수":25.96,
            "인구증감":0.54,
            "인구총점":18.334,
            "일자리":19.87,
            "소득수준":67.99,
            "일자리총점":34.306,
            "가치 총점":26.9765,
            "매매실거래년":20220115.0,
            "매매실거래가":4450.0,
            "전세실거래년":20110526.0,
            "전세실거래가":650.0,
            "전세가율":24.07,
            "장기전세가율평균":74.02,
            "전세가율거품지수":49.95,
            "검색코드":15834,
            "세대수":510.0,
            "준공년월":"1998-02-02",
            "준공년차":25.0,
            "가까운역이름":"NA",
            "가까운역거리":"NA",
            "역세권여부":"NA",
            "30분이내주요거점역":"NA",
            "30분거점역이름":"NA",
            "1시간이내주요거점역":"NA",
            "1시간거점역이름":"NA",
            "3km이내백화점수":0,
            "5km이내아울렛몰수":0,
            "1km이내대형먀트수":0,
            "500m이내은행수":0,
            "500m이내병원수":0,
            "5km이내대형병원수":0,
            "500m이내공원수":0,
            "3km이내혐오시설수":0,
            "초등학교학업성취도":89.99,
            "중학교학업성취도":83.3,
            "용적률":102,
            "건폐율":27,
            "Y":36.002031,
            "X":129.18404,
            "rank":72.0,
            "area_info":"13평(46.09), 20평(67.04)",
            "last_sales":"2022-01-15,4450.0,20평(67.04)",
            "rank_history":[
                [
                    "202202",
                    72
                ],
                [
                    "202201",
                    75
                ]
            ],
            "rank_gap":3
        },
        {
            "index":318,
            "아파트명":"아진하이웰빙",
            "투자타입":"일반",
            "전용면적(m2)":"76.01",
            "전용면적(평)":"22평",
            "법정동주소":"경상북도 경주시 현곡면 라원리 453-2",
            "도로명주소":"경상북도 경주시 안현로 428-4",
            "세대수":0,
            "입주년차":40,
            "용적률점수":"--",
            "건폐율점수":"--",
            "세대당주차수":30,
            "난방방식":30,
            "공급면적":"--",
            "전용률":"--",
            "욕실수":100,
            "현관타입":100,
            "주거총점":35.5,
            "지역구공급총점":0.0,
            "역세권":"NA",
            "30분내 이동가능 거점":"NA",
            "1시간내 이동가능 거점":"NA",
            "교통총점":"NA",
            "백화점":0,
            "아울렛몰":0,
            "대형마트":0,
            "은행":0,
            "병원":0,
            "종합병원":0,
            "공원":0,
            "혐오시설":0,
            "인프라총점":0.0,
            "초등학군":90.0,
            "중학군":50.04,
            "학군총점":58.032,
            "인구수":25.96,
            "인구증감":0.54,
            "인구총점":18.334,
            "일자리":19.87,
            "소득수준":67.99,
            "일자리총점":34.306,
            "가치 총점":26.933,
            "매매실거래년":20220107.0,
            "매매실거래가":7300.0,
            "전세실거래년":20211115.0,
            "전세실거래가":5500.0,
            "전세가율":75.34,
            "장기전세가율평균":74.02,
            "전세가율거품지수":-1.32,
            "검색코드":100941,
            "세대수":240.0,
            "준공년월":"2006-05-15",
            "준공년차":17.0,
            "가까운역이름":"NA",
            "가까운역거리":"NA",
            "역세권여부":"NA",
            "30분이내주요거점역":"NA",
            "30분거점역이름":"NA",
            "1시간이내주요거점역":"NA",
            "1시간거점역이름":"NA",
            "3km이내백화점수":0,
            "5km이내아울렛몰수":0,
            "1km이내대형먀트수":0,
            "500m이내은행수":0,
            "500m이내병원수":0,
            "5km이내대형병원수":0,
            "500m이내공원수":0,
            "3km이내혐오시설수":0,
            "초등학교학업성취도":90.0,
            "중학교학업성취도":82.6,
            "용적률":79,
            "건폐율":21,
            "Y":35.898134,
            "X":129.226233,
            "rank":73.0,
            "area_info":"22평(76.01)",
            "last_sales":"2022-01-07,7300.0,22평(76.01)",
            "rank_history":[
                [
                    "202202",
                    73
                ],
                [
                    "202201",
                    72
                ]
            ],
            "rank_gap":-1
        },
        {
            "index":367,
            "아파트명":"우주타운",
            "투자타입":"재건축",
            "전용면적(m2)":"76.75",
            "전용면적(평)":"23평",
            "법정동주소":"경상북도 경주시 황성동 336-3",
            "도로명주소":"경상북도 경주시 용담로 24-25",
            "세대수":30,
            "입주년차":"--",
            "용적률점수":0,
            "건폐율점수":0,
            "세대당주차수":"--",
            "난방방식":"--",
            "공급면적":50,
            "전용률":100,
            "욕실수":"--",
            "현관타입":"--",
            "주거총점":16.5,
            "지역구공급총점":0.0,
            "역세권":"NA",
            "30분내 이동가능 거점":"NA",
            "1시간내 이동가능 거점":"NA",
            "교통총점":"NA",
            "백화점":0,
            "아울렛몰":0,
            "대형마트":0,
            "은행":0,
            "병원":10,
            "종합병원":80,
            "공원":100,
            "혐오시설":0,
            "인프라총점":20.0,
            "초등학군":90.02,
            "중학군":42.9,
            "학군총점":52.324,
            "인구수":25.96,
            "인구증감":0.54,
            "인구총점":18.334,
            "일자리":19.87,
            "소득수준":67.99,
            "일자리총점":34.306,
            "가치 총점":26.856,
            "매매실거래년":20210102.0,
            "매매실거래가":9500.0,
            "전세실거래년":null,
            "전세실거래가":null,
            "전세가율":null,
            "장기전세가율평균":74.02,
            "전세가율거품지수":null,
            "검색코드":4174,
            "세대수":320.0,
            "준공년월":"1990-07-10",
            "준공년차":33.0,
            "가까운역이름":"NA",
            "가까운역거리":"NA",
            "역세권여부":"NA",
            "30분이내주요거점역":"NA",
            "30분거점역이름":"NA",
            "1시간이내주요거점역":"NA",
            "1시간거점역이름":"NA",
            "3km이내백화점수":0,
            "5km이내아울렛몰수":0,
            "1km이내대형먀트수":0,
            "500m이내은행수":0,
            "500m이내병원수":4,
            "5km이내대형병원수":1,
            "500m이내공원수":4,
            "3km이내혐오시설수":0,
            "초등학교학업성취도":90.02,
            "중학교학업성취도":70.9,
            "용적률":0,
            "건폐율":0,
            "Y":35.862168,
            "X":129.219711,
            "rank":74.0,
            "area_info":"23평(76.75), 25평(82.82), 25평(83.95), 27평(90.29), 29평(96.92), 30평(99.78), 30평(100.11), 32평(106.96), 32평(107.16), 34평(115.12), 35평(118.84)",
            "last_sales":"2021-01-02,9500.0,35평(118.84)",
            "rank_history":[
                [
                    "202202",
                    74
                ],
                [
                    "202201",
                    71
                ]
            ],
            "rank_gap":-3
        },
        {
            "index":166,
            "아파트명":"모화부성",
            "투자타입":"일반",
            "전용면적(m2)":"81.37",
            "전용면적(평)":"24평",
            "법정동주소":"경상북도 경주시 외동읍 모화리 산115-2",
            "도로명주소":"경상북도 경주시 산업로 1762",
            "세대수":0,
            "입주년차":0,
            "용적률점수":"--",
            "건폐율점수":"--",
            "세대당주차수":0,
            "난방방식":30,
            "공급면적":"--",
            "전용률":"--",
            "욕실수":100,
            "현관타입":100,
            "주거총점":23.0,
            "지역구공급총점":0.0,
            "역세권":"NA",
            "30분내 이동가능 거점":"NA",
            "1시간내 이동가능 거점":"NA",
            "교통총점":"NA",
            "백화점":0,
            "아울렛몰":0,
            "대형마트":0,
            "은행":0,
            "병원":0,
            "종합병원":80,
            "공원":0,
            "혐오시설":0,
            "인프라총점":16.0,
            "초등학군":90.06,
            "중학군":37.74,
            "학군총점":48.204,
            "인구수":25.96,
            "인구증감":0.54,
            "인구총점":18.334,
            "일자리":19.87,
            "소득수준":67.99,
            "일자리총점":34.306,
            "가치 총점":26.501,
            "매매실거래년":20211026.0,
            "매매실거래가":6300.0,
            "전세실거래년":20150113.0,
            "전세실거래가":6000.0,
            "전세가율":120.0,
            "장기전세가율평균":74.02,
            "전세가율거품지수":-45.98,
            "검색코드":108652,
            "세대수":119.0,
            "준공년월":"1993-05-27",
            "준공년차":30.0,
            "가까운역이름":"NA",
            "가까운역거리":"NA",
            "역세권여부":"NA",
            "30분이내주요거점역":"NA",
            "30분거점역이름":"NA",
            "1시간이내주요거점역":"NA",
            "1시간거점역이름":"NA",
            "3km이내백화점수":0,
            "5km이내아울렛몰수":0,
            "1km이내대형먀트수":0,
            "500m이내은행수":0,
            "500m이내병원수":0,
            "5km이내대형병원수":1,
            "500m이내공원수":0,
            "3km이내혐오시설수":0,
            "초등학교학업성취도":90.06,
            "중학교학업성취도":62.9,
            "용적률":0,
            "건폐율":0,
            "Y":35.671941,
            "X":129.336223,
            "rank":75.0,
            "area_info":"24평(81.37), 27평(92.54), 31평(103.37), 34평(114.56)",
            "last_sales":"2021-10-26,6300.0,27평(92.54)",
            "rank_history":[
                [
                    "202202",
                    75
                ],
                [
                    "202201",
                    73
                ]
            ],
            "rank_gap":-2
        },
        {
            "index":360,
            "아파트명":"신흥로얄맨션1차",
            "투자타입":"일반",
            "전용면적(m2)":"75.56",
            "전용면적(평)":"22평",
            "법정동주소":"경상북도 경주시 황성동 513-3",
            "도로명주소":"경상북도 경주시 용담로92번길 53-8",
            "세대수":0,
            "입주년차":0,
            "용적률점수":"--",
            "건폐율점수":"--",
            "세대당주차수":0,
            "난방방식":30,
            "공급면적":"--",
            "전용률":"--",
            "욕실수":50,
            "현관타입":10,
            "주거총점":9.0,
            "지역구공급총점":0.0,
            "역세권":"NA",
            "30분내 이동가능 거점":"NA",
            "1시간내 이동가능 거점":"NA",
            "교통총점":"NA",
            "백화점":0,
            "아울렛몰":0,
            "대형마트":0,
            "은행":0,
            "병원":60,
            "종합병원":80,
            "공원":100,
            "혐오시설":0,
            "인프라총점":25.0,
            "초등학군":90.0,
            "중학군":42.9,
            "학군총점":52.32,
            "인구수":25.96,
            "인구증감":0.54,
            "인구총점":18.334,
            "일자리":19.87,
            "소득수준":67.99,
            "일자리총점":34.306,
            "가치 총점":26.23,
            "매매실거래년":20211217.0,
            "매매실거래가":10000.0,
            "전세실거래년":20211206.0,
            "전세실거래가":9000.0,
            "전세가율":90.0,
            "장기전세가율평균":74.02,
            "전세가율거품지수":-15.98,
            "검색코드":17070,
            "세대수":225.0,
            "준공년월":"1994-04-01",
            "준공년차":29.0,
            "가까운역이름":"NA",
            "가까운역거리":"NA",
            "역세권여부":"NA",
            "30분이내주요거점역":"NA",
            "30분거점역이름":"NA",
            "1시간이내주요거점역":"NA",
            "1시간거점역이름":"NA",
            "3km이내백화점수":0,
            "5km이내아울렛몰수":0,
            "1km이내대형먀트수":0,
            "500m이내은행수":0,
            "500m이내병원수":13,
            "5km이내대형병원수":1,
            "500m이내공원수":2,
            "3km이내혐오시설수":0,
            "초등학교학업성취도":90.0,
            "중학교학업성취도":70.9,
            "용적률":375,
            "건폐율":33,
            "Y":35.869342,
            "X":129.213499,
            "rank":76.0,
            "area_info":"22평(75.56), 29평(98.33)",
            "last_sales":"2021-12-17,10000.0,22평(75.56)",
            "rank_history":[
                [
                    "202202",
                    76
                ],
                [
                    "202201",
                    79
                ]
            ],
            "rank_gap":3
        },
        {
            "index":126,
            "아파트명":"안강삼도타운",
            "투자타입":"일반",
            "전용면적(m2)":"77.95",
            "전용면적(평)":"23평",
            "법정동주소":"경상북도 경주시 안강읍 산대리 2393-2",
            "도로명주소":"경상북도 경주시 구부랑4길 24-1",
            "세대수":50,
            "입주년차":0,
            "용적률점수":"--",
            "건폐율점수":"--",
            "세대당주차수":0,
            "난방방식":30,
            "공급면적":"--",
            "전용률":"--",
            "욕실수":50,
            "현관타입":10,
            "주거총점":26.5,
            "지역구공급총점":0.0,
            "역세권":"NA",
            "30분내 이동가능 거점":"NA",
            "1시간내 이동가능 거점":"NA",
            "교통총점":"NA",
            "백화점":0,
            "아울렛몰":0,
            "대형마트":0,
            "은행":0,
            "병원":30,
            "종합병원":0,
            "공원":100,
            "혐오시설":0,
            "인프라총점":6.0,
            "초등학군":89.99,
            "중학군":50.26,
            "학군총점":58.206,
            "인구수":25.96,
            "인구증감":0.54,
            "인구총점":18.334,
            "일자리":19.87,
            "소득수준":67.99,
            "일자리총점":34.306,
            "가치 총점":26.2265,
            "매매실거래년":20211207.0,
            "매매실거래가":5500.0,
            "전세실거래년":20210823.0,
            "전세실거래가":4500.0,
            "전세가율":81.82,
            "장기전세가율평균":74.02,
            "전세가율거품지수":-7.8,
            "검색코드":4122,
            "세대수":403.0,
            "준공년월":"1995-03-23",
            "준공년차":28.0,
            "가까운역이름":"NA",
            "가까운역거리":"NA",
            "역세권여부":"NA",
            "30분이내주요거점역":"NA",
            "30분거점역이름":"NA",
            "1시간이내주요거점역":"NA",
            "1시간거점역이름":"NA",
            "3km이내백화점수":0,
            "5km이내아울렛몰수":0,
            "1km이내대형먀트수":0,
            "500m이내은행수":0,
            "500m이내병원수":5,
            "5km이내대형병원수":0,
            "500m이내공원수":4,
            "3km이내혐오시설수":0,
            "초등학교학업성취도":89.99,
            "중학교학업성취도":83.3,
            "용적률":278,
            "건폐율":43,
            "Y":36.00273,
            "X":129.194399,
            "rank":77.0,
            "area_info":"23평(77.95), 29평(97.35)",
            "last_sales":"2021-12-07,5500.0,23평(77.95)",
            "rank_history":[
                [
                    "202202",
                    77
                ],
                [
                    "202201",
                    78
                ]
            ],
            "rank_gap":1
        },
        {
            "index":378,
            "아파트명":"유원",
            "투자타입":"재건축",
            "전용면적(m2)":"89.89",
            "전용면적(평)":"27평",
            "법정동주소":"경상북도 경주시 황성동 447",
            "도로명주소":"경상북도 경주시 용담로92번길 7-4",
            "세대수":0,
            "입주년차":"--",
            "용적률점수":0,
            "건폐율점수":0,
            "세대당주차수":"--",
            "난방방식":"--",
            "공급면적":70,
            "전용률":80,
            "욕실수":"--",
            "현관타입":"--",
            "주거총점":7.5,
            "지역구공급총점":0.0,
            "역세권":"NA",
            "30분내 이동가능 거점":"NA",
            "1시간내 이동가능 거점":"NA",
            "교통총점":"NA",
            "백화점":0,
            "아울렛몰":0,
            "대형마트":0,
            "은행":0,
            "병원":60,
            "종합병원":80,
            "공원":80,
            "혐오시설":0,
            "인프라총점":24.4,
            "초등학군":90.0,
            "중학군":42.9,
            "학군총점":52.32,
            "인구수":25.96,
            "인구증감":0.54,
            "인구총점":18.334,
            "일자리":19.87,
            "소득수준":67.99,
            "일자리총점":34.306,
            "가치 총점":25.465,
            "매매실거래년":20211025.0,
            "매매실거래가":10700.0,
            "전세실거래년":20190529.0,
            "전세실거래가":8000.0,
            "전세가율":74.77,
            "장기전세가율평균":74.02,
            "전세가율거품지수":-0.75,
            "검색코드":4173,
            "세대수":151.0,
            "준공년월":"1992-04-01",
            "준공년차":31.0,
            "가까운역이름":"NA",
            "가까운역거리":"NA",
            "역세권여부":"NA",
            "30분이내주요거점역":"NA",
            "30분거점역이름":"NA",
            "1시간이내주요거점역":"NA",
            "1시간거점역이름":"NA",
            "3km이내백화점수":0,
            "5km이내아울렛몰수":0,
            "1km이내대형먀트수":0,
            "500m이내은행수":1,
            "500m이내병원수":19,
            "5km이내대형병원수":1,
            "500m이내공원수":1,
            "3km이내혐오시설수":0,
            "초등학교학업성취도":90.0,
            "중학교학업성취도":70.9,
            "용적률":0,
            "건폐율":0,
            "Y":35.864795,
            "X":129.212167,
            "rank":78.0,
            "area_info":"27평(89.89)",
            "last_sales":"2021-10-25,10700.0,27평(89.89)",
            "rank_history":[
                [
                    "202202",
                    78
                ],
                [
                    "202201",
                    76
                ]
            ],
            "rank_gap":-2
        },
        {
            "index":399,
            "아파트명":"현대1차",
            "투자타입":"재건축",
            "전용면적(m2)":"88.0",
            "전용면적(평)":"26평",
            "법정동주소":"경상북도 경주시 황성동 533",
            "도로명주소":"경상북도 경주시 용담로92번길 27",
            "세대수":0,
            "입주년차":"--",
            "용적률점수":0,
            "건폐율점수":0,
            "세대당주차수":"--",
            "난방방식":"--",
            "공급면적":70,
            "전용률":80,
            "욕실수":"--",
            "현관타입":"--",
            "주거총점":7.5,
            "지역구공급총점":0.0,
            "역세권":"NA",
            "30분내 이동가능 거점":"NA",
            "1시간내 이동가능 거점":"NA",
            "교통총점":"NA",
            "백화점":0,
            "아울렛몰":0,
            "대형마트":0,
            "은행":0,
            "병원":60,
            "종합병원":80,
            "공원":80,
            "혐오시설":0,
            "인프라총점":24.4,
            "초등학군":90.0,
            "중학군":42.9,
            "학군총점":52.32,
            "인구수":25.96,
            "인구증감":0.54,
            "인구총점":18.334,
            "일자리":19.87,
            "소득수준":67.99,
            "일자리총점":34.306,
            "가치 총점":25.465,
            "매매실거래년":20211216.0,
            "매매실거래가":30000.0,
            "전세실거래년":20180222.0,
            "전세실거래가":10000.0,
            "전세가율":67.57,
            "장기전세가율평균":74.02,
            "전세가율거품지수":6.45,
            "검색코드":4163,
            "세대수":240.0,
            "준공년월":"1991-12-14",
            "준공년차":32.0,
            "가까운역이름":"NA",
            "가까운역거리":"NA",
            "역세권여부":"NA",
            "30분이내주요거점역":"NA",
            "30분거점역이름":"NA",
            "1시간이내주요거점역":"NA",
            "1시간거점역이름":"NA",
            "3km이내백화점수":0,
            "5km이내아울렛몰수":0,
            "1km이내대형먀트수":0,
            "500m이내은행수":1,
            "500m이내병원수":20,
            "5km이내대형병원수":1,
            "500m이내공원수":1,
            "3km이내혐오시설수":0,
            "초등학교학업성취도":90.0,
            "중학교학업성취도":70.9,
            "용적률":0,
            "건폐율":0,
            "Y":35.866173,
            "X":129.212255,
            "rank":78.0,
            "area_info":"26평(88.0), 31평(105.03), 48평(160.4)",
            "last_sales":"2021-12-16,30000.0,48평(160.4)",
            "rank_history":[
                [
                    "202202",
                    78
                ],
                [
                    "202201",
                    76
                ]
            ],
            "rank_gap":-2
        },
        {
            "index":100,
            "아파트명":"장미동산타워",
            "투자타입":"재건축",
            "전용면적(m2)":"76.76",
            "전용면적(평)":"23평",
            "법정동주소":"경상북도 경주시 성동동 228-2",
            "도로명주소":"경상북도 경주시 동문로 68",
            "세대수":0,
            "입주년차":"--",
            "용적률점수":0,
            "건폐율점수":0,
            "세대당주차수":"--",
            "난방방식":"--",
            "공급면적":50,
            "전용률":80,
            "욕실수":"--",
            "현관타입":"--",
            "주거총점":6.5,
            "지역구공급총점":0.0,
            "역세권":"NA",
            "30분내 이동가능 거점":"NA",
            "1시간내 이동가능 거점":"NA",
            "교통총점":"NA",
            "백화점":0,
            "아울렛몰":0,
            "대형마트":0,
            "은행":0,
            "병원":60,
            "종합병원":80,
            "공원":80,
            "혐오시설":0,
            "인프라총점":24.4,
            "초등학군":90.03,
            "중학군":42.74,
            "학군총점":52.198,
            "인구수":25.96,
            "인구증감":0.54,
            "인구총점":18.334,
            "일자리":19.87,
            "소득수준":67.99,
            "일자리총점":34.306,
            "가치 총점":25.0845,
            "매매실거래년":20210816.0,
            "매매실거래가":20800.0,
            "전세실거래년":null,
            "전세실거래가":null,
            "전세가율":null,
            "장기전세가율평균":74.02,
            "전세가율거품지수":null,
            "검색코드":4120,
            "세대수":294.0,
            "준공년월":"1992-06-18",
            "준공년차":31.0,
            "가까운역이름":"NA",
            "가까운역거리":"NA",
            "역세권여부":"NA",
            "30분이내주요거점역":"NA",
            "30분거점역이름":"NA",
            "1시간이내주요거점역":"NA",
            "1시간거점역이름":"NA",
            "3km이내백화점수":0,
            "5km이내아울렛몰수":0,
            "1km이내대형먀트수":0,
            "500m이내은행수":0,
            "500m이내병원수":14,
            "5km이내대형병원수":1,
            "500m이내공원수":1,
            "3km이내혐오시설수":0,
            "초등학교학업성취도":90.03,
            "중학교학업성취도":70.7,
            "용적률":0,
            "건폐율":0,
            "Y":35.850655,
            "X":129.21472,
            "rank":79.0,
            "area_info":"23평(76.76), 24평(79.88), 25평(83.9), 26평(88.36), 27평(90.74), 28평(94.31), 29평(98.18), 31평(105.32), 38평(126.97), 41평(138.01), 45평(149.06), 45평(149.47), 49평(164.09)",
            "last_sales":"2021-08-16,20800.0,49평(164.09)",
            "rank_history":[
                [
                    "202202",
                    79
                ],
                [
                    "202201",
                    80
                ]
            ],
            "rank_gap":1
        },
        {
            "index":161,
            "아파트명":"모화금성",
            "투자타입":"일반",
            "전용면적(m2)":"77.01",
            "전용면적(평)":"23평",
            "법정동주소":"경상북도 경주시 외동읍 모화리 산119-10",
            "도로명주소":"경상북도 경주시 모화남1길 15-5",
            "세대수":0,
            "입주년차":0,
            "용적률점수":"--",
            "건폐율점수":"--",
            "세대당주차수":0,
            "난방방식":30,
            "공급면적":"--",
            "전용률":"--",
            "욕실수":50,
            "현관타입":100,
            "주거총점":18.0,
            "지역구공급총점":0.0,
            "역세권":"NA",
            "30분내 이동가능 거점":"NA",
            "1시간내 이동가능 거점":"NA",
            "교통총점":"NA",
            "백화점":0,
            "아울렛몰":0,
            "대형마트":0,
            "은행":0,
            "병원":0,
            "종합병원":80,
            "공원":0,
            "혐오시설":0,
            "인프라총점":16.0,
            "초등학군":90.06,
            "중학군":37.74,
            "학군총점":48.204,
            "인구수":25.96,
            "인구증감":0.54,
            "인구총점":18.334,
            "일자리":19.87,
            "소득수준":67.99,
            "일자리총점":34.306,
            "가치 총점":24.751,
            "매매실거래년":20210817.0,
            "매매실거래가":6800.0,
            "전세실거래년":20200522.0,
            "전세실거래가":4000.0,
            "전세가율":125.0,
            "장기전세가율평균":74.02,
            "전세가율거품지수":-50.98,
            "검색코드":11813,
            "세대수":141.0,
            "준공년월":"1994-12-13",
            "준공년차":29.0,
            "가까운역이름":"NA",
            "가까운역거리":"NA",
            "역세권여부":"NA",
            "30분이내주요거점역":"NA",
            "30분거점역이름":"NA",
            "1시간이내주요거점역":"NA",
            "1시간거점역이름":"NA",
            "3km이내백화점수":0,
            "5km이내아울렛몰수":0,
            "1km이내대형먀트수":0,
            "500m이내은행수":0,
            "500m이내병원수":0,
            "5km이내대형병원수":1,
            "500m이내공원수":0,
            "3km이내혐오시설수":0,
            "초등학교학업성취도":90.06,
            "중학교학업성취도":62.9,
            "용적률":260,
            "건폐율":24,
            "Y":35.671402,
            "X":129.337495,
            "rank":80.0,
            "area_info":"23평(77.01), 26평(88.0), 27평(90.81), 30평(99.96), 31평(104.86)",
            "last_sales":"2021-08-17,6800.0,31평(104.86)",
            "rank_history":[
                [
                    "202202",
                    80
                ],
                [
                    "202201",
                    77
                ]
            ],
            "rank_gap":-3
        },
        {
            "index":26,
            "아파트명":"삼성3차",
            "투자타입":"일반",
            "전용면적(m2)":"77.72",
            "전용면적(평)":"23평",
            "법정동주소":"경상북도 경주시 동천동 912",
            "도로명주소":"경상북도 경주시 탈해로5번길 6-5",
            "세대수":0,
            "입주년차":0,
            "용적률점수":"--",
            "건폐율점수":"--",
            "세대당주차수":0,
            "난방방식":30,
            "공급면적":"--",
            "전용률":"--",
            "욕실수":50,
            "현관타입":10,
            "주거총점":9.0,
            "지역구공급총점":0.0,
            "역세권":"NA",
            "30분내 이동가능 거점":"NA",
            "1시간내 이동가능 거점":"NA",
            "교통총점":"NA",
            "백화점":0,
            "아울렛몰":0,
            "대형마트":0,
            "은행":0,
            "병원":0,
            "종합병원":80,
            "공원":100,
            "혐오시설":0,
            "인프라총점":19.0,
            "초등학군":89.99,
            "중학군":47.06,
            "학군총점":55.646,
            "인구수":25.96,
            "인구증감":0.54,
            "인구총점":18.334,
            "일자리":19.87,
            "소득수준":67.99,
            "일자리총점":34.306,
            "가치 총점":24.6615,
            "매매실거래년":20211111.0,
            "매매실거래가":10000.0,
            "전세실거래년":20210526.0,
            "전세실거래가":6500.0,
            "전세가율":65.0,
            "장기전세가율평균":74.02,
            "전세가율거품지수":9.02,
            "검색코드":4106,
            "세대수":149.0,
            "준공년월":"1995-06-20",
            "준공년차":28.0,
            "가까운역이름":"NA",
            "가까운역거리":"NA",
            "역세권여부":"NA",
            "30분이내주요거점역":"NA",
            "30분거점역이름":"NA",
            "1시간이내주요거점역":"NA",
            "1시간거점역이름":"NA",
            "3km이내백화점수":0,
            "5km이내아울렛몰수":0,
            "1km이내대형먀트수":0,
            "500m이내은행수":0,
            "500m이내병원수":1,
            "5km이내대형병원수":1,
            "500m이내공원수":4,
            "3km이내혐오시설수":0,
            "초등학교학업성취도":89.99,
            "중학교학업성취도":78.1,
            "용적률":249,
            "건폐율":27,
            "Y":35.84734,
            "X":129.22793,
            "rank":81.0,
            "area_info":"23평(77.72)",
            "last_sales":"2021-11-11,10000.0,23평(77.72)",
            "rank_history":[
                [
                    "202202",
                    81
                ],
                [
                    "202201",
                    81
                ]
            ],
            "rank_gap":0
        },
        {
            "index":27,
            "아파트명":"선주(A공구)",
            "투자타입":"재건축",
            "전용면적(m2)":"46.59",
            "전용면적(평)":"14평",
            "법정동주소":"경상북도 경주시 동천동 733-1660",
            "도로명주소":"경상북도 경주시 동천로 15",
            "세대수":0,
            "입주년차":"--",
            "용적률점수":0,
            "건폐율점수":0,
            "세대당주차수":"--",
            "난방방식":"--",
            "공급면적":50,
            "전용률":80,
            "욕실수":"--",
            "현관타입":"--",
            "주거총점":6.5,
            "지역구공급총점":0.0,
            "역세권":"NA",
            "30분내 이동가능 거점":"NA",
            "1시간내 이동가능 거점":"NA",
            "교통총점":"NA",
            "백화점":0,
            "아울렛몰":0,
            "대형마트":0,
            "은행":0,
            "병원":10,
            "종합병원":80,
            "공원":100,
            "혐오시설":0,
            "인프라총점":20.0,
            "초등학군":89.99,
            "중학군":47.06,
            "학군총점":55.646,
            "인구수":25.96,
            "인구증감":0.54,
            "인구총점":18.334,
            "일자리":19.87,
            "소득수준":67.99,
            "일자리총점":34.306,
            "가치 총점":24.1865,
            "매매실거래년":"18000101",
            "매매실거래가":null,
            "전세실거래년":null,
            "전세실거래가":null,
            "전세가율":null,
            "장기전세가율평균":74.02,
            "전세가율거품지수":null,
            "검색코드":105669,
            "세대수":200.0,
            "준공년월":"1990-11-15",
            "준공년차":33.0,
            "가까운역이름":"NA",
            "가까운역거리":"NA",
            "역세권여부":"NA",
            "30분이내주요거점역":"NA",
            "30분거점역이름":"NA",
            "1시간이내주요거점역":"NA",
            "1시간거점역이름":"NA",
            "3km이내백화점수":0,
            "5km이내아울렛몰수":0,
            "1km이내대형먀트수":0,
            "500m이내은행수":0,
            "500m이내병원수":4,
            "5km이내대형병원수":1,
            "500m이내공원수":2,
            "3km이내혐오시설수":0,
            "초등학교학업성취도":89.99,
            "중학교학업성취도":78.1,
            "용적률":0,
            "건폐율":0,
            "Y":35.849756,
            "X":129.225189,
            "rank":82.0,
            "area_info":"14평(46.59), 14평(46.32)",
            "last_sales":"1800-01-01,nan,14평(46.59)",
            "rank_history":[
                [
                    "202202",
                    82
                ],
                [
                    "202201",
                    82
                ]
            ],
            "rank_gap":0
        },
        {
            "index":189,
            "아파트명":"대신1차",
            "투자타입":"재건축",
            "전용면적(m2)":"92.4",
            "전용면적(평)":"27평",
            "법정동주소":"경상북도 경주시 용강동 1349",
            "도로명주소":"경상북도 경주시 소금강로29번길 27",
            "세대수":0,
            "입주년차":"--",
            "용적률점수":0,
            "건폐율점수":0,
            "세대당주차수":"--",
            "난방방식":"--",
            "공급면적":70,
            "전용률":60,
            "욕실수":"--",
            "현관타입":"--",
            "주거총점":6.5,
            "지역구공급총점":0.0,
            "역세권":"NA",
            "30분내 이동가능 거점":"NA",
            "1시간내 이동가능 거점":"NA",
            "교통총점":"NA",
            "백화점":0,
            "아울렛몰":0,
            "대형마트":0,
            "은행":0,
            "병원":30,
            "종합병원":80,
            "공원":100,
            "혐오시설":0,
            "인프라총점":22.0,
            "초등학군":89.98,
            "중학군":42.9,
            "학군총점":52.316,
            "인구수":25.96,
            "인구증감":0.54,
            "인구총점":18.334,
            "일자리":19.87,
            "소득수준":67.99,
            "일자리총점":34.306,
            "가치 총점":24.154,
            "매매실거래년":20210924.0,
            "매매실거래가":11000.0,
            "전세실거래년":null,
            "전세실거래가":null,
            "전세가율":null,
            "장기전세가율평균":74.02,
            "전세가율거품지수":null,
            "검색코드":15849,
            "세대수":116.0,
            "준공년월":"1992-01-15",
            "준공년차":31.0,
            "가까운역이름":"NA",
            "가까운역거리":"NA",
            "역세권여부":"NA",
            "30분이내주요거점역":"NA",
            "30분거점역이름":"NA",
            "1시간이내주요거점역":"NA",
            "1시간거점역이름":"NA",
            "3km이내백화점수":0,
            "5km이내아울렛몰수":0,
            "1km이내대형먀트수":0,
            "500m이내은행수":1,
            "500m이내병원수":6,
            "5km이내대형병원수":1,
            "500m이내공원수":4,
            "3km이내혐오시설수":0,
            "초등학교학업성취도":89.98,
            "중학교학업성취도":70.9,
            "용적률":0,
            "건폐율":0,
            "Y":35.86186,
            "X":129.22242,
            "rank":83.0,
            "area_info":"27평(92.4), 28평(94.08), 28평(95.53), 30평(100.89), 31평(102.57), 33평(110.29), 36평(120.62)",
            "last_sales":"2021-09-24,11000.0,33평(110.29)",
            "rank_history":[
                [
                    "202202",
                    83
                ],
                [
                    "202201",
                    86
                ]
            ],
            "rank_gap":3
        },
        {
            "index":29,
            "아파트명":"선주(B공구)",
            "투자타입":"재건축",
            "전용면적(m2)":"40.92",
            "전용면적(평)":"12평",
            "법정동주소":"경상북도 경주시 동천동 586-8",
            "도로명주소":"경상북도 경주시 선주길 8-2",
            "세대수":0,
            "입주년차":"--",
            "용적률점수":0,
            "건폐율점수":0,
            "세대당주차수":"--",
            "난방방식":"--",
            "공급면적":50,
            "전용률":80,
            "욕실수":"--",
            "현관타입":"--",
            "주거총점":6.5,
            "지역구공급총점":0.0,
            "역세권":"NA",
            "30분내 이동가능 거점":"NA",
            "1시간내 이동가능 거점":"NA",
            "교통총점":"NA",
            "백화점":0,
            "아울렛몰":0,
            "대형마트":0,
            "은행":0,
            "병원":0,
            "종합병원":80,
            "공원":100,
            "혐오시설":0,
            "인프라총점":19.0,
            "초등학군":89.99,
            "중학군":47.06,
            "학군총점":55.646,
            "인구수":25.96,
            "인구증감":0.54,
            "인구총점":18.334,
            "일자리":19.87,
            "소득수준":67.99,
            "일자리총점":34.306,
            "가치 총점":23.7865,
            "매매실거래년":"18000101",
            "매매실거래가":null,
            "전세실거래년":null,
            "전세실거래가":null,
            "전세가율":null,
            "장기전세가율평균":74.02,
            "전세가율거품지수":null,
            "검색코드":100937,
            "세대수":160.0,
            "준공년월":"1990-06-11",
            "준공년차":33.0,
            "가까운역이름":"NA",
            "가까운역거리":"NA",
            "역세권여부":"NA",
            "30분이내주요거점역":"NA",
            "30분거점역이름":"NA",
            "1시간이내주요거점역":"NA",
            "1시간거점역이름":"NA",
            "3km이내백화점수":0,
            "5km이내아울렛몰수":0,
            "1km이내대형먀트수":0,
            "500m이내은행수":0,
            "500m이내병원수":1,
            "5km이내대형병원수":1,
            "500m이내공원수":3,
            "3km이내혐오시설수":0,
            "초등학교학업성취도":89.99,
            "중학교학업성취도":78.1,
            "용적률":0,
            "건폐율":0,
            "Y":35.848605,
            "X":129.22578,
            "rank":84.0,
            "area_info":"12평(40.92), 12평(40.92), 14평(46.32)",
            "last_sales":"1800-01-01,nan,12평(40.92)",
            "rank_history":[
                [
                    "202202",
                    84
                ],
                [
                    "202201",
                    84
                ]
            ],
            "rank_gap":0
        },
        {
            "index":43,
            "아파트명":"대신유니하우스",
            "투자타입":"일반",
            "전용면적(m2)":"28.27",
            "전용면적(평)":"8평",
            "법정동주소":"경상북도 경주시 성건동 620-636",
            "도로명주소":"경상북도 경주시 국민주택길34번길 3",
            "세대수":0,
            "입주년차":0,
            "용적률점수":"--",
            "건폐율점수":"--",
            "세대당주차수":0,
            "난방방식":30,
            "공급면적":"--",
            "전용률":"--",
            "욕실수":50,
            "현관타입":10,
            "주거총점":9.0,
            "지역구공급총점":0.0,
            "역세권":"NA",
            "30분내 이동가능 거점":"NA",
            "1시간내 이동가능 거점":"NA",
            "교통총점":"NA",
            "백화점":0,
            "아울렛몰":0,
            "대형마트":0,
            "은행":0,
            "병원":0,
            "종합병원":80,
            "공원":80,
            "혐오시설":0,
            "인프라총점":18.4,
            "초등학군":90.03,
            "중학군":42.9,
            "학군총점":52.326,
            "인구수":25.96,
            "인구증감":0.54,
            "인구총점":18.334,
            "일자리":19.87,
            "소득수준":67.99,
            "일자리총점":34.306,
            "가치 총점":23.5915,
            "매매실거래년":20210901.0,
            "매매실거래가":2300.0,
            "전세실거래년":20190214.0,
            "전세실거래가":2500.0,
            "전세가율":108.7,
            "장기전세가율평균":74.02,
            "전세가율거품지수":-34.68,
            "검색코드":17004,
            "세대수":144.0,
            "준공년월":"1997-03-27",
            "준공년차":26.0,
            "가까운역이름":"NA",
            "가까운역거리":"NA",
            "역세권여부":"NA",
            "30분이내주요거점역":"NA",
            "30분거점역이름":"NA",
            "1시간이내주요거점역":"NA",
            "1시간거점역이름":"NA",
            "3km이내백화점수":0,
            "5km이내아울렛몰수":0,
            "1km이내대형먀트수":0,
            "500m이내은행수":0,
            "500m이내병원수":0,
            "5km이내대형병원수":1,
            "500m이내공원수":1,
            "3km이내혐오시설수":0,
            "초등학교학업성취도":90.03,
            "중학교학업성취도":70.9,
            "용적률":265,
            "건폐율":48,
            "Y":35.85742,
            "X":129.20349,
            "rank":85.0,
            "area_info":"8평(28.27)",
            "last_sales":"2021-09-01,2300.0,8평(28.27)",
            "rank_history":[
                [
                    "202202",
                    85
                ],
                [
                    "202201",
                    85
                ]
            ],
            "rank_gap":0
        },
        {
            "index":95,
            "아파트명":"성건주공",
            "투자타입":"재건축",
            "전용면적(m2)":"58.11",
            "전용면적(평)":"17평",
            "법정동주소":"경상북도 경주시 성건동 585",
            "도로명주소":"경상북도 경주시 동대로 21",
            "세대수":0,
            "입주년차":"--",
            "용적률점수":0,
            "건폐율점수":0,
            "세대당주차수":"--",
            "난방방식":"--",
            "공급면적":50,
            "전용률":100,
            "욕실수":"--",
            "현관타입":"--",
            "주거총점":7.5,
            "지역구공급총점":0.0,
            "역세권":"NA",
            "30분내 이동가능 거점":"NA",
            "1시간내 이동가능 거점":"NA",
            "교통총점":"NA",
            "백화점":0,
            "아울렛몰":0,
            "대형마트":0,
            "은행":0,
            "병원":0,
            "종합병원":80,
            "공원":100,
            "혐오시설":0,
            "인프라총점":19.0,
            "초등학군":90.03,
            "중학군":42.74,
            "학군총점":52.198,
            "인구수":25.96,
            "인구증감":0.54,
            "인구총점":18.334,
            "일자리":19.87,
            "소득수준":67.99,
            "일자리총점":34.306,
            "가치 총점":23.2745,
            "매매실거래년":"18000101",
            "매매실거래가":null,
            "전세실거래년":null,
            "전세실거래가":null,
            "전세가율":null,
            "장기전세가율평균":74.02,
            "전세가율거품지수":null,
            "검색코드":101218,
            "세대수":192.0,
            "준공년월":"1980-09-09",
            "준공년차":43.0,
            "가까운역이름":"NA",
            "가까운역거리":"NA",
            "역세권여부":"NA",
            "30분이내주요거점역":"NA",
            "30분거점역이름":"NA",
            "1시간이내주요거점역":"NA",
            "1시간거점역이름":"NA",
            "3km이내백화점수":0,
            "5km이내아울렛몰수":0,
            "1km이내대형먀트수":0,
            "500m이내은행수":0,
            "500m이내병원수":0,
            "5km이내대형병원수":1,
            "500m이내공원수":2,
            "3km이내혐오시설수":0,
            "초등학교학업성취도":90.03,
            "중학교학업성취도":70.7,
            "용적률":0,
            "건폐율":0,
            "Y":35.855154,
            "X":129.203795,
            "rank":86.0,
            "area_info":"17평(58.11)",
            "last_sales":"1800-01-01,nan,17평(58.11)",
            "rank_history":[
                [
                    "202202",
                    86
                ],
                [
                    "202201",
                    88
                ]
            ],
            "rank_gap":2
        },
        {
            "index":96,
            "아파트명":"주공연립",
            "투자타입":"재건축",
            "전용면적(m2)":"59.8",
            "전용면적(평)":"18평",
            "법정동주소":"경상북도 경주시 성건동 687",
            "도로명주소":"경상북도 경주시 한빛길20번길 43",
            "세대수":0,
            "입주년차":"--",
            "용적률점수":0,
            "건폐율점수":0,
            "세대당주차수":"--",
            "난방방식":"--",
            "공급면적":50,
            "전용률":100,
            "욕실수":"--",
            "현관타입":"--",
            "주거총점":7.5,
            "지역구공급총점":0.0,
            "역세권":"NA",
            "30분내 이동가능 거점":"NA",
            "1시간내 이동가능 거점":"NA",
            "교통총점":"NA",
            "백화점":0,
            "아울렛몰":0,
            "대형마트":0,
            "은행":0,
            "병원":0,
            "종합병원":80,
            "공원":100,
            "혐오시설":0,
            "인프라총점":19.0,
            "초등학군":90.03,
            "중학군":42.74,
            "학군총점":52.198,
            "인구수":25.96,
            "인구증감":0.54,
            "인구총점":18.334,
            "일자리":19.87,
            "소득수준":67.99,
            "일자리총점":34.306,
            "가치 총점":23.2745,
            "매매실거래년":"18000101",
            "매매실거래가":null,
            "전세실거래년":null,
            "전세실거래가":null,
            "전세가율":null,
            "장기전세가율평균":74.02,
            "전세가율거품지수":null,
            "검색코드":15815,
            "세대수":117.0,
            "준공년월":"1984-06-30",
            "준공년차":39.0,
            "가까운역이름":"NA",
            "가까운역거리":"NA",
            "역세권여부":"NA",
            "30분이내주요거점역":"NA",
            "30분거점역이름":"NA",
            "1시간이내주요거점역":"NA",
            "1시간거점역이름":"NA",
            "3km이내백화점수":0,
            "5km이내아울렛몰수":0,
            "1km이내대형먀트수":0,
            "500m이내은행수":0,
            "500m이내병원수":0,
            "5km이내대형병원수":1,
            "500m이내공원수":3,
            "3km이내혐오시설수":0,
            "초등학교학업성취도":90.03,
            "중학교학업성취도":70.7,
            "용적률":0,
            "건폐율":0,
            "Y":35.8545,
            "X":129.203916,
            "rank":86.0,
            "area_info":"18평(59.8), 18평(61.94), 18평(62.14), 22평(73.35)",
            "last_sales":"1800-01-01,nan,18평(59.8)",
            "rank_history":[
                [
                    "202202",
                    86
                ],
                [
                    "202201",
                    88
                ]
            ],
            "rank_gap":2
        },
        {
            "index":239,
            "아파트명":"양지타워",
            "투자타입":"일반",
            "전용면적(m2)":"74.22",
            "전용면적(평)":"22평",
            "법정동주소":"경상북도 경주시 천북면 모아리 1146-53",
            "도로명주소":"경상북도 경주시 모아동산길 20",
            "세대수":0,
            "입주년차":80,
            "용적률점수":"--",
            "건폐율점수":"--",
            "세대당주차수":0,
            "난방방식":30,
            "공급면적":"--",
            "전용률":"--",
            "욕실수":50,
            "현관타입":10,
            "주거총점":25.0,
            "지역구공급총점":0.0,
            "역세권":"NA",
            "30분내 이동가능 거점":"NA",
            "1시간내 이동가능 거점":"NA",
            "교통총점":"NA",
            "백화점":0,
            "아울렛몰":0,
            "대형마트":0,
            "은행":0,
            "병원":0,
            "종합병원":0,
            "공원":0,
            "혐오시설":0,
            "인프라총점":0.0,
            "초등학군":90.03,
            "중학군":50.04,
            "학군총점":58.038,
            "인구수":25.96,
            "인구증감":0.54,
            "인구총점":18.334,
            "일자리":19.87,
            "소득수준":67.99,
            "일자리총점":34.306,
            "가치 총점":23.2595,
            "매매실거래년":20220120.0,
            "매매실거래가":4500.0,
            "전세실거래년":20201204.0,
            "전세실거래가":3300.0,
            "전세가율":73.33,
            "장기전세가율평균":74.02,
            "전세가율거품지수":0.69,
            "검색코드":111780,
            "세대수":209.0,
            "준공년월":"2015-03-19",
            "준공년차":8.0,
            "가까운역이름":"NA",
            "가까운역거리":"NA",
            "역세권여부":"NA",
            "30분이내주요거점역":"NA",
            "30분거점역이름":"NA",
            "1시간이내주요거점역":"NA",
            "1시간거점역이름":"NA",
            "3km이내백화점수":0,
            "5km이내아울렛몰수":0,
            "1km이내대형먀트수":0,
            "500m이내은행수":0,
            "500m이내병원수":0,
            "5km이내대형병원수":0,
            "500m이내공원수":0,
            "3km이내혐오시설수":0,
            "초등학교학업성취도":90.03,
            "중학교학업성취도":82.6,
            "용적률":0,
            "건폐율":0,
            "Y":35.919496,
            "X":129.247039,
            "rank":87.0,
            "area_info":"22평(74.22), 28평(94.56), 31평(105.68)",
            "last_sales":"2022-01-20,4500.0,22평(74.22)",
            "rank_history":[
                [
                    "202202",
                    87
                ],
                [
                    "202201",
                    83
                ]
            ],
            "rank_gap":-4
        },
        {
            "index":142,
            "아파트명":"올림푸스맨션",
            "투자타입":"재건축",
            "전용면적(m2)":"56.07",
            "전용면적(평)":"16평",
            "법정동주소":"경상북도 경주시 안강읍 산대리 1937-10",
            "도로명주소":"경상북도 경주시 화전남1길 7-12",
            "세대수":0,
            "입주년차":"--",
            "용적률점수":0,
            "건폐율점수":0,
            "세대당주차수":"--",
            "난방방식":"--",
            "공급면적":50,
            "전용률":80,
            "욕실수":"--",
            "현관타입":"--",
            "주거총점":6.5,
            "지역구공급총점":0.0,
            "역세권":"NA",
            "30분내 이동가능 거점":"NA",
            "1시간내 이동가능 거점":"NA",
            "교통총점":"NA",
            "백화점":0,
            "아울렛몰":0,
            "대형마트":80,
            "은행":0,
            "병원":0,
            "종합병원":0,
            "공원":80,
            "혐오시설":0,
            "인프라총점":14.4,
            "초등학군":89.99,
            "중학군":50.26,
            "학군총점":58.206,
            "인구수":25.96,
            "인구증감":0.54,
            "인구총점":18.334,
            "일자리":19.87,
            "소득수준":67.99,
            "일자리총점":34.306,
            "가치 총점":22.5865,
            "매매실거래년":"18000101",
            "매매실거래가":null,
            "전세실거래년":null,
            "전세실거래가":null,
            "전세가율":null,
            "장기전세가율평균":74.02,
            "전세가율거품지수":null,
            "검색코드":128282,
            "세대수":154.0,
            "준공년월":"1989-10-06",
            "준공년차":34.0,
            "가까운역이름":"NA",
            "가까운역거리":"NA",
            "역세권여부":"NA",
            "30분이내주요거점역":"NA",
            "30분거점역이름":"NA",
            "1시간이내주요거점역":"NA",
            "1시간거점역이름":"NA",
            "3km이내백화점수":0,
            "5km이내아울렛몰수":0,
            "1km이내대형먀트수":1,
            "500m이내은행수":0,
            "500m이내병원수":0,
            "5km이내대형병원수":0,
            "500m이내공원수":1,
            "3km이내혐오시설수":0,
            "초등학교학업성취도":89.99,
            "중학교학업성취도":83.3,
            "용적률":0,
            "건폐율":0,
            "Y":35.988201,
            "X":129.217104,
            "rank":88.0,
            "area_info":"16평(56.07), 17평(58.87), 19평(64.93), 20평(68.5), 21평(72.18), 24평(80.38), 25평(84.85)",
            "last_sales":"1800-01-01,nan,16평(56.07)",
            "rank_history":[
                [
                    "202202",
                    88
                ],
                [
                    "202201",
                    98
                ]
            ],
            "rank_gap":10
        },
        {
            "index":116,
            "아파트명":"경림소망",
            "투자타입":"재건축",
            "전용면적(m2)":"47.16",
            "전용면적(평)":"14평",
            "법정동주소":"경상북도 경주시 안강읍 안강리 424-1",
            "도로명주소":"경상북도 경주시 안현로 1486-18",
            "세대수":0,
            "입주년차":"--",
            "용적률점수":0,
            "건폐율점수":0,
            "세대당주차수":"--",
            "난방방식":"--",
            "공급면적":50,
            "전용률":80,
            "욕실수":"--",
            "현관타입":"--",
            "주거총점":6.5,
            "지역구공급총점":0.0,
            "역세권":"NA",
            "30분내 이동가능 거점":"NA",
            "1시간내 이동가능 거점":"NA",
            "교통총점":"NA",
            "백화점":0,
            "아울렛몰":0,
            "대형마트":80,
            "은행":0,
            "병원":30,
            "종합병원":0,
            "공원":0,
            "혐오시설":0,
            "인프라총점":15.0,
            "초등학군":90.0,
            "중학군":48.42,
            "학군총점":56.736,
            "인구수":25.96,
            "인구증감":0.54,
            "인구총점":18.334,
            "일자리":19.87,
            "소득수준":67.99,
            "일자리총점":34.306,
            "가치 총점":22.459,
            "매매실거래년":20190328.0,
            "매매실거래가":4500.0,
            "전세실거래년":null,
            "전세실거래가":null,
            "전세가율":null,
            "장기전세가율평균":74.02,
            "전세가율거품지수":null,
            "검색코드":106447,
            "세대수":230.0,
            "준공년월":"1988-05-19",
            "준공년차":35.0,
            "가까운역이름":"NA",
            "가까운역거리":"NA",
            "역세권여부":"NA",
            "30분이내주요거점역":"NA",
            "30분거점역이름":"NA",
            "1시간이내주요거점역":"NA",
            "1시간거점역이름":"NA",
            "3km이내백화점수":0,
            "5km이내아울렛몰수":0,
            "1km이내대형먀트수":1,
            "500m이내은행수":0,
            "500m이내병원수":5,
            "5km이내대형병원수":0,
            "500m이내공원수":0,
            "3km이내혐오시설수":0,
            "초등학교학업성취도":90.0,
            "중학교학업성취도":78.5,
            "용적률":0,
            "건폐율":0,
            "Y":35.987989,
            "X":129.228909,
            "rank":89.0,
            "area_info":"14평(47.16), 14평(47.85), 15평(50.83), 16평(55.77), 16평(55.83), 21평(69.55), 27평(91.18)",
            "last_sales":"2019-03-28,4500.0,27평(91.18)",
            "rank_history":[
                [
                    "202202",
                    89
                ],
                [
                    "202201",
                    99
                ]
            ],
            "rank_gap":10
        },
        {
            "index":113,
            "아파트명":"국태그린빌",
            "투자타입":"일반",
            "전용면적(m2)":"54.25",
            "전용면적(평)":"16평",
            "법정동주소":"경상북도 경주시 시래동 1006",
            "도로명주소":"경상북도 경주시 구매3길 29",
            "세대수":0,
            "입주년차":20,
            "용적률점수":"--",
            "건폐율점수":"--",
            "세대당주차수":0,
            "난방방식":30,
            "공급면적":"--",
            "전용률":"--",
            "욕실수":50,
            "현관타입":10,
            "주거총점":13.0,
            "지역구공급총점":0.0,
            "역세권":"NA",
            "30분내 이동가능 거점":"NA",
            "1시간내 이동가능 거점":"NA",
            "교통총점":"NA",
            "백화점":0,
            "아울렛몰":0,
            "대형마트":80,
            "은행":0,
            "병원":0,
            "종합병원":0,
            "공원":100,
            "혐오시설":0,
            "인프라총점":15.0,
            "초등학군":89.97,
            "중학군":37.02,
            "학군총점":47.61,
            "인구수":25.96,
            "인구증감":0.54,
            "인구총점":18.334,
            "일자리":19.87,
            "소득수준":67.99,
            "일자리총점":34.306,
            "가치 총점":22.4525,
            "매매실거래년":20210626.0,
            "매매실거래가":9500.0,
            "전세실거래년":20130822.0,
            "전세실거래가":2900.0,
            "전세가율":58.94,
            "장기전세가율평균":74.02,
            "전세가율거품지수":15.08,
            "검색코드":112761,
            "세대수":190.0,
            "준공년월":"2002-10-08",
            "준공년차":21.0,
            "가까운역이름":"NA",
            "가까운역거리":"NA",
            "역세권여부":"NA",
            "30분이내주요거점역":"NA",
            "30분거점역이름":"NA",
            "1시간이내주요거점역":"NA",
            "1시간거점역이름":"NA",
            "3km이내백화점수":0,
            "5km이내아울렛몰수":0,
            "1km이내대형먀트수":1,
            "500m이내은행수":0,
            "500m이내병원수":0,
            "5km이내대형병원수":0,
            "500m이내공원수":4,
            "3km이내혐오시설수":0,
            "초등학교학업성취도":89.97,
            "중학교학업성취도":61.7,
            "용적률":128,
            "건폐율":29,
            "Y":35.773341,
            "X":129.306962,
            "rank":90.0,
            "area_info":"16평(54.25), 21평(71.46), 26평(87.99)",
            "last_sales":"2021-06-26,9500.0,26평(87.99)",
            "rank_history":[
                [
                    "202202",
                    90
                ],
                [
                    "202201",
                    89
                ]
            ],
            "rank_gap":-1
        },
        {
            "index":133,
            "아파트명":"안강유성타운",
            "투자타입":"일반",
            "전용면적(m2)":"77.55",
            "전용면적(평)":"23평",
            "법정동주소":"경상북도 경주시 안강읍 옥산리 597-5",
            "도로명주소":"경상북도 경주시 피일길 86-9",
            "세대수":0,
            "입주년차":20,
            "용적률점수":"--",
            "건폐율점수":"--",
            "세대당주차수":0,
            "난방방식":30,
            "공급면적":"--",
            "전용률":"--",
            "욕실수":50,
            "현관타입":100,
            "주거총점":22.0,
            "지역구공급총점":0.0,
            "역세권":"NA",
            "30분내 이동가능 거점":"NA",
            "1시간내 이동가능 거점":"NA",
            "교통총점":"NA",
            "백화점":0,
            "아울렛몰":0,
            "대형마트":0,
            "은행":0,
            "병원":0,
            "종합병원":0,
            "공원":0,
            "혐오시설":0,
            "인프라총점":0.0,
            "초등학군":90.0,
            "중학군":50.26,
            "학군총점":58.208,
            "인구수":25.96,
            "인구증감":0.54,
            "인구총점":18.334,
            "일자리":19.87,
            "소득수준":67.99,
            "일자리총점":34.306,
            "가치 총점":22.252,
            "매매실거래년":20210925.0,
            "매매실거래가":7200.0,
            "전세실거래년":20210903.0,
            "전세실거래가":5500.0,
            "전세가율":76.39,
            "장기전세가율평균":74.02,
            "전세가율거품지수":-2.37,
            "검색코드":108839,
            "세대수":120.0,
            "준공년월":"2001-01-30",
            "준공년차":22.0,
            "가까운역이름":"NA",
            "가까운역거리":"NA",
            "역세권여부":"NA",
            "30분이내주요거점역":"NA",
            "30분거점역이름":"NA",
            "1시간이내주요거점역":"NA",
            "1시간거점역이름":"NA",
            "3km이내백화점수":0,
            "5km이내아울렛몰수":0,
            "1km이내대형먀트수":0,
            "500m이내은행수":0,
            "500m이내병원수":0,
            "5km이내대형병원수":0,
            "500m이내공원수":0,
            "3km이내혐오시설수":0,
            "초등학교학업성취도":90.0,
            "중학교학업성취도":83.3,
            "용적률":99,
            "건폐율":23,
            "Y":35.99978,
            "X":129.182953,
            "rank":91.0,
            "area_info":"23평(77.55), 26평(88.45)",
            "last_sales":"2021-09-25,7200.0,23평(77.55)",
            "rank_history":[
                [
                    "202202",
                    91
                ],
                [
                    "202201",
                    90
                ]
            ],
            "rank_gap":-1
        },
        {
            "index":149,
            "아파트명":"우성한빛2차",
            "투자타입":"일반",
            "전용면적(m2)":"74.83",
            "전용면적(평)":"22평",
            "법정동주소":"경상북도 경주시 안강읍 산대리 2028",
            "도로명주소":"경상북도 경주시 화전길 71-4",
            "세대수":0,
            "입주년차":20,
            "용적률점수":"--",
            "건폐율점수":"--",
            "세대당주차수":0,
            "난방방식":30,
            "공급면적":"--",
            "전용률":"--",
            "욕실수":50,
            "현관타입":100,
            "주거총점":22.0,
            "지역구공급총점":0.0,
            "역세권":"NA",
            "30분내 이동가능 거점":"NA",
            "1시간내 이동가능 거점":"NA",
            "교통총점":"NA",
            "백화점":0,
            "아울렛몰":0,
            "대형마트":0,
            "은행":0,
            "병원":0,
            "종합병원":0,
            "공원":0,
            "혐오시설":0,
            "인프라총점":0.0,
            "초등학군":89.99,
            "중학군":50.26,
            "학군총점":58.206,
            "인구수":25.96,
            "인구증감":0.54,
            "인구총점":18.334,
            "일자리":19.87,
            "소득수준":67.99,
            "일자리총점":34.306,
            "가치 총점":22.2515,
            "매매실거래년":20211109.0,
            "매매실거래가":7500.0,
            "전세실거래년":20200613.0,
            "전세실거래가":4000.0,
            "전세가율":53.33,
            "장기전세가율평균":74.02,
            "전세가율거품지수":20.69,
            "검색코드":104608,
            "세대수":108.0,
            "준공년월":"2001-07-16",
            "준공년차":22.0,
            "가까운역이름":"NA",
            "가까운역거리":"NA",
            "역세권여부":"NA",
            "30분이내주요거점역":"NA",
            "30분거점역이름":"NA",
            "1시간이내주요거점역":"NA",
            "1시간거점역이름":"NA",
            "3km이내백화점수":0,
            "5km이내아울렛몰수":0,
            "1km이내대형먀트수":0,
            "500m이내은행수":0,
            "500m이내병원수":0,
            "5km이내대형병원수":0,
            "500m이내공원수":0,
            "3km이내혐오시설수":0,
            "초등학교학업성취도":89.99,
            "중학교학업성취도":83.3,
            "용적률":225,
            "건폐율":28,
            "Y":35.991717,
            "X":129.21058,
            "rank":92.0,
            "area_info":"22평(74.83)",
            "last_sales":"2021-11-09,7500.0,22평(74.83)",
            "rank_history":[
                [
                    "202202",
                    92
                ],
                [
                    "202201",
                    91
                ]
            ],
            "rank_gap":-1
        },
        {
            "index":170,
            "아파트명":"벽산천마타운",
            "투자타입":"일반",
            "전용면적(m2)":"77.81",
            "전용면적(평)":"23평",
            "법정동주소":"경상북도 경주시 외동읍 구어리 200",
            "도로명주소":"경상북도 경주시 송계길 4-3",
            "세대수":30,
            "입주년차":0,
            "용적률점수":"--",
            "건폐율점수":"--",
            "세대당주차수":0,
            "난방방식":30,
            "공급면적":"--",
            "전용률":"--",
            "욕실수":50,
            "현관타입":100,
            "주거총점":28.5,
            "지역구공급총점":0.0,
            "역세권":"NA",
            "30분내 이동가능 거점":"NA",
            "1시간내 이동가능 거점":"NA",
            "교통총점":"NA",
            "백화점":0,
            "아울렛몰":0,
            "대형마트":0,
            "은행":0,
            "병원":0,
            "종합병원":0,
            "공원":0,
            "혐오시설":0,
            "인프라총점":0.0,
            "초등학군":89.99,
            "중학군":37.74,
            "학군총점":48.19,
            "인구수":25.96,
            "인구증감":0.54,
            "인구총점":18.334,
            "일자리":19.87,
            "소득수준":67.99,
            "일자리총점":34.306,
            "가치 총점":22.0225,
            "매매실거래년":20211204.0,
            "매매실거래가":7300.0,
            "전세실거래년":20190715.0,
            "전세실거래가":2000.0,
            "전세가율":67.8,
            "장기전세가율평균":74.02,
            "전세가율거품지수":6.22,
            "검색코드":4127,
            "세대수":357.0,
            "준공년월":"1993-05-14",
            "준공년차":30.0,
            "가까운역이름":"NA",
            "가까운역거리":"NA",
            "역세권여부":"NA",
            "30분이내주요거점역":"NA",
            "30분거점역이름":"NA",
            "1시간이내주요거점역":"NA",
            "1시간거점역이름":"NA",
            "3km이내백화점수":0,
            "5km이내아울렛몰수":0,
            "1km이내대형먀트수":0,
            "500m이내은행수":0,
            "500m이내병원수":0,
            "5km이내대형병원수":0,
            "500m이내공원수":0,
            "3km이내혐오시설수":0,
            "초등학교학업성취도":89.99,
            "중학교학업성취도":62.9,
            "용적률":291,
            "건폐율":28,
            "Y":35.701301,
            "X":129.327641,
            "rank":93.0,
            "area_info":"23평(77.81), 29평(96.67), 31평(104.88), 31평(105.36)",
            "last_sales":"2021-12-04,7300.0,31평(105.36)",
            "rank_history":[
                [
                    "202202",
                    93
                ],
                [
                    "202201",
                    92
                ]
            ],
            "rank_gap":-1
        },
        {
            "index":138,
            "아파트명":"오성그린타워맨션",
            "투자타입":"일반",
            "전용면적(m2)":"75.79",
            "전용면적(평)":"22평",
            "법정동주소":"경상북도 경주시 안강읍 산대리 1980-1",
            "도로명주소":"경상북도 경주시 화전중앙길 54-7",
            "세대수":0,
            "입주년차":0,
            "용적률점수":"--",
            "건폐율점수":"--",
            "세대당주차수":0,
            "난방방식":30,
            "공급면적":"--",
            "전용률":"--",
            "욕실수":50,
            "현관타입":100,
            "주거총점":18.0,
            "지역구공급총점":0.0,
            "역세권":"NA",
            "30분내 이동가능 거점":"NA",
            "1시간내 이동가능 거점":"NA",
            "교통총점":"NA",
            "백화점":0,
            "아울렛몰":0,
            "대형마트":0,
            "은행":0,
            "병원":0,
            "종합병원":0,
            "공원":80,
            "혐오시설":0,
            "인프라총점":2.4,
            "초등학군":89.99,
            "중학군":50.26,
            "학군총점":58.206,
            "인구수":25.96,
            "인구증감":0.54,
            "인구총점":18.334,
            "일자리":19.87,
            "소득수준":67.99,
            "일자리총점":34.306,
            "가치 총점":21.8115,
            "매매실거래년":20211126.0,
            "매매실거래가":10000.0,
            "전세실거래년":20121110.0,
            "전세실거래가":2000.0,
            "전세가율":32.26,
            "장기전세가율평균":74.02,
            "전세가율거품지수":41.76,
            "검색코드":123143,
            "세대수":164.0,
            "준공년월":"1994-05-06",
            "준공년차":29.0,
            "가까운역이름":"NA",
            "가까운역거리":"NA",
            "역세권여부":"NA",
            "30분이내주요거점역":"NA",
            "30분거점역이름":"NA",
            "1시간이내주요거점역":"NA",
            "1시간거점역이름":"NA",
            "3km이내백화점수":0,
            "5km이내아울렛몰수":0,
            "1km이내대형먀트수":0,
            "500m이내은행수":0,
            "500m이내병원수":0,
            "5km이내대형병원수":0,
            "500m이내공원수":1,
            "3km이내혐오시설수":0,
            "초등학교학업성취도":89.99,
            "중학교학업성취도":83.3,
            "용적률":332,
            "건폐율":25,
            "Y":35.988681,
            "X":129.214278,
            "rank":94.0,
            "area_info":"22평(75.79), 24평(80.81), 31평(103.45), 31평(103.35)",
            "last_sales":"2021-11-26,10000.0,31평(103.45)",
            "rank_history":[
                [
                    "202202",
                    94
                ],
                [
                    "202201",
                    94
                ]
            ],
            "rank_gap":0
        },
        {
            "index":155,
            "아파트명":"한신청실맨션",
            "투자타입":"재건축",
            "전용면적(m2)":"100.45",
            "전용면적(평)":"30평",
            "법정동주소":"경상북도 경주시 안강읍 산대리 2085-8",
            "도로명주소":"경상북도 경주시 화전길 132-4",
            "세대수":0,
            "입주년차":"--",
            "용적률점수":0,
            "건폐율점수":60,
            "세대당주차수":"--",
            "난방방식":"--",
            "공급면적":90,
            "전용률":60,
            "욕실수":"--",
            "현관타입":"--",
            "주거총점":19.5,
            "지역구공급총점":0.0,
            "역세권":"NA",
            "30분내 이동가능 거점":"NA",
            "1시간내 이동가능 거점":"NA",
            "교통총점":"NA",
            "백화점":0,
            "아울렛몰":0,
            "대형마트":0,
            "은행":0,
            "병원":0,
            "종합병원":0,
            "공원":0,
            "혐오시설":0,
            "인프라총점":0.0,
            "초등학군":89.99,
            "중학군":50.26,
            "학군총점":58.206,
            "인구수":25.96,
            "인구증감":0.54,
            "인구총점":18.334,
            "일자리":19.87,
            "소득수준":67.99,
            "일자리총점":34.306,
            "가치 총점":21.3765,
            "매매실거래년":20211205.0,
            "매매실거래가":5900.0,
            "전세실거래년":20131007.0,
            "전세실거래가":4000.0,
            "전세가율":67.8,
            "장기전세가율평균":74.02,
            "전세가율거품지수":6.22,
            "검색코드":100747,
            "세대수":169.0,
            "준공년월":"1992-07-28",
            "준공년차":31.0,
            "가까운역이름":"NA",
            "가까운역거리":"NA",
            "역세권여부":"NA",
            "30분이내주요거점역":"NA",
            "30분거점역이름":"NA",
            "1시간이내주요거점역":"NA",
            "1시간거점역이름":"NA",
            "3km이내백화점수":0,
            "5km이내아울렛몰수":0,
            "1km이내대형먀트수":0,
            "500m이내은행수":0,
            "500m이내병원수":0,
            "5km이내대형병원수":0,
            "500m이내공원수":0,
            "3km이내혐오시설수":0,
            "초등학교학업성취도":89.99,
            "중학교학업성취도":83.3,
            "용적률":275,
            "건폐율":31,
            "Y":35.993699,
            "X":129.207094,
            "rank":95.0,
            "area_info":"30평(100.45)",
            "last_sales":"2021-12-05,5900.0,30평(100.45)",
            "rank_history":[
                [
                    "202202",
                    95
                ],
                [
                    "202201",
                    95
                ]
            ],
            "rank_gap":0
        },
        {
            "index":174,
            "아파트명":"성도대자연타운",
            "투자타입":"일반",
            "전용면적(m2)":"80.85",
            "전용면적(평)":"24평",
            "법정동주소":"경상북도 경주시 외동읍 모화리 210",
            "도로명주소":"경상북도 경주시 산업로 1768-16",
            "세대수":50,
            "입주년차":0,
            "용적률점수":"--",
            "건폐율점수":"--",
            "세대당주차수":0,
            "난방방식":30,
            "공급면적":"--",
            "전용률":"--",
            "욕실수":50,
            "현관타입":10,
            "주거총점":26.5,
            "지역구공급총점":0.0,
            "역세권":"NA",
            "30분내 이동가능 거점":"NA",
            "1시간내 이동가능 거점":"NA",
            "교통총점":"NA",
            "백화점":0,
            "아울렛몰":0,
            "대형마트":0,
            "은행":0,
            "병원":0,
            "종합병원":0,
            "공원":0,
            "혐오시설":0,
            "인프라총점":0.0,
            "초등학군":90.06,
            "중학군":37.74,
            "학군총점":48.204,
            "인구수":25.96,
            "인구증감":0.54,
            "인구총점":18.334,
            "일자리":19.87,
            "소득수준":67.99,
            "일자리총점":34.306,
            "가치 총점":21.326,
            "매매실거래년":20211227.0,
            "매매실거래가":7500.0,
            "전세실거래년":20210804.0,
            "전세실거래가":5000.0,
            "전세가율":135.14,
            "장기전세가율평균":74.02,
            "전세가율거품지수":-61.12,
            "검색코드":4130,
            "세대수":438.0,
            "준공년월":"1995-07-15",
            "준공년차":28.0,
            "가까운역이름":"NA",
            "가까운역거리":"NA",
            "역세권여부":"NA",
            "30분이내주요거점역":"NA",
            "30분거점역이름":"NA",
            "1시간이내주요거점역":"NA",
            "1시간거점역이름":"NA",
            "3km이내백화점수":0,
            "5km이내아울렛몰수":0,
            "1km이내대형먀트수":0,
            "500m이내은행수":0,
            "500m이내병원수":0,
            "5km이내대형병원수":0,
            "500m이내공원수":0,
            "3km이내혐오시설수":0,
            "초등학교학업성취도":90.06,
            "중학교학업성취도":62.9,
            "용적률":279,
            "건폐율":26,
            "Y":35.672686,
            "X":129.337307,
            "rank":96.0,
            "area_info":"24평(80.85), 27평(91.49), 31평(103.54)",
            "last_sales":"2021-12-27,7500.0,31평(103.54)",
            "rank_history":[
                [
                    "202202",
                    96
                ],
                [
                    "202201",
                    93
                ]
            ],
            "rank_gap":-3
        },
        {
            "index":0,
            "아파트명":"벽산반도",
            "투자타입":"일반",
            "전용면적(m2)":"86.07",
            "전용면적(평)":"26평",
            "법정동주소":"경상북도 경주시 강동면 유금리 1020-2",
            "도로명주소":"경상북도 경주시 강동로 66-10",
            "세대수":30,
            "입주년차":0,
            "용적률점수":"--",
            "건폐율점수":"--",
            "세대당주차수":0,
            "난방방식":30,
            "공급면적":"--",
            "전용률":"--",
            "욕실수":50,
            "현관타입":10,
            "주거총점":19.5,
            "지역구공급총점":0.0,
            "역세권":"NA",
            "30분내 이동가능 거점":"NA",
            "1시간내 이동가능 거점":"NA",
            "교통총점":"NA",
            "백화점":0,
            "아울렛몰":0,
            "대형마트":0,
            "은행":0,
            "병원":0,
            "종합병원":0,
            "공원":0,
            "혐오시설":0,
            "인프라총점":0.0,
            "초등학군":89.96,
            "중학군":48.42,
            "학군총점":56.728,
            "인구수":25.96,
            "인구증감":0.54,
            "인구총점":18.334,
            "일자리":19.87,
            "소득수준":67.99,
            "일자리총점":34.306,
            "가치 총점":21.007,
            "매매실거래년":20211220.0,
            "매매실거래가":4900.0,
            "전세실거래년":20200520.0,
            "전세실거래가":3000.0,
            "전세가율":61.22,
            "장기전세가율평균":74.02,
            "전세가율거품지수":12.8,
            "검색코드":4091,
            "세대수":361.0,
            "준공년월":"1996-11-01",
            "준공년차":27.0,
            "가까운역이름":"NA",
            "가까운역거리":"NA",
            "역세권여부":"NA",
            "30분이내주요거점역":"NA",
            "30분거점역이름":"NA",
            "1시간이내주요거점역":"NA",
            "1시간거점역이름":"NA",
            "3km이내백화점수":0,
            "5km이내아울렛몰수":0,
            "1km이내대형먀트수":0,
            "500m이내은행수":0,
            "500m이내병원수":1,
            "5km이내대형병원수":0,
            "500m이내공원수":0,
            "3km이내혐오시설수":0,
            "초등학교학업성취도":89.96,
            "중학교학업성취도":78.5,
            "용적률":295,
            "건폐율":25,
            "Y":35.990926,
            "X":129.276463,
            "rank":97.0,
            "area_info":"26평(86.07), 28평(93.55), 32평(106.27)",
            "last_sales":"2021-12-20,4900.0,26평(86.07)",
            "rank_history":[
                [
                    "202202",
                    97
                ],
                [
                    "202201",
                    97
                ]
            ],
            "rank_gap":0
        },
        {
            "index":123,
            "아파트명":"삼홍",
            "투자타입":"일반",
            "전용면적(m2)":"77.51",
            "전용면적(평)":"23평",
            "법정동주소":"경상북도 경주시 안강읍 산대리 2014",
            "도로명주소":"경상북도 경주시 화전남3길 14-10",
            "세대수":0,
            "입주년차":0,
            "용적률점수":"--",
            "건폐율점수":"--",
            "세대당주차수":0,
            "난방방식":30,
            "공급면적":"--",
            "전용률":"--",
            "욕실수":100,
            "현관타입":50,
            "주거총점":18.0,
            "지역구공급총점":0.0,
            "역세권":"NA",
            "30분내 이동가능 거점":"NA",
            "1시간내 이동가능 거점":"NA",
            "교통총점":"NA",
            "백화점":0,
            "아울렛몰":0,
            "대형마트":0,
            "은행":0,
            "병원":0,
            "종합병원":0,
            "공원":0,
            "혐오시설":0,
            "인프라총점":0.0,
            "초등학군":89.99,
            "중학군":50.26,
            "학군총점":58.206,
            "인구수":25.96,
            "인구증감":0.54,
            "인구총점":18.334,
            "일자리":19.87,
            "소득수준":67.99,
            "일자리총점":34.306,
            "가치 총점":20.8515,
            "매매실거래년":20220113.0,
            "매매실거래가":3750.0,
            "전세실거래년":null,
            "전세실거래가":null,
            "전세가율":null,
            "장기전세가율평균":74.02,
            "전세가율거품지수":null,
            "검색코드":106445,
            "세대수":140.0,
            "준공년월":"1997-04-18",
            "준공년차":26.0,
            "가까운역이름":"NA",
            "가까운역거리":"NA",
            "역세권여부":"NA",
            "30분이내주요거점역":"NA",
            "30분거점역이름":"NA",
            "1시간이내주요거점역":"NA",
            "1시간거점역이름":"NA",
            "3km이내백화점수":0,
            "5km이내아울렛몰수":0,
            "1km이내대형먀트수":0,
            "500m이내은행수":0,
            "500m이내병원수":0,
            "5km이내대형병원수":0,
            "500m이내공원수":0,
            "3km이내혐오시설수":0,
            "초등학교학업성취도":89.99,
            "중학교학업성취도":83.3,
            "용적률":154,
            "건폐율":29,
            "Y":35.990478,
            "X":129.211049,
            "rank":98.0,
            "area_info":"23평(77.51), 23평(79.04), 25평(84.14)",
            "last_sales":"2022-01-13,3750.0,23평(77.51)",
            "rank_history":[
                [
                    "202202",
                    98
                ],
                [
                    "202201",
                    96
                ]
            ],
            "rank_gap":-2
        },
        {
            "index":5,
            "아파트명":"전원홈그린",
            "투자타입":"일반",
            "전용면적(m2)":"46.46",
            "전용면적(평)":"14평",
            "법정동주소":"경상북도 경주시 건천읍 천포리 1109",
            "도로명주소":"경상북도 경주시 단석로 1830-6",
            "세대수":0,
            "입주년차":20,
            "용적률점수":"--",
            "건폐율점수":"--",
            "세대당주차수":0,
            "난방방식":30,
            "공급면적":"--",
            "전용률":"--",
            "욕실수":50,
            "현관타입":10,
            "주거총점":13.0,
            "지역구공급총점":0.0,
            "역세권":"NA",
            "30분내 이동가능 거점":"NA",
            "1시간내 이동가능 거점":"NA",
            "교통총점":"NA",
            "백화점":0,
            "아울렛몰":0,
            "대형마트":0,
            "은행":0,
            "병원":0,
            "종합병원":0,
            "공원":0,
            "혐오시설":0,
            "인프라총점":0.0,
            "초등학군":90.04,
            "중학군":22.62,
            "학군총점":36.104,
            "인구수":25.96,
            "인구증감":0.54,
            "인구총점":18.334,
            "일자리":19.87,
            "소득수준":67.99,
            "일자리총점":34.306,
            "가치 총점":13.576,
            "매매실거래년":20211025.0,
            "매매실거래가":3400.0,
            "전세실거래년":20210908.0,
            "전세실거래가":982.0,
            "전세가율":28.88,
            "장기전세가율평균":74.02,
            "전세가율거품지수":45.14,
            "검색코드":112854,
            "세대수":135.0,
            "준공년월":"2000-01-14",
            "준공년차":23.0,
            "가까운역이름":"NA",
            "가까운역거리":"NA",
            "역세권여부":"NA",
            "30분이내주요거점역":"NA",
            "30분거점역이름":"NA",
            "1시간이내주요거점역":"NA",
            "1시간거점역이름":"NA",
            "3km이내백화점수":0,
            "5km이내아울렛몰수":0,
            "1km이내대형먀트수":0,
            "500m이내은행수":0,
            "500m이내병원수":0,
            "5km이내대형병원수":0,
            "500m이내공원수":0,
            "3km이내혐오시설수":0,
            "초등학교학업성취도":90.04,
            "중학교학업성취도":37.7,
            "용적률":96,
            "건폐율":24,
            "Y":35.839608,
            "X":129.086374,
            "rank":99.0,
            "area_info":"14평(46.46)",
            "last_sales":"2021-10-25,3400.0,14평(46.46)",
            "rank_history":[
                [
                    "202202",
                    99
                ],
                [
                    "202201",
                    100
                ]
            ],
            "rank_gap":1
        }
    ]
}