{
    "schema":{
        "fields":[
            {
                "name":"index",
                "type":"integer"
            },
            {
                "name":"아파트명",
                "type":"string"
            },
            {
                "name":"투자타입",
                "type":"string"
            },
            {
                "name":"전용면적(m2)",
                "type":"string"
            },
            {
                "name":"전용면적(평)",
                "type":"string"
            },
            {
                "name":"법정동주소",
                "type":"string"
            },
            {
                "name":"도로명주소",
                "type":"string"
            },
            {
                "name":"세대수",
                "type":"integer"
            },
            {
                "name":"입주년차",
                "type":"string"
            },
            {
                "name":"용적률점수",
                "type":"string"
            },
            {
                "name":"건폐율점수",
                "type":"string"
            },
            {
                "name":"세대당주차수",
                "type":"string"
            },
            {
                "name":"난방방식",
                "type":"string"
            },
            {
                "name":"공급면적",
                "type":"string"
            },
            {
                "name":"전용률",
                "type":"string"
            },
            {
                "name":"욕실수",
                "type":"string"
            },
            {
                "name":"현관타입",
                "type":"string"
            },
            {
                "name":"주거총점",
                "type":"number"
            },
            {
                "name":"지역구공급총점",
                "type":"number"
            },
            {
                "name":"역세권",
                "type":"string"
            },
            {
                "name":"30분내 이동가능 거점",
                "type":"string"
            },
            {
                "name":"1시간내 이동가능 거점",
                "type":"string"
            },
            {
                "name":"교통총점",
                "type":"string"
            },
            {
                "name":"백화점",
                "type":"integer"
            },
            {
                "name":"아울렛몰",
                "type":"integer"
            },
            {
                "name":"대형마트",
                "type":"integer"
            },
            {
                "name":"은행",
                "type":"integer"
            },
            {
                "name":"병원",
                "type":"integer"
            },
            {
                "name":"종합병원",
                "type":"integer"
            },
            {
                "name":"공원",
                "type":"integer"
            },
            {
                "name":"혐오시설",
                "type":"integer"
            },
            {
                "name":"인프라총점",
                "type":"number"
            },
            {
                "name":"초등학군",
                "type":"number"
            },
            {
                "name":"중학군",
                "type":"number"
            },
            {
                "name":"학군총점",
                "type":"number"
            },
            {
                "name":"인구수",
                "type":"number"
            },
            {
                "name":"인구증감",
                "type":"number"
            },
            {
                "name":"인구총점",
                "type":"number"
            },
            {
                "name":"일자리",
                "type":"number"
            },
            {
                "name":"소득수준",
                "type":"number"
            },
            {
                "name":"일자리총점",
                "type":"number"
            },
            {
                "name":"가치 총점",
                "type":"number"
            },
            {
                "name":"매매실거래년",
                "type":"string"
            },
            {
                "name":"매매실거래가",
                "type":"number"
            },
            {
                "name":"전세실거래년",
                "type":"number"
            },
            {
                "name":"전세실거래가",
                "type":"number"
            },
            {
                "name":"전세가율",
                "type":"number"
            },
            {
                "name":"장기전세가율평균",
                "type":"number"
            },
            {
                "name":"전세가율거품지수",
                "type":"number"
            },
            {
                "name":"검색코드",
                "type":"integer"
            },
            {
                "name":"세대수",
                "type":"number"
            },
            {
                "name":"준공년월",
                "type":"string"
            },
            {
                "name":"준공년차",
                "type":"number"
            },
            {
                "name":"가까운역이름",
                "type":"string"
            },
            {
                "name":"가까운역거리",
                "type":"string"
            },
            {
                "name":"역세권여부",
                "type":"string"
            },
            {
                "name":"30분이내주요거점역",
                "type":"string"
            },
            {
                "name":"30분거점역이름",
                "type":"string"
            },
            {
                "name":"1시간이내주요거점역",
                "type":"string"
            },
            {
                "name":"1시간거점역이름",
                "type":"string"
            },
            {
                "name":"3km이내백화점수",
                "type":"integer"
            },
            {
                "name":"5km이내아울렛몰수",
                "type":"integer"
            },
            {
                "name":"1km이내대형먀트수",
                "type":"integer"
            },
            {
                "name":"500m이내은행수",
                "type":"integer"
            },
            {
                "name":"500m이내병원수",
                "type":"integer"
            },
            {
                "name":"5km이내대형병원수",
                "type":"integer"
            },
            {
                "name":"500m이내공원수",
                "type":"integer"
            },
            {
                "name":"3km이내혐오시설수",
                "type":"integer"
            },
            {
                "name":"초등학교학업성취도",
                "type":"number"
            },
            {
                "name":"중학교학업성취도",
                "type":"number"
            },
            {
                "name":"용적률",
                "type":"integer"
            },
            {
                "name":"건폐율",
                "type":"integer"
            },
            {
                "name":"Y",
                "type":"number"
            },
            {
                "name":"X",
                "type":"number"
            },
            {
                "name":"rank",
                "type":"number"
            },
            {
                "name":"area_info",
                "type":"string"
            },
            {
                "name":"last_sales",
                "type":"string"
            },
            {
                "name":"rank_history",
                "type":"string"
            },
            {
                "name":"rank_gap",
                "type":"integer"
            }
        ],
        "primaryKey":[
            "index"
        ],
        "pandas_version":"1.4.0"
    },
    "data":[
        {
            "index":119,
            "아파트명":"안동옥동호반베르디움",
            "투자타입":"일반",
            "전용면적(m2)":"111.15",
            "전용면적(평)":"33평",
            "법정동주소":"경상북도 안동시 옥동 920-4",
            "도로명주소":"경상북도 안동시 옥서1길 70",
            "세대수":50,
            "입주년차":80,
            "용적률점수":"--",
            "건폐율점수":"--",
            "세대당주차수":60,
            "난방방식":30,
            "공급면적":"--",
            "전용률":"--",
            "욕실수":100,
            "현관타입":100,
            "주거총점":65.5,
            "지역구공급총점":0.0,
            "역세권":"NA",
            "30분내 이동가능 거점":"NA",
            "1시간내 이동가능 거점":"NA",
            "교통총점":"NA",
            "백화점":0,
            "아울렛몰":0,
            "대형마트":100,
            "은행":0,
            "병원":10,
            "종합병원":100,
            "공원":100,
            "혐오시설":0,
            "인프라총점":39.0,
            "초등학군":89.99,
            "중학군":44.68,
            "학군총점":53.742,
            "인구수":15.75,
            "인구증감":-2.95,
            "인구총점":10.14,
            "일자리":10.68,
            "소득수준":68.35,
            "일자리총점":27.981,
            "가치 총점":51.9605,
            "매매실거래년":20220122.0,
            "매매실거래가":37000.0,
            "전세실거래년":20200626.0,
            "전세실거래가":22500.0,
            "전세가율":60.81,
            "장기전세가율평균":76.09,
            "전세가율거품지수":15.28,
            "검색코드":106195,
            "세대수":575.0,
            "준공년월":"2014-10-07",
            "준공년차":9.0,
            "가까운역이름":"NA",
            "가까운역거리":"NA",
            "역세권여부":"NA",
            "30분이내주요거점역":"NA",
            "30분거점역이름":"NA",
            "1시간이내주요거점역":"NA",
            "1시간거점역이름":"NA",
            "3km이내백화점수":0,
            "5km이내아울렛몰수":0,
            "1km이내대형먀트수":2,
            "500m이내은행수":0,
            "500m이내병원수":2,
            "5km이내대형병원수":3,
            "500m이내공원수":7,
            "3km이내혐오시설수":0,
            "초등학교학업성취도":89.99,
            "중학교학업성취도":73.8,
            "용적률":179,
            "건폐율":19,
            "Y":36.562582,
            "X":128.693377,
            "rank":1.0,
            "area_info":"33평(111.15), 33평(111.72), 33평(111.37)",
            "last_sales":"2022-01-22,37000.0,33평(111.15)",
            "rank_history":[
                [
                    "202202",
                    1
                ],
                [
                    "202201",
                    2
                ]
            ],
            "rank_gap":1
        },
        {
            "index":44,
            "아파트명":"안동극동스타클래스",
            "투자타입":"일반",
            "전용면적(m2)":"96.99",
            "전용면적(평)":"29평",
            "법정동주소":"경상북도 안동시 송현동 1153",
            "도로명주소":"경상북도 안동시 송하1길 99",
            "세대수":50,
            "입주년차":60,
            "용적률점수":"--",
            "건폐율점수":"--",
            "세대당주차수":30,
            "난방방식":30,
            "공급면적":"--",
            "전용률":"--",
            "욕실수":100,
            "현관타입":100,
            "주거총점":57.0,
            "지역구공급총점":0.0,
            "역세권":"NA",
            "30분내 이동가능 거점":"NA",
            "1시간내 이동가능 거점":"NA",
            "교통총점":"NA",
            "백화점":0,
            "아울렛몰":0,
            "대형마트":100,
            "은행":0,
            "병원":60,
            "종합병원":100,
            "공원":100,
            "혐오시설":0,
            "인프라총점":44.0,
            "초등학군":89.99,
            "중학군":49.32,
            "학군총점":57.454,
            "인구수":15.75,
            "인구증감":-2.95,
            "인구총점":10.14,
            "일자리":10.68,
            "소득수준":68.35,
            "일자리총점":27.981,
            "가치 총점":51.9135,
            "매매실거래년":20211228.0,
            "매매실거래가":33800.0,
            "전세실거래년":20211104.0,
            "전세실거래가":23000.0,
            "전세가율":82.44,
            "장기전세가율평균":76.09,
            "전세가율거품지수":-6.35,
            "검색코드":103732,
            "세대수":414.0,
            "준공년월":"2013-12-24",
            "준공년차":10.0,
            "가까운역이름":"NA",
            "가까운역거리":"NA",
            "역세권여부":"NA",
            "30분이내주요거점역":"NA",
            "30분거점역이름":"NA",
            "1시간이내주요거점역":"NA",
            "1시간거점역이름":"NA",
            "3km이내백화점수":0,
            "5km이내아울렛몰수":0,
            "1km이내대형먀트수":2,
            "500m이내은행수":0,
            "500m이내병원수":17,
            "5km이내대형병원수":3,
            "500m이내공원수":4,
            "3km이내혐오시설수":0,
            "초등학교학업성취도":89.99,
            "중학교학업성취도":81.2,
            "용적률":185,
            "건폐율":18,
            "Y":36.568947,
            "X":128.694476,
            "rank":2.0,
            "area_info":"29평(96.99), 35평(117.11), 35평(117.3), 43평(144.84)",
            "last_sales":"2021-12-28,33800.0,35평(117.11)",
            "rank_history":[
                [
                    "202202",
                    2
                ],
                [
                    "202201",
                    7
                ]
            ],
            "rank_gap":5
        },
        {
            "index":132,
            "아파트명":"옥동효성해링턴플레이스",
            "투자타입":"일반",
            "전용면적(m2)":"112.18",
            "전용면적(평)":"33평",
            "법정동주소":"경상북도 안동시 옥동 1443",
            "도로명주소":"경상북도 안동시 경북대로 438",
            "세대수":30,
            "입주년차":80,
            "용적률점수":"--",
            "건폐율점수":"--",
            "세대당주차수":60,
            "난방방식":30,
            "공급면적":"--",
            "전용률":"--",
            "욕실수":100,
            "현관타입":100,
            "주거총점":58.5,
            "지역구공급총점":0.0,
            "역세권":"NA",
            "30분내 이동가능 거점":"NA",
            "1시간내 이동가능 거점":"NA",
            "교통총점":"NA",
            "백화점":0,
            "아울렛몰":0,
            "대형마트":100,
            "은행":0,
            "병원":60,
            "종합병원":100,
            "공원":100,
            "혐오시설":0,
            "인프라총점":44.0,
            "초등학군":90.01,
            "중학군":44.68,
            "학군총점":53.746,
            "인구수":15.75,
            "인구증감":-2.95,
            "인구총점":10.14,
            "일자리":10.68,
            "소득수준":68.35,
            "일자리총점":27.981,
            "가치 총점":51.5115,
            "매매실거래년":20211106.0,
            "매매실거래가":40500.0,
            "전세실거래년":20180810.0,
            "전세실거래가":21000.0,
            "전세가율":61.76,
            "장기전세가율평균":76.09,
            "전세가율거품지수":14.33,
            "검색코드":106559,
            "세대수":395.0,
            "준공년월":"2015-02-26",
            "준공년차":8.0,
            "가까운역이름":"NA",
            "가까운역거리":"NA",
            "역세권여부":"NA",
            "30분이내주요거점역":"NA",
            "30분거점역이름":"NA",
            "1시간이내주요거점역":"NA",
            "1시간거점역이름":"NA",
            "3km이내백화점수":0,
            "5km이내아울렛몰수":0,
            "1km이내대형먀트수":2,
            "500m이내은행수":1,
            "500m이내병원수":26,
            "5km이내대형병원수":3,
            "500m이내공원수":5,
            "3km이내혐오시설수":0,
            "초등학교학업성취도":90.01,
            "중학교학업성취도":73.8,
            "용적률":217,
            "건폐율":20,
            "Y":36.567075,
            "X":128.699677,
            "rank":3.0,
            "area_info":"33평(112.18), 34평(112.61), 34평(113.16)",
            "last_sales":"2021-11-06,40500.0,34평(113.16)",
            "rank_history":[
                [
                    "202202",
                    3
                ],
                [
                    "202201",
                    1
                ]
            ],
            "rank_gap":-2
        },
        {
            "index":8,
            "아파트명":"안동센트럴자이",
            "투자타입":"일반",
            "전용면적(m2)":"87.78",
            "전용면적(평)":"26평",
            "법정동주소":"경상북도 안동시 당북동 446",
            "도로명주소":"경상북도 안동시 배움길 77",
            "세대수":90,
            "입주년차":80,
            "용적률점수":"--",
            "건폐율점수":"--",
            "세대당주차수":60,
            "난방방식":30,
            "공급면적":"--",
            "전용률":"--",
            "욕실수":100,
            "현관타입":100,
            "주거총점":79.5,
            "지역구공급총점":0.0,
            "역세권":"NA",
            "30분내 이동가능 거점":"NA",
            "1시간내 이동가능 거점":"NA",
            "교통총점":"NA",
            "백화점":0,
            "아울렛몰":0,
            "대형마트":0,
            "은행":0,
            "병원":30,
            "종합병원":100,
            "공원":0,
            "혐오시설":0,
            "인프라총점":23.0,
            "초등학군":90.0,
            "중학군":47.96,
            "학군총점":56.368,
            "인구수":15.75,
            "인구증감":-2.95,
            "인구총점":10.14,
            "일자리":10.68,
            "소득수준":68.35,
            "일자리총점":27.981,
            "가치 총점":51.117,
            "매매실거래년":20220116.0,
            "매매실거래가":42500.0,
            "전세실거래년":20200608.0,
            "전세실거래가":18000.0,
            "전세가율":57.14,
            "장기전세가율평균":76.09,
            "전세가율거품지수":18.95,
            "검색코드":106153,
            "세대수":952.0,
            "준공년월":"2015-03-25",
            "준공년차":8.0,
            "가까운역이름":"NA",
            "가까운역거리":"NA",
            "역세권여부":"NA",
            "30분이내주요거점역":"NA",
            "30분거점역이름":"NA",
            "1시간이내주요거점역":"NA",
            "1시간거점역이름":"NA",
            "3km이내백화점수":0,
            "5km이내아울렛몰수":0,
            "1km이내대형먀트수":0,
            "500m이내은행수":0,
            "500m이내병원수":5,
            "5km이내대형병원수":3,
            "500m이내공원수":0,
            "3km이내혐오시설수":0,
            "초등학교학업성취도":90.0,
            "중학교학업성취도":79.6,
            "용적률":209,
            "건폐율":17,
            "Y":36.560229,
            "X":128.718366,
            "rank":4.0,
            "area_info":"26평(87.78), 26평(89.13), 33평(111.53), 33평(111.94), 40평(133.31), 40평(134.81), 48평(161.56)",
            "last_sales":"2022-01-16,42500.0,33평(111.94)",
            "rank_history":[
                [
                    "202202",
                    4
                ],
                [
                    "202201",
                    3
                ]
            ],
            "rank_gap":-1
        },
        {
            "index":48,
            "아파트명":"안동송현양우내안애",
            "투자타입":"일반",
            "전용면적(m2)":"99.48",
            "전용면적(평)":"30평",
            "법정동주소":"경상북도 안동시 송현동 1157",
            "도로명주소":"경상북도 안동시 경동로 191",
            "세대수":30,
            "입주년차":100,
            "용적률점수":"--",
            "건폐율점수":"--",
            "세대당주차수":60,
            "난방방식":30,
            "공급면적":"--",
            "전용률":"--",
            "욕실수":100,
            "현관타입":100,
            "주거총점":62.5,
            "지역구공급총점":0.0,
            "역세권":"NA",
            "30분내 이동가능 거점":"NA",
            "1시간내 이동가능 거점":"NA",
            "교통총점":"NA",
            "백화점":0,
            "아울렛몰":0,
            "대형마트":80,
            "은행":0,
            "병원":0,
            "종합병원":100,
            "공원":0,
            "혐오시설":0,
            "인프라총점":32.0,
            "초등학군":89.99,
            "중학군":49.32,
            "학군총점":57.454,
            "인구수":15.75,
            "인구증감":-2.95,
            "인구총점":10.14,
            "일자리":10.68,
            "소득수준":68.35,
            "일자리총점":27.981,
            "가치 총점":49.0385,
            "매매실거래년":"18000101",
            "매매실거래가":null,
            "전세실거래년":20210824.0,
            "전세실거래가":25000.0,
            "전세가율":null,
            "장기전세가율평균":76.09,
            "전세가율거품지수":null,
            "검색코드":120075,
            "세대수":305.0,
            "준공년월":"2020-10-29",
            "준공년차":3.0,
            "가까운역이름":"NA",
            "가까운역거리":"NA",
            "역세권여부":"NA",
            "30분이내주요거점역":"NA",
            "30분거점역이름":"NA",
            "1시간이내주요거점역":"NA",
            "1시간거점역이름":"NA",
            "3km이내백화점수":0,
            "5km이내아울렛몰수":0,
            "1km이내대형먀트수":1,
            "500m이내은행수":0,
            "500m이내병원수":0,
            "5km이내대형병원수":3,
            "500m이내공원수":0,
            "3km이내혐오시설수":0,
            "초등학교학업성취도":89.99,
            "중학교학업성취도":81.2,
            "용적률":219,
            "건폐율":20,
            "Y":36.575189,
            "X":128.681605,
            "rank":5.0,
            "area_info":"30평(99.48), 31평(104.8), 34평(115.41), 34평(115.41), 47평(157.62), 58평(192.16)",
            "last_sales":"1800-01-01,nan,30평(99.48)",
            "rank_history":[
                [
                    "202202",
                    5
                ],
                [
                    "202201",
                    12
                ]
            ],
            "rank_gap":7
        },
        {
            "index":54,
            "아파트명":"안동송현이안",
            "투자타입":"일반",
            "전용면적(m2)":"111.57",
            "전용면적(평)":"33평",
            "법정동주소":"경상북도 안동시 송현동 1135",
            "도로명주소":"경상북도 안동시 송현길 23",
            "세대수":50,
            "입주년차":60,
            "용적률점수":"--",
            "건폐율점수":"--",
            "세대당주차수":60,
            "난방방식":30,
            "공급면적":"--",
            "전용률":"--",
            "욕실수":100,
            "현관타입":100,
            "주거총점":61.5,
            "지역구공급총점":0.0,
            "역세권":"NA",
            "30분내 이동가능 거점":"NA",
            "1시간내 이동가능 거점":"NA",
            "교통총점":"NA",
            "백화점":0,
            "아울렛몰":0,
            "대형마트":80,
            "은행":0,
            "병원":0,
            "종합병원":100,
            "공원":0,
            "혐오시설":0,
            "인프라총점":32.0,
            "초등학군":89.99,
            "중학군":49.32,
            "학군총점":57.454,
            "인구수":15.75,
            "인구증감":-2.95,
            "인구총점":10.14,
            "일자리":10.68,
            "소득수준":68.35,
            "일자리총점":27.981,
            "가치 총점":48.6885,
            "매매실거래년":20220120.0,
            "매매실거래가":37500.0,
            "전세실거래년":20190529.0,
            "전세실거래가":15000.0,
            "전세가율":57.69,
            "장기전세가율평균":76.09,
            "전세가율거품지수":18.4,
            "검색코드":104939,
            "세대수":635.0,
            "준공년월":"2009-07-31",
            "준공년차":14.0,
            "가까운역이름":"NA",
            "가까운역거리":"NA",
            "역세권여부":"NA",
            "30분이내주요거점역":"NA",
            "30분거점역이름":"NA",
            "1시간이내주요거점역":"NA",
            "1시간거점역이름":"NA",
            "3km이내백화점수":0,
            "5km이내아울렛몰수":0,
            "1km이내대형먀트수":1,
            "500m이내은행수":0,
            "500m이내병원수":0,
            "5km이내대형병원수":3,
            "500m이내공원수":0,
            "3km이내혐오시설수":0,
            "초등학교학업성취도":89.99,
            "중학교학업성취도":81.2,
            "용적률":238,
            "건폐율":24,
            "Y":36.574963,
            "X":128.685759,
            "rank":6.0,
            "area_info":"33평(111.57), 33평(112.23), 39평(131.04), 47평(158.03), 57평(191.55)",
            "last_sales":"2022-01-20,37500.0,39평(131.04)",
            "rank_history":[
                [
                    "202202",
                    6
                ],
                [
                    "202201",
                    14
                ]
            ],
            "rank_gap":8
        },
        {
            "index":207,
            "아파트명":"현진에버빌3차",
            "투자타입":"일반",
            "전용면적(m2)":"101.54",
            "전용면적(평)":"30평",
            "법정동주소":"경상북도 안동시 정하동 299-1",
            "도로명주소":"경상북도 안동시 강남1길 98-23",
            "세대수":50,
            "입주년차":40,
            "용적률점수":"--",
            "건폐율점수":"--",
            "세대당주차수":30,
            "난방방식":30,
            "공급면적":"--",
            "전용률":"--",
            "욕실수":100,
            "현관타입":100,
            "주거총점":53.0,
            "지역구공급총점":0.0,
            "역세권":"NA",
            "30분내 이동가능 거점":"NA",
            "1시간내 이동가능 거점":"NA",
            "교통총점":"NA",
            "백화점":0,
            "아울렛몰":0,
            "대형마트":80,
            "은행":0,
            "병원":30,
            "종합병원":100,
            "공원":100,
            "혐오시설":0,
            "인프라총점":38.0,
            "초등학군":90.0,
            "중학군":47.96,
            "학군총점":56.368,
            "인구수":15.75,
            "인구증감":-2.95,
            "인구총점":10.14,
            "일자리":10.68,
            "소득수준":68.35,
            "일자리총점":27.981,
            "가치 총점":47.842,
            "매매실거래년":20220108.0,
            "매매실거래가":30000.0,
            "전세실거래년":20211119.0,
            "전세실거래가":21500.0,
            "전세가율":100.0,
            "장기전세가율평균":76.09,
            "전세가율거품지수":-23.91,
            "검색코드":23640,
            "세대수":490.0,
            "준공년월":"2004-04-26",
            "준공년차":19.0,
            "가까운역이름":"NA",
            "가까운역거리":"NA",
            "역세권여부":"NA",
            "30분이내주요거점역":"NA",
            "30분거점역이름":"NA",
            "1시간이내주요거점역":"NA",
            "1시간거점역이름":"NA",
            "3km이내백화점수":0,
            "5km이내아울렛몰수":0,
            "1km이내대형먀트수":1,
            "500m이내은행수":0,
            "500m이내병원수":5,
            "5km이내대형병원수":3,
            "500m이내공원수":3,
            "3km이내혐오시설수":0,
            "초등학교학업성취도":90.0,
            "중학교학업성취도":79.6,
            "용적률":220,
            "건폐율":23,
            "Y":36.548448,
            "X":128.731476,
            "rank":7.0,
            "area_info":"30평(101.54), 36평(119.97)",
            "last_sales":"2022-01-08,30000.0,36평(119.97)",
            "rank_history":[
                [
                    "202202",
                    7
                ],
                [
                    "202201",
                    4
                ]
            ],
            "rank_gap":-3
        },
        {
            "index":209,
            "아파트명":"화성드림파크",
            "투자타입":"일반",
            "전용면적(m2)":"77.47",
            "전용면적(평)":"23평",
            "법정동주소":"경상북도 안동시 정하동 300-1",
            "도로명주소":"경상북도 안동시 강남1길 108",
            "세대수":50,
            "입주년차":40,
            "용적률점수":"--",
            "건폐율점수":"--",
            "세대당주차수":30,
            "난방방식":30,
            "공급면적":"--",
            "전용률":"--",
            "욕실수":100,
            "현관타입":100,
            "주거총점":53.0,
            "지역구공급총점":0.0,
            "역세권":"NA",
            "30분내 이동가능 거점":"NA",
            "1시간내 이동가능 거점":"NA",
            "교통총점":"NA",
            "백화점":0,
            "아울렛몰":0,
            "대형마트":80,
            "은행":0,
            "병원":30,
            "종합병원":100,
            "공원":100,
            "혐오시설":0,
            "인프라총점":38.0,
            "초등학군":90.0,
            "중학군":47.96,
            "학군총점":56.368,
            "인구수":15.75,
            "인구증감":-2.95,
            "인구총점":10.14,
            "일자리":10.68,
            "소득수준":68.35,
            "일자리총점":27.981,
            "가치 총점":47.842,
            "매매실거래년":20220119.0,
            "매매실거래가":22900.0,
            "전세실거래년":20210224.0,
            "전세실거래가":10000.0,
            "전세가율":71.43,
            "장기전세가율평균":76.09,
            "전세가율거품지수":4.66,
            "검색코드":23635,
            "세대수":599.0,
            "준공년월":"2004-06-17",
            "준공년차":19.0,
            "가까운역이름":"NA",
            "가까운역거리":"NA",
            "역세권여부":"NA",
            "30분이내주요거점역":"NA",
            "30분거점역이름":"NA",
            "1시간이내주요거점역":"NA",
            "1시간거점역이름":"NA",
            "3km이내백화점수":0,
            "5km이내아울렛몰수":0,
            "1km이내대형먀트수":1,
            "500m이내은행수":0,
            "500m이내병원수":5,
            "5km이내대형병원수":3,
            "500m이내공원수":3,
            "3km이내혐오시설수":0,
            "초등학교학업성취도":90.0,
            "중학교학업성취도":79.6,
            "용적률":204,
            "건폐율":18,
            "Y":36.548493,
            "X":128.732996,
            "rank":7.0,
            "area_info":"23평(77.47), 29평(96.38), 33평(111.1)",
            "last_sales":"2022-01-19,22900.0,33평(111.1)",
            "rank_history":[
                [
                    "202202",
                    7
                ],
                [
                    "202201",
                    4
                ]
            ],
            "rank_gap":-3
        },
        {
            "index":18,
            "아파트명":"안동강변펠리시아",
            "투자타입":"일반",
            "전용면적(m2)":"109.27",
            "전용면적(평)":"33평",
            "법정동주소":"경상북도 안동시 법흥동 277",
            "도로명주소":"경상북도 안동시 육사로 333",
            "세대수":30,
            "입주년차":80,
            "용적률점수":"--",
            "건폐율점수":"--",
            "세대당주차수":60,
            "난방방식":30,
            "공급면적":"--",
            "전용률":"--",
            "욕실수":100,
            "현관타입":100,
            "주거총점":58.5,
            "지역구공급총점":0.0,
            "역세권":"NA",
            "30분내 이동가능 거점":"NA",
            "1시간내 이동가능 거점":"NA",
            "교통총점":"NA",
            "백화점":0,
            "아울렛몰":0,
            "대형마트":80,
            "은행":0,
            "병원":0,
            "종합병원":100,
            "공원":0,
            "혐오시설":0,
            "인프라총점":32.0,
            "초등학군":89.97,
            "중학군":49.08,
            "학군총점":57.258,
            "인구수":15.75,
            "인구증감":-2.95,
            "인구총점":10.14,
            "일자리":10.68,
            "소득수준":68.35,
            "일자리총점":27.981,
            "가치 총점":47.5895,
            "매매실거래년":20211215.0,
            "매매실거래가":51000.0,
            "전세실거래년":20210107.0,
            "전세실거래가":22000.0,
            "전세가율":66.07,
            "장기전세가율평균":76.09,
            "전세가율거품지수":10.02,
            "검색코드":110691,
            "세대수":375.0,
            "준공년월":"2017-06-26",
            "준공년차":6.0,
            "가까운역이름":"NA",
            "가까운역거리":"NA",
            "역세권여부":"NA",
            "30분이내주요거점역":"NA",
            "30분거점역이름":"NA",
            "1시간이내주요거점역":"NA",
            "1시간거점역이름":"NA",
            "3km이내백화점수":0,
            "5km이내아울렛몰수":0,
            "1km이내대형먀트수":1,
            "500m이내은행수":0,
            "500m이내병원수":1,
            "5km이내대형병원수":3,
            "500m이내공원수":0,
            "3km이내혐오시설수":0,
            "초등학교학업성취도":89.97,
            "중학교학업성취도":81.8,
            "용적률":208,
            "건폐율":31,
            "Y":36.563173,
            "X":128.740639,
            "rank":8.0,
            "area_info":"33평(109.27), 33평(109.51), 33평(109.55), 33평(109.37), 33평(109.74), 43평(142.48)",
            "last_sales":"2021-12-15,51000.0,43평(142.48)",
            "rank_history":[
                [
                    "202202",
                    8
                ],
                [
                    "202201",
                    6
                ]
            ],
            "rank_gap":-2
        },
        {
            "index":135,
            "아파트명":"옥동휴먼시아8단지",
            "투자타입":"일반",
            "전용면적(m2)":"96.83",
            "전용면적(평)":"29평",
            "법정동주소":"경상북도 안동시 옥동 920-1",
            "도로명주소":"경상북도 안동시 옥서1길 90",
            "세대수":50,
            "입주년차":60,
            "용적률점수":"--",
            "건폐율점수":"--",
            "세대당주차수":30,
            "난방방식":30,
            "공급면적":"--",
            "전용률":"--",
            "욕실수":100,
            "현관타입":100,
            "주거총점":57.0,
            "지역구공급총점":0.0,
            "역세권":"NA",
            "30분내 이동가능 거점":"NA",
            "1시간내 이동가능 거점":"NA",
            "교통총점":"NA",
            "백화점":0,
            "아울렛몰":0,
            "대형마트":80,
            "은행":0,
            "병원":0,
            "종합병원":100,
            "공원":100,
            "혐오시설":0,
            "인프라총점":35.0,
            "초등학군":89.99,
            "중학군":44.68,
            "학군총점":53.742,
            "인구수":15.75,
            "인구증감":-2.95,
            "인구총점":10.14,
            "일자리":10.68,
            "소득수준":68.35,
            "일자리총점":27.981,
            "가치 총점":47.3855,
            "매매실거래년":20210201.0,
            "매매실거래가":30500.0,
            "전세실거래년":20210816.0,
            "전세실거래가":16000.0,
            "전세가율":75.12,
            "장기전세가율평균":76.09,
            "전세가율거품지수":0.97,
            "검색코드":104498,
            "세대수":612.0,
            "준공년월":"2010-11-16",
            "준공년차":13.0,
            "가까운역이름":"NA",
            "가까운역거리":"NA",
            "역세권여부":"NA",
            "30분이내주요거점역":"NA",
            "30분거점역이름":"NA",
            "1시간이내주요거점역":"NA",
            "1시간거점역이름":"NA",
            "3km이내백화점수":0,
            "5km이내아울렛몰수":0,
            "1km이내대형먀트수":1,
            "500m이내은행수":0,
            "500m이내병원수":1,
            "5km이내대형병원수":3,
            "500m이내공원수":7,
            "3km이내혐오시설수":0,
            "초등학교학업성취도":89.99,
            "중학교학업성취도":73.8,
            "용적률":158,
            "건폐율":18,
            "Y":36.562429,
            "X":128.691748,
            "rank":9.0,
            "area_info":"29평(96.83), 33평(109.92), 33평(109.96), 33평(109.8), 33평(109.12), 33평(109.82)",
            "last_sales":"2021-02-01,30500.0,33평(109.8)",
            "rank_history":[
                [
                    "202202",
                    9
                ],
                [
                    "202201",
                    5
                ]
            ],
            "rank_gap":-4
        },
        {
            "index":122,
            "아파트명":"옥동두레마을",
            "투자타입":"일반",
            "전용면적(m2)":"94.8",
            "전용면적(평)":"28평",
            "법정동주소":"경상북도 안동시 옥동 766-1",
            "도로명주소":"경상북도 안동시 복주2길 25",
            "세대수":30,
            "입주년차":20,
            "용적률점수":"--",
            "건폐율점수":"--",
            "세대당주차수":30,
            "난방방식":30,
            "공급면적":"--",
            "전용률":"--",
            "욕실수":100,
            "현관타입":100,
            "주거총점":42.0,
            "지역구공급총점":0.0,
            "역세권":"NA",
            "30분내 이동가능 거점":"NA",
            "1시간내 이동가능 거점":"NA",
            "교통총점":"NA",
            "백화점":0,
            "아울렛몰":0,
            "대형마트":100,
            "은행":20,
            "병원":60,
            "종합병원":100,
            "공원":100,
            "혐오시설":0,
            "인프라총점":46.0,
            "초등학군":90.01,
            "중학군":44.68,
            "학군총점":53.746,
            "인구수":15.75,
            "인구증감":-2.95,
            "인구총점":10.14,
            "일자리":10.68,
            "소득수준":68.35,
            "일자리총점":27.981,
            "가치 총점":46.5365,
            "매매실거래년":20211112.0,
            "매매실거래가":19000.0,
            "전세실거래년":20170308.0,
            "전세실거래가":10000.0,
            "전세가율":52.63,
            "장기전세가율평균":76.09,
            "전세가율거품지수":23.46,
            "검색코드":23678,
            "세대수":383.0,
            "준공년월":"2000-11-01",
            "준공년차":23.0,
            "가까운역이름":"NA",
            "가까운역거리":"NA",
            "역세권여부":"NA",
            "30분이내주요거점역":"NA",
            "30분거점역이름":"NA",
            "1시간이내주요거점역":"NA",
            "1시간거점역이름":"NA",
            "3km이내백화점수":0,
            "5km이내아울렛몰수":0,
            "1km이내대형먀트수":2,
            "500m이내은행수":2,
            "500m이내병원수":28,
            "5km이내대형병원수":3,
            "500m이내공원수":7,
            "3km이내혐오시설수":0,
            "초등학교학업성취도":90.01,
            "중학교학업성취도":73.8,
            "용적률":0,
            "건폐율":0,
            "Y":36.562343,
            "X":128.698729,
            "rank":10.0,
            "area_info":"28평(94.8), 31평(102.73), 32평(108.25)",
            "last_sales":"2021-11-12,19000.0,28평(94.8)",
            "rank_history":[
                [
                    "202202",
                    10
                ],
                [
                    "202201",
                    10
                ]
            ],
            "rank_gap":0
        },
        {
            "index":127,
            "아파트명":"옥동주공3단지",
            "투자타입":"일반",
            "전용면적(m2)":"53.15",
            "전용면적(평)":"16평",
            "법정동주소":"경상북도 안동시 옥동 974",
            "도로명주소":"경상북도 안동시 은행나무로 106-6",
            "세대수":90,
            "입주년차":0,
            "용적률점수":"--",
            "건폐율점수":"--",
            "세대당주차수":0,
            "난방방식":80,
            "공급면적":"--",
            "전용률":"--",
            "욕실수":50,
            "현관타입":10,
            "주거총점":45.5,
            "지역구공급총점":0.0,
            "역세권":"NA",
            "30분내 이동가능 거점":"NA",
            "1시간내 이동가능 거점":"NA",
            "교통총점":"NA",
            "백화점":0,
            "아울렛몰":0,
            "대형마트":80,
            "은행":0,
            "병원":60,
            "종합병원":100,
            "공원":100,
            "혐오시설":0,
            "인프라총점":41.0,
            "초등학군":90.01,
            "중학군":44.68,
            "학군총점":53.746,
            "인구수":15.75,
            "인구증감":-2.95,
            "인구총점":10.14,
            "일자리":10.68,
            "소득수준":68.35,
            "일자리총점":27.981,
            "가치 총점":45.7615,
            "매매실거래년":20220119.0,
            "매매실거래가":8600.0,
            "전세실거래년":20210814.0,
            "전세실거래가":6000.0,
            "전세가율":69.77,
            "장기전세가율평균":76.09,
            "전세가율거품지수":6.32,
            "검색코드":6406,
            "세대수":1280.0,
            "준공년월":"1995-07-22",
            "준공년차":28.0,
            "가까운역이름":"NA",
            "가까운역거리":"NA",
            "역세권여부":"NA",
            "30분이내주요거점역":"NA",
            "30분거점역이름":"NA",
            "1시간이내주요거점역":"NA",
            "1시간거점역이름":"NA",
            "3km이내백화점수":0,
            "5km이내아울렛몰수":0,
            "1km이내대형먀트수":1,
            "500m이내은행수":0,
            "500m이내병원수":16,
            "5km이내대형병원수":3,
            "500m이내공원수":5,
            "3km이내혐오시설수":0,
            "초등학교학업성취도":90.01,
            "중학교학업성취도":73.8,
            "용적률":208,
            "건폐율":17,
            "Y":36.566825,
            "X":128.695139,
            "rank":11.0,
            "area_info":"16평(53.15), 23평(79.19)",
            "last_sales":"2022-01-19,8600.0,16평(53.15)",
            "rank_history":[
                [
                    "202202",
                    11
                ],
                [
                    "202201",
                    18
                ]
            ],
            "rank_gap":7
        },
        {
            "index":79,
            "아파트명":"안동코오롱하늘채",
            "투자타입":"일반",
            "전용면적(m2)":"82.45",
            "전용면적(평)":"24평",
            "법정동주소":"경상북도 안동시 수상동 895",
            "도로명주소":"경상북도 안동시 앙실로 25",
            "세대수":50,
            "입주년차":100,
            "용적률점수":"--",
            "건폐율점수":"--",
            "세대당주차수":60,
            "난방방식":30,
            "공급면적":"--",
            "전용률":"--",
            "욕실수":100,
            "현관타입":100,
            "주거총점":69.5,
            "지역구공급총점":0.0,
            "역세권":"NA",
            "30분내 이동가능 거점":"NA",
            "1시간내 이동가능 거점":"NA",
            "교통총점":"NA",
            "백화점":0,
            "아울렛몰":0,
            "대형마트":0,
            "은행":0,
            "병원":0,
            "종합병원":100,
            "공원":0,
            "혐오시설":0,
            "인프라총점":20.0,
            "초등학군":89.99,
            "중학군":44.68,
            "학군총점":53.742,
            "인구수":15.75,
            "인구증감":-2.95,
            "인구총점":10.14,
            "일자리":10.68,
            "소득수준":68.35,
            "일자리총점":27.981,
            "가치 총점":45.7605,
            "매매실거래년":20220111.0,
            "매매실거래가":21100.0,
            "전세실거래년":20211224.0,
            "전세실거래가":21000.0,
            "전세가율":99.53,
            "장기전세가율평균":76.09,
            "전세가율거품지수":-23.44,
            "검색코드":119999,
            "세대수":421.0,
            "준공년월":"2020-02-01",
            "준공년차":3.0,
            "가까운역이름":"NA",
            "가까운역거리":"NA",
            "역세권여부":"NA",
            "30분이내주요거점역":"NA",
            "30분거점역이름":"NA",
            "1시간이내주요거점역":"NA",
            "1시간거점역이름":"NA",
            "3km이내백화점수":0,
            "5km이내아울렛몰수":0,
            "1km이내대형먀트수":0,
            "500m이내은행수":0,
            "500m이내병원수":0,
            "5km이내대형병원수":3,
            "500m이내공원수":0,
            "3km이내혐오시설수":0,
            "초등학교학업성취도":89.99,
            "중학교학업성취도":73.8,
            "용적률":0,
            "건폐율":0,
            "Y":36.546281,
            "X":128.70003,
            "rank":12.0,
            "area_info":"24평(82.45), 31평(103.79), 31평(104.68), 33평(110.78)",
            "last_sales":"2022-01-11,21100.0,24평(82.45)",
            "rank_history":[
                [
                    "202202",
                    12
                ],
                [
                    "202201",
                    8
                ]
            ],
            "rank_gap":-4
        },
        {
            "index":217,
            "아파트명":"브라운스톤태화1단지",
            "투자타입":"일반",
            "전용면적(m2)":"103.19",
            "전용면적(평)":"31평",
            "법정동주소":"경상북도 안동시 태화동 890",
            "도로명주소":"경상북도 안동시 말구리길 50",
            "세대수":0,
            "입주년차":80,
            "용적률점수":"--",
            "건폐율점수":"--",
            "세대당주차수":60,
            "난방방식":30,
            "공급면적":"--",
            "전용률":"--",
            "욕실수":100,
            "현관타입":100,
            "주거총점":48.0,
            "지역구공급총점":0.0,
            "역세권":"NA",
            "30분내 이동가능 거점":"NA",
            "1시간내 이동가능 거점":"NA",
            "교통총점":"NA",
            "백화점":0,
            "아울렛몰":0,
            "대형마트":80,
            "은행":0,
            "병원":30,
            "종합병원":100,
            "공원":100,
            "혐오시설":0,
            "인프라총점":38.0,
            "초등학군":90.01,
            "중학군":46.24,
            "학군총점":54.994,
            "인구수":15.75,
            "인구증감":-2.95,
            "인구총점":10.14,
            "일자리":10.68,
            "소득수준":68.35,
            "일자리총점":27.981,
            "가치 총점":45.7485,
            "매매실거래년":20211217.0,
            "매매실거래가":23100.0,
            "전세실거래년":null,
            "전세실거래가":null,
            "전세가율":null,
            "장기전세가율평균":76.09,
            "전세가율거품지수":null,
            "검색코드":104262,
            "세대수":225.0,
            "준공년월":"2014-01-17",
            "준공년차":9.0,
            "가까운역이름":"NA",
            "가까운역거리":"NA",
            "역세권여부":"NA",
            "30분이내주요거점역":"NA",
            "30분거점역이름":"NA",
            "1시간이내주요거점역":"NA",
            "1시간거점역이름":"NA",
            "3km이내백화점수":0,
            "5km이내아울렛몰수":0,
            "1km이내대형먀트수":1,
            "500m이내은행수":1,
            "500m이내병원수":6,
            "5km이내대형병원수":3,
            "500m이내공원수":5,
            "3km이내혐오시설수":0,
            "초등학교학업성취도":90.01,
            "중학교학업성취도":76.8,
            "용적률":228,
            "건폐율":25,
            "Y":36.566497,
            "X":128.706475,
            "rank":13.0,
            "area_info":"31평(103.19), 33평(110.68), 33평(110.69), 33평(111.8)",
            "last_sales":"2021-12-17,23100.0,33평(111.8)",
            "rank_history":[
                [
                    "202202",
                    13
                ],
                [
                    "202201",
                    19
                ]
            ],
            "rank_gap":6
        },
        {
            "index":148,
            "아파트명":"안동세영리첼",
            "투자타입":"일반",
            "전용면적(m2)":"110.04",
            "전용면적(평)":"33평",
            "법정동주소":"경상북도 안동시 용상동 1632",
            "도로명주소":"경상북도 안동시 중평길 39",
            "세대수":50,
            "입주년차":60,
            "용적률점수":"--",
            "건폐율점수":"--",
            "세대당주차수":60,
            "난방방식":30,
            "공급면적":"--",
            "전용률":"--",
            "욕실수":100,
            "현관타입":100,
            "주거총점":61.5,
            "지역구공급총점":0.0,
            "역세권":"NA",
            "30분내 이동가능 거점":"NA",
            "1시간내 이동가능 거점":"NA",
            "교통총점":"NA",
            "백화점":0,
            "아울렛몰":0,
            "대형마트":0,
            "은행":0,
            "병원":30,
            "종합병원":100,
            "공원":80,
            "혐오시설":0,
            "인프라총점":25.4,
            "초등학군":90.01,
            "중학군":46.5,
            "학군총점":55.202,
            "인구수":15.75,
            "인구증감":-2.95,
            "인구총점":10.14,
            "일자리":10.68,
            "소득수준":68.35,
            "일자리총점":27.981,
            "가치 총점":45.4855,
            "매매실거래년":20211002.0,
            "매매실거래가":25900.0,
            "전세실거래년":20210903.0,
            "전세실거래가":18000.0,
            "전세가율":62.72,
            "장기전세가율평균":76.09,
            "전세가율거품지수":13.37,
            "검색코드":103571,
            "세대수":622.0,
            "준공년월":"2011-08-31",
            "준공년차":12.0,
            "가까운역이름":"NA",
            "가까운역거리":"NA",
            "역세권여부":"NA",
            "30분이내주요거점역":"NA",
            "30분거점역이름":"NA",
            "1시간이내주요거점역":"NA",
            "1시간거점역이름":"NA",
            "3km이내백화점수":0,
            "5km이내아울렛몰수":0,
            "1km이내대형먀트수":0,
            "500m이내은행수":0,
            "500m이내병원수":8,
            "5km이내대형병원수":3,
            "500m이내공원수":1,
            "3km이내혐오시설수":0,
            "초등학교학업성취도":90.01,
            "중학교학업성취도":76.5,
            "용적률":230,
            "건폐율":23,
            "Y":36.554762,
            "X":128.752424,
            "rank":14.0,
            "area_info":"33평(110.04), 33평(111.35), 33평(112.05), 39평(131.66), 44평(146.31)",
            "last_sales":"2021-10-02,25900.0,33평(112.05)",
            "rank_history":[
                [
                    "202202",
                    14
                ],
                [
                    "202201",
                    9
                ]
            ],
            "rank_gap":-5
        },
        {
            "index":229,
            "아파트명":"안동롯데캐슬",
            "투자타입":"일반",
            "전용면적(m2)":"116.39",
            "전용면적(평)":"35평",
            "법정동주소":"경상북도 안동시 태화동 920",
            "도로명주소":"경상북도 안동시 경북대로 340",
            "세대수":0,
            "입주년차":60,
            "용적률점수":"--",
            "건폐율점수":"--",
            "세대당주차수":60,
            "난방방식":30,
            "공급면적":"--",
            "전용률":"--",
            "욕실수":100,
            "현관타입":100,
            "주거총점":44.0,
            "지역구공급총점":0.0,
            "역세권":"NA",
            "30분내 이동가능 거점":"NA",
            "1시간내 이동가능 거점":"NA",
            "교통총점":"NA",
            "백화점":0,
            "아울렛몰":0,
            "대형마트":80,
            "은행":0,
            "병원":60,
            "종합병원":100,
            "공원":100,
            "혐오시설":0,
            "인프라총점":41.0,
            "초등학군":90.01,
            "중학군":44.68,
            "학군총점":53.746,
            "인구수":15.75,
            "인구증감":-2.95,
            "인구총점":10.14,
            "일자리":10.68,
            "소득수준":68.35,
            "일자리총점":27.981,
            "가치 총점":45.2365,
            "매매실거래년":20211210.0,
            "매매실거래가":48700.0,
            "전세실거래년":20190514.0,
            "전세실거래가":18000.0,
            "전세가율":67.67,
            "장기전세가율평균":76.09,
            "전세가율거품지수":8.42,
            "검색코드":27874,
            "세대수":246.0,
            "준공년월":"2009-06-29",
            "준공년차":14.0,
            "가까운역이름":"NA",
            "가까운역거리":"NA",
            "역세권여부":"NA",
            "30분이내주요거점역":"NA",
            "30분거점역이름":"NA",
            "1시간이내주요거점역":"NA",
            "1시간거점역이름":"NA",
            "3km이내백화점수":0,
            "5km이내아울렛몰수":0,
            "1km이내대형먀트수":1,
            "500m이내은행수":1,
            "500m이내병원수":12,
            "5km이내대형병원수":3,
            "500m이내공원수":4,
            "3km이내혐오시설수":0,
            "초등학교학업성취도":90.01,
            "중학교학업성취도":73.8,
            "용적률":233,
            "건폐율":45,
            "Y":36.560389,
            "X":128.704532,
            "rank":15.0,
            "area_info":"35평(116.39), 39평(131.78), 39평(132.19), 47평(156.79), 47평(156.99), 56평(185.71), 56평(186.99), 62평(205.53)",
            "last_sales":"2021-12-10,48700.0,56평(186.99)",
            "rank_history":[
                [
                    "202202",
                    15
                ],
                [
                    "202201",
                    13
                ]
            ],
            "rank_gap":-2
        },
        {
            "index":202,
            "아파트명":"현진에버빌",
            "투자타입":"일반",
            "전용면적(m2)":"82.32",
            "전용면적(평)":"24평",
            "법정동주소":"경상북도 안동시 정하동 240-2",
            "도로명주소":"경상북도 안동시 강남5길 92",
            "세대수":50,
            "입주년차":20,
            "용적률점수":"--",
            "건폐율점수":"--",
            "세대당주차수":30,
            "난방방식":30,
            "공급면적":"--",
            "전용률":"--",
            "욕실수":50,
            "현관타입":100,
            "주거총점":44.0,
            "지역구공급총점":0.0,
            "역세권":"NA",
            "30분내 이동가능 거점":"NA",
            "1시간내 이동가능 거점":"NA",
            "교통총점":"NA",
            "백화점":0,
            "아울렛몰":0,
            "대형마트":80,
            "은행":0,
            "병원":30,
            "종합병원":100,
            "공원":100,
            "혐오시설":0,
            "인프라총점":38.0,
            "초등학군":90.0,
            "중학군":47.96,
            "학군총점":56.368,
            "인구수":15.75,
            "인구증감":-2.95,
            "인구총점":10.14,
            "일자리":10.68,
            "소득수준":68.35,
            "일자리총점":27.981,
            "가치 총점":44.692,
            "매매실거래년":20220117.0,
            "매매실거래가":18000.0,
            "전세실거래년":20210317.0,
            "전세실거래가":13500.0,
            "전세가율":97.83,
            "장기전세가율평균":76.09,
            "전세가율거품지수":-21.74,
            "검색코드":23638,
            "세대수":600.0,
            "준공년월":"2001-08-24",
            "준공년차":22.0,
            "가까운역이름":"NA",
            "가까운역거리":"NA",
            "역세권여부":"NA",
            "30분이내주요거점역":"NA",
            "30분거점역이름":"NA",
            "1시간이내주요거점역":"NA",
            "1시간거점역이름":"NA",
            "3km이내백화점수":0,
            "5km이내아울렛몰수":0,
            "1km이내대형먀트수":1,
            "500m이내은행수":0,
            "500m이내병원수":5,
            "5km이내대형병원수":3,
            "500m이내공원수":3,
            "3km이내혐오시설수":0,
            "초등학교학업성취도":90.0,
            "중학교학업성취도":79.6,
            "용적률":216,
            "건폐율":18,
            "Y":36.551055,
            "X":128.731087,
            "rank":16.0,
            "area_info":"24평(82.32), 32평(108.4), 34평(112.99)",
            "last_sales":"2022-01-17,18000.0,32평(108.4)",
            "rank_history":[
                [
                    "202202",
                    16
                ],
                [
                    "202201",
                    11
                ]
            ],
            "rank_gap":-5
        },
        {
            "index":215,
            "아파트명":"e편한세상안동2단지",
            "투자타입":"일반",
            "전용면적(m2)":"83.65",
            "전용면적(평)":"25평",
            "법정동주소":"경상북도 안동시 태화동 923",
            "도로명주소":"경상북도 안동시 경동로 404-7",
            "세대수":0,
            "입주년차":80,
            "용적률점수":"--",
            "건폐율점수":"--",
            "세대당주차수":60,
            "난방방식":30,
            "공급면적":"--",
            "전용률":"--",
            "욕실수":100,
            "현관타입":100,
            "주거총점":48.0,
            "지역구공급총점":0.0,
            "역세권":"NA",
            "30분내 이동가능 거점":"NA",
            "1시간내 이동가능 거점":"NA",
            "교통총점":"NA",
            "백화점":0,
            "아울렛몰":0,
            "대형마트":80,
            "은행":0,
            "병원":0,
            "종합병원":100,
            "공원":100,
            "혐오시설":0,
            "인프라총점":35.0,
            "초등학군":89.99,
            "중학군":46.24,
            "학군총점":54.99,
            "인구수":15.75,
            "인구증감":-2.95,
            "인구총점":10.14,
            "일자리":10.68,
            "소득수준":68.35,
            "일자리총점":27.981,
            "가치 총점":44.5475,
            "매매실거래년":20210611.0,
            "매매실거래가":26000.0,
            "전세실거래년":20200902.0,
            "전세실거래가":16000.0,
            "전세가율":66.67,
            "장기전세가율평균":76.09,
            "전세가율거품지수":9.42,
            "검색코드":109406,
            "세대수":133.0,
            "준공년월":"2016-12-30",
            "준공년차":7.0,
            "가까운역이름":"NA",
            "가까운역거리":"NA",
            "역세권여부":"NA",
            "30분이내주요거점역":"NA",
            "30분거점역이름":"NA",
            "1시간이내주요거점역":"NA",
            "1시간거점역이름":"NA",
            "3km이내백화점수":0,
            "5km이내아울렛몰수":0,
            "1km이내대형먀트수":1,
            "500m이내은행수":0,
            "500m이내병원수":0,
            "5km이내대형병원수":3,
            "500m이내공원수":4,
            "3km이내혐오시설수":0,
            "초등학교학업성취도":89.99,
            "중학교학업성취도":76.8,
            "용적률":170,
            "건폐율":24,
            "Y":36.56965,
            "X":128.704579,
            "rank":17.0,
            "area_info":"25평(83.65), 25평(83.57)",
            "last_sales":"2021-06-11,26000.0,25평(83.57)",
            "rank_history":[
                [
                    "202202",
                    17
                ],
                [
                    "202201",
                    21
                ]
            ],
            "rank_gap":4
        },
        {
            "index":212,
            "아파트명":"e편한세상안동1단지",
            "투자타입":"일반",
            "전용면적(m2)":"94.98",
            "전용면적(평)":"28평",
            "법정동주소":"경상북도 안동시 태화동 922",
            "도로명주소":"경상북도 안동시 경동로 404-22",
            "세대수":0,
            "입주년차":80,
            "용적률점수":"--",
            "건폐율점수":"--",
            "세대당주차수":60,
            "난방방식":30,
            "공급면적":"--",
            "전용률":"--",
            "욕실수":100,
            "현관타입":100,
            "주거총점":48.0,
            "지역구공급총점":0.0,
            "역세권":"NA",
            "30분내 이동가능 거점":"NA",
            "1시간내 이동가능 거점":"NA",
            "교통총점":"NA",
            "백화점":0,
            "아울렛몰":0,
            "대형마트":80,
            "은행":0,
            "병원":0,
            "종합병원":100,
            "공원":100,
            "혐오시설":0,
            "인프라총점":35.0,
            "초등학군":89.99,
            "중학군":46.24,
            "학군총점":54.99,
            "인구수":15.75,
            "인구증감":-2.95,
            "인구총점":10.14,
            "일자리":10.68,
            "소득수준":68.35,
            "일자리총점":27.981,
            "가치 총점":44.5475,
            "매매실거래년":20220112.0,
            "매매실거래가":29400.0,
            "전세실거래년":20211109.0,
            "전세실거래가":20000.0,
            "전세가율":68.03,
            "장기전세가율평균":76.09,
            "전세가율거품지수":8.06,
            "검색코드":109404,
            "세대수":288.0,
            "준공년월":"2016-12-30",
            "준공년차":7.0,
            "가까운역이름":"NA",
            "가까운역거리":"NA",
            "역세권여부":"NA",
            "30분이내주요거점역":"NA",
            "30분거점역이름":"NA",
            "1시간이내주요거점역":"NA",
            "1시간거점역이름":"NA",
            "3km이내백화점수":0,
            "5km이내아울렛몰수":0,
            "1km이내대형먀트수":1,
            "500m이내은행수":0,
            "500m이내병원수":0,
            "5km이내대형병원수":3,
            "500m이내공원수":5,
            "3km이내혐오시설수":0,
            "초등학교학업성취도":89.99,
            "중학교학업성취도":76.8,
            "용적률":209,
            "건폐율":22,
            "Y":36.569694,
            "X":128.703983,
            "rank":17.0,
            "area_info":"28평(94.98), 28평(95.54), 28평(95.7)",
            "last_sales":"2022-01-12,29400.0,28평(94.98)",
            "rank_history":[
                [
                    "202202",
                    17
                ],
                [
                    "202201",
                    21
                ]
            ],
            "rank_gap":4
        },
        {
            "index":141,
            "아파트명":"e편한세상안동강변",
            "투자타입":"일반",
            "전용면적(m2)":"82.85",
            "전용면적(평)":"25평",
            "법정동주소":"경상북도 안동시 용상동 1638",
            "도로명주소":"경상북도 안동시 중평길 107-16",
            "세대수":30,
            "입주년차":80,
            "용적률점수":"--",
            "건폐율점수":"--",
            "세대당주차수":30,
            "난방방식":30,
            "공급면적":"--",
            "전용률":"--",
            "욕실수":100,
            "현관타입":100,
            "주거총점":54.0,
            "지역구공급총점":0.0,
            "역세권":"NA",
            "30분내 이동가능 거점":"NA",
            "1시간내 이동가능 거점":"NA",
            "교통총점":"NA",
            "백화점":0,
            "아울렛몰":0,
            "대형마트":0,
            "은행":0,
            "병원":60,
            "종합병원":100,
            "공원":80,
            "혐오시설":0,
            "인프라총점":28.4,
            "초등학군":90.01,
            "중학군":46.5,
            "학군총점":55.202,
            "인구수":15.75,
            "인구증감":-2.95,
            "인구총점":10.14,
            "일자리":10.68,
            "소득수준":68.35,
            "일자리총점":27.981,
            "가치 총점":44.0605,
            "매매실거래년":20211211.0,
            "매매실거래가":27500.0,
            "전세실거래년":20200312.0,
            "전세실거래가":17000.0,
            "전세가율":61.82,
            "장기전세가율평균":76.09,
            "전세가율거품지수":14.27,
            "검색코드":111899,
            "세대수":393.0,
            "준공년월":"2018-01-17",
            "준공년차":5.0,
            "가까운역이름":"NA",
            "가까운역거리":"NA",
            "역세권여부":"NA",
            "30분이내주요거점역":"NA",
            "30분거점역이름":"NA",
            "1시간이내주요거점역":"NA",
            "1시간거점역이름":"NA",
            "3km이내백화점수":0,
            "5km이내아울렛몰수":0,
            "1km이내대형먀트수":0,
            "500m이내은행수":0,
            "500m이내병원수":11,
            "5km이내대형병원수":3,
            "500m이내공원수":1,
            "3km이내혐오시설수":0,
            "초등학교학업성취도":90.01,
            "중학교학업성취도":76.5,
            "용적률":248,
            "건폐율":22,
            "Y":36.555876,
            "X":128.749681,
            "rank":18.0,
            "area_info":"25평(82.85), 31평(102.98), 31평(103.11), 31평(105.1), 46평(154.68)",
            "last_sales":"2021-12-11,27500.0,25평(82.85)",
            "rank_history":[
                [
                    "202202",
                    18
                ],
                [
                    "202201",
                    16
                ]
            ],
            "rank_gap":-2
        },
        {
            "index":6,
            "아파트명":"신안동역코아루미소지움",
            "투자타입":"일반",
            "전용면적(m2)":"77.13",
            "전용면적(평)":"23평",
            "법정동주소":"경상북도 안동시 노하동 899",
            "도로명주소":"경상북도 안동시 노하길 142",
            "세대수":0,
            "입주년차":80,
            "용적률점수":"--",
            "건폐율점수":"--",
            "세대당주차수":60,
            "난방방식":30,
            "공급면적":"--",
            "전용률":"--",
            "욕실수":100,
            "현관타입":100,
            "주거총점":48.0,
            "지역구공급총점":0.0,
            "역세권":"NA",
            "30분내 이동가능 거점":"NA",
            "1시간내 이동가능 거점":"NA",
            "교통총점":"NA",
            "백화점":0,
            "아울렛몰":0,
            "대형마트":80,
            "은행":0,
            "병원":0,
            "종합병원":100,
            "공원":0,
            "혐오시설":0,
            "인프라총점":32.0,
            "초등학군":89.99,
            "중학군":49.32,
            "학군총점":57.454,
            "인구수":15.75,
            "인구증감":-2.95,
            "인구총점":10.14,
            "일자리":10.68,
            "소득수준":68.35,
            "일자리총점":27.981,
            "가치 총점":43.9635,
            "매매실거래년":20220107.0,
            "매매실거래가":27700.0,
            "전세실거래년":20211023.0,
            "전세실거래가":22000.0,
            "전세가율":122.91,
            "장기전세가율평균":76.09,
            "전세가율거품지수":-46.82,
            "검색코드":112661,
            "세대수":227.0,
            "준공년월":"2018-05-30",
            "준공년차":5.0,
            "가까운역이름":"NA",
            "가까운역거리":"NA",
            "역세권여부":"NA",
            "30분이내주요거점역":"NA",
            "30분거점역이름":"NA",
            "1시간이내주요거점역":"NA",
            "1시간거점역이름":"NA",
            "3km이내백화점수":0,
            "5km이내아울렛몰수":0,
            "1km이내대형먀트수":1,
            "500m이내은행수":0,
            "500m이내병원수":0,
            "5km이내대형병원수":3,
            "500m이내공원수":0,
            "3km이내혐오시설수":0,
            "초등학교학업성취도":89.99,
            "중학교학업성취도":81.2,
            "용적률":210,
            "건폐율":21,
            "Y":36.577567,
            "X":128.683496,
            "rank":19.0,
            "area_info":"23평(77.13), 31평(104.9)",
            "last_sales":"2022-01-07,27700.0,31평(104.9)",
            "rank_history":[
                [
                    "202202",
                    19
                ],
                [
                    "202201",
                    25
                ]
            ],
            "rank_gap":6
        },
        {
            "index":221,
            "아파트명":"브라운스톤태화2단지",
            "투자타입":"일반",
            "전용면적(m2)":"110.41",
            "전용면적(평)":"33평",
            "법정동주소":"경상북도 안동시 태화동 878",
            "도로명주소":"경상북도 안동시 말구리2길 55",
            "세대수":0,
            "입주년차":60,
            "용적률점수":"--",
            "건폐율점수":"--",
            "세대당주차수":0,
            "난방방식":30,
            "공급면적":"--",
            "전용률":"--",
            "욕실수":100,
            "현관타입":100,
            "주거총점":35.0,
            "지역구공급총점":0.0,
            "역세권":"NA",
            "30분내 이동가능 거점":"NA",
            "1시간내 이동가능 거점":"NA",
            "교통총점":"NA",
            "백화점":0,
            "아울렛몰":0,
            "대형마트":80,
            "은행":20,
            "병원":60,
            "종합병원":100,
            "공원":100,
            "혐오시설":0,
            "인프라총점":43.0,
            "초등학군":90.01,
            "중학군":46.24,
            "학군총점":54.994,
            "인구수":15.75,
            "인구증감":-2.95,
            "인구총점":10.14,
            "일자리":10.68,
            "소득수준":68.35,
            "일자리총점":27.981,
            "가치 총점":43.1985,
            "매매실거래년":20211123.0,
            "매매실거래가":26000.0,
            "전세실거래년":20210909.0,
            "전세실거래가":22000.0,
            "전세가율":91.29,
            "장기전세가율평균":76.09,
            "전세가율거품지수":-15.2,
            "검색코드":104546,
            "세대수":114.0,
            "준공년월":"2013-12-31",
            "준공년차":10.0,
            "가까운역이름":"NA",
            "가까운역거리":"NA",
            "역세권여부":"NA",
            "30분이내주요거점역":"NA",
            "30분거점역이름":"NA",
            "1시간이내주요거점역":"NA",
            "1시간거점역이름":"NA",
            "3km이내백화점수":0,
            "5km이내아울렛몰수":0,
            "1km이내대형먀트수":1,
            "500m이내은행수":2,
            "500m이내병원수":19,
            "5km이내대형병원수":3,
            "500m이내공원수":4,
            "3km이내혐오시설수":0,
            "초등학교학업성취도":90.01,
            "중학교학업성취도":76.8,
            "용적률":184,
            "건폐율":21,
            "Y":36.566432,
            "X":128.705324,
            "rank":20.0,
            "area_info":"33평(110.41), 33평(110.41), 33평(110.41), 33평(110.41), 33평(110.41), 33평(111.53)",
            "last_sales":"2021-11-23,26000.0,33평(111.53)",
            "rank_history":[
                [
                    "202202",
                    20
                ],
                [
                    "202201",
                    30
                ]
            ],
            "rank_gap":10
        },
        {
            "index":125,
            "아파트명":"옥동삼성1차",
            "투자타입":"일반",
            "전용면적(m2)":"86.28",
            "전용면적(평)":"26평",
            "법정동주소":"경상북도 안동시 옥동 638-1",
            "도로명주소":"경상북도 안동시 옥광1길 17",
            "세대수":50,
            "입주년차":0,
            "용적률점수":"--",
            "건폐율점수":"--",
            "세대당주차수":0,
            "난방방식":30,
            "공급면적":"--",
            "전용률":"--",
            "욕실수":50,
            "현관타입":100,
            "주거총점":35.5,
            "지역구공급총점":0.0,
            "역세권":"NA",
            "30분내 이동가능 거점":"NA",
            "1시간내 이동가능 거점":"NA",
            "교통총점":"NA",
            "백화점":0,
            "아울렛몰":0,
            "대형마트":80,
            "은행":20,
            "병원":60,
            "종합병원":100,
            "공원":100,
            "혐오시설":0,
            "인프라총점":43.0,
            "초등학군":90.01,
            "중학군":44.68,
            "학군총점":53.746,
            "인구수":15.75,
            "인구증감":-2.95,
            "인구총점":10.14,
            "일자리":10.68,
            "소득수준":68.35,
            "일자리총점":27.981,
            "가치 총점":43.0615,
            "매매실거래년":20220109.0,
            "매매실거래가":18700.0,
            "전세실거래년":20200508.0,
            "전세실거래가":10500.0,
            "전세가율":59.32,
            "장기전세가율평균":76.09,
            "전세가율거품지수":16.77,
            "검색코드":6400,
            "세대수":508.0,
            "준공년월":"1998-03-23",
            "준공년차":25.0,
            "가까운역이름":"NA",
            "가까운역거리":"NA",
            "역세권여부":"NA",
            "30분이내주요거점역":"NA",
            "30분거점역이름":"NA",
            "1시간이내주요거점역":"NA",
            "1시간거점역이름":"NA",
            "3km이내백화점수":0,
            "5km이내아울렛몰수":0,
            "1km이내대형먀트수":1,
            "500m이내은행수":2,
            "500m이내병원수":20,
            "5km이내대형병원수":3,
            "500m이내공원수":5,
            "3km이내혐오시설수":0,
            "초등학교학업성취도":90.01,
            "중학교학업성취도":73.8,
            "용적률":0,
            "건폐율":0,
            "Y":36.562433,
            "X":128.704874,
            "rank":21.0,
            "area_info":"26평(86.28), 29평(97.51)",
            "last_sales":"2022-01-09,18700.0,29평(97.51)",
            "rank_history":[
                [
                    "202202",
                    21
                ],
                [
                    "202201",
                    15
                ]
            ],
            "rank_gap":-6
        },
        {
            "index":38,
            "아파트명":"송현우성",
            "투자타입":"일반",
            "전용면적(m2)":"74.83",
            "전용면적(평)":"22평",
            "법정동주소":"경상북도 안동시 송현동 288",
            "도로명주소":"경상북도 안동시 합전길 12",
            "세대수":50,
            "입주년차":0,
            "용적률점수":"--",
            "건폐율점수":"--",
            "세대당주차수":0,
            "난방방식":30,
            "공급면적":"--",
            "전용률":"--",
            "욕실수":50,
            "현관타입":100,
            "주거총점":35.5,
            "지역구공급총점":0.0,
            "역세권":"NA",
            "30분내 이동가능 거점":"NA",
            "1시간내 이동가능 거점":"NA",
            "교통총점":"NA",
            "백화점":0,
            "아울렛몰":0,
            "대형마트":80,
            "은행":0,
            "병원":60,
            "종합병원":100,
            "공원":100,
            "혐오시설":0,
            "인프라총점":41.0,
            "초등학군":89.99,
            "중학군":46.24,
            "학군총점":54.99,
            "인구수":15.75,
            "인구증감":-2.95,
            "인구총점":10.14,
            "일자리":10.68,
            "소득수준":68.35,
            "일자리총점":27.981,
            "가치 총점":42.5725,
            "매매실거래년":20211201.0,
            "매매실거래가":19500.0,
            "전세실거래년":20201103.0,
            "전세실거래가":8000.0,
            "전세가율":63.49,
            "장기전세가율평균":76.09,
            "전세가율거품지수":12.6,
            "검색코드":6339,
            "세대수":408.0,
            "준공년월":"1993-11-01",
            "준공년차":30.0,
            "가까운역이름":"NA",
            "가까운역거리":"NA",
            "역세권여부":"NA",
            "30분이내주요거점역":"NA",
            "30분거점역이름":"NA",
            "1시간이내주요거점역":"NA",
            "1시간거점역이름":"NA",
            "3km이내백화점수":0,
            "5km이내아울렛몰수":0,
            "1km이내대형먀트수":1,
            "500m이내은행수":0,
            "500m이내병원수":27,
            "5km이내대형병원수":3,
            "500m이내공원수":5,
            "3km이내혐오시설수":0,
            "초등학교학업성취도":89.99,
            "중학교학업성취도":76.8,
            "용적률":235,
            "건폐율":21,
            "Y":36.56883,
            "X":128.699034,
            "rank":22.0,
            "area_info":"22평(74.83), 22평(75.1), 30평(101.82), 30평(101.98)",
            "last_sales":"2021-12-01,19500.0,30평(101.82)",
            "rank_history":[
                [
                    "202202",
                    22
                ],
                [
                    "202201",
                    31
                ]
            ],
            "rank_gap":9
        },
        {
            "index":71,
            "아파트명":"청구송현하이츠1차",
            "투자타입":"일반",
            "전용면적(m2)":"77.3",
            "전용면적(평)":"23평",
            "법정동주소":"경상북도 안동시 송현동 516-2",
            "도로명주소":"경상북도 안동시 송현길 84-28",
            "세대수":30,
            "입주년차":20,
            "용적률점수":"--",
            "건폐율점수":"--",
            "세대당주차수":30,
            "난방방식":30,
            "공급면적":"--",
            "전용률":"--",
            "욕실수":50,
            "현관타입":100,
            "주거총점":37.0,
            "지역구공급총점":0.0,
            "역세권":"NA",
            "30분내 이동가능 거점":"NA",
            "1시간내 이동가능 거점":"NA",
            "교통총점":"NA",
            "백화점":0,
            "아울렛몰":0,
            "대형마트":100,
            "은행":0,
            "병원":0,
            "종합병원":100,
            "공원":80,
            "혐오시설":0,
            "인프라총점":37.4,
            "초등학군":89.99,
            "중학군":49.32,
            "학군총점":57.454,
            "인구수":15.75,
            "인구증감":-2.95,
            "인구총점":10.14,
            "일자리":10.68,
            "소득수준":68.35,
            "일자리총점":27.981,
            "가치 총점":42.2735,
            "매매실거래년":20220119.0,
            "매매실거래가":14900.0,
            "전세실거래년":20190126.0,
            "전세실거래가":8000.0,
            "전세가율":53.69,
            "장기전세가율평균":76.09,
            "전세가율거품지수":22.4,
            "검색코드":15691,
            "세대수":385.0,
            "준공년월":"2001-07-05",
            "준공년차":22.0,
            "가까운역이름":"NA",
            "가까운역거리":"NA",
            "역세권여부":"NA",
            "30분이내주요거점역":"NA",
            "30분거점역이름":"NA",
            "1시간이내주요거점역":"NA",
            "1시간거점역이름":"NA",
            "3km이내백화점수":0,
            "5km이내아울렛몰수":0,
            "1km이내대형먀트수":2,
            "500m이내은행수":0,
            "500m이내병원수":0,
            "5km이내대형병원수":3,
            "500m이내공원수":1,
            "3km이내혐오시설수":0,
            "초등학교학업성취도":89.99,
            "중학교학업성취도":81.2,
            "용적률":194,
            "건폐율":20,
            "Y":36.573783,
            "X":128.690374,
            "rank":23.0,
            "area_info":"23평(77.3), 27평(90.02), 27평(92.22), 31평(102.6), 31평(102.6), 35평(117.3), 51평(169.87), 56평(188.04)",
            "last_sales":"2022-01-19,14900.0,23평(77.3)",
            "rank_history":[
                [
                    "202202",
                    23
                ],
                [
                    "202201",
                    34
                ]
            ],
            "rank_gap":11
        },
        {
            "index":42,
            "아파트명":"송현주공2단지",
            "투자타입":"재건축",
            "전용면적(m2)":"38.39",
            "전용면적(평)":"11평",
            "법정동주소":"경상북도 안동시 송현동 316",
            "도로명주소":"경상북도 안동시 경북대로 467",
            "세대수":90,
            "입주년차":"--",
            "용적률점수":0,
            "건폐율점수":0,
            "세대당주차수":"--",
            "난방방식":"--",
            "공급면적":50,
            "전용률":80,
            "욕실수":"--",
            "현관타입":"--",
            "주거총점":33.5,
            "지역구공급총점":0.0,
            "역세권":"NA",
            "30분내 이동가능 거점":"NA",
            "1시간내 이동가능 거점":"NA",
            "교통총점":"NA",
            "백화점":0,
            "아울렛몰":0,
            "대형마트":80,
            "은행":0,
            "병원":60,
            "종합병원":100,
            "공원":100,
            "혐오시설":0,
            "인프라총점":41.0,
            "초등학군":89.99,
            "중학군":46.24,
            "학군총점":54.99,
            "인구수":15.75,
            "인구증감":-2.95,
            "인구총점":10.14,
            "일자리":10.68,
            "소득수준":68.35,
            "일자리총점":27.981,
            "가치 총점":41.8725,
            "매매실거래년":20220118.0,
            "매매실거래가":7600.0,
            "전세실거래년":20220122.0,
            "전세실거래가":4000.0,
            "전세가율":52.63,
            "장기전세가율평균":76.09,
            "전세가율거품지수":23.46,
            "검색코드":6361,
            "세대수":940.0,
            "준공년월":"1990-12-07",
            "준공년차":33.0,
            "가까운역이름":"NA",
            "가까운역거리":"NA",
            "역세권여부":"NA",
            "30분이내주요거점역":"NA",
            "30분거점역이름":"NA",
            "1시간이내주요거점역":"NA",
            "1시간거점역이름":"NA",
            "3km이내백화점수":0,
            "5km이내아울렛몰수":0,
            "1km이내대형먀트수":1,
            "500m이내은행수":0,
            "500m이내병원수":23,
            "5km이내대형병원수":3,
            "500m이내공원수":5,
            "3km이내혐오시설수":0,
            "초등학교학업성취도":89.99,
            "중학교학업성취도":76.8,
            "용적률":0,
            "건폐율":0,
            "Y":36.569666,
            "X":128.696337,
            "rank":24.0,
            "area_info":"11평(38.39), 15평(49.68)",
            "last_sales":"2022-01-18,7600.0,11평(38.39)",
            "rank_history":[
                [
                    "202202",
                    24
                ],
                [
                    "202201",
                    33
                ]
            ],
            "rank_gap":9
        },
        {
            "index":199,
            "아파트명":"석미한아름",
            "투자타입":"일반",
            "전용면적(m2)":"54.05",
            "전용면적(평)":"16평",
            "법정동주소":"경상북도 안동시 정하동 259-1",
            "도로명주소":"경상북도 안동시 강남5길 103",
            "세대수":30,
            "입주년차":20,
            "용적률점수":"--",
            "건폐율점수":"--",
            "세대당주차수":0,
            "난방방식":30,
            "공급면적":"--",
            "전용률":"--",
            "욕실수":50,
            "현관타입":100,
            "주거총점":32.5,
            "지역구공급총점":0.0,
            "역세권":"NA",
            "30분내 이동가능 거점":"NA",
            "1시간내 이동가능 거점":"NA",
            "교통총점":"NA",
            "백화점":0,
            "아울렛몰":0,
            "대형마트":80,
            "은행":0,
            "병원":30,
            "종합병원":100,
            "공원":100,
            "혐오시설":0,
            "인프라총점":38.0,
            "초등학군":90.0,
            "중학군":47.96,
            "학군총점":56.368,
            "인구수":15.75,
            "인구증감":-2.95,
            "인구총점":10.14,
            "일자리":10.68,
            "소득수준":68.35,
            "일자리총점":27.981,
            "가치 총점":40.667,
            "매매실거래년":20220124.0,
            "매매실거래가":9800.0,
            "전세실거래년":20210307.0,
            "전세실거래가":4500.0,
            "전세가율":75.0,
            "장기전세가율평균":76.09,
            "전세가율거품지수":1.09,
            "검색코드":23637,
            "세대수":344.0,
            "준공년월":"2001-05-26",
            "준공년차":22.0,
            "가까운역이름":"NA",
            "가까운역거리":"NA",
            "역세권여부":"NA",
            "30분이내주요거점역":"NA",
            "30분거점역이름":"NA",
            "1시간이내주요거점역":"NA",
            "1시간거점역이름":"NA",
            "3km이내백화점수":0,
            "5km이내아울렛몰수":0,
            "1km이내대형먀트수":1,
            "500m이내은행수":0,
            "500m이내병원수":5,
            "5km이내대형병원수":3,
            "500m이내공원수":3,
            "3km이내혐오시설수":0,
            "초등학교학업성취도":90.0,
            "중학교학업성취도":79.6,
            "용적률":188,
            "건폐율":17,
            "Y":36.549907,
            "X":128.730272,
            "rank":25.0,
            "area_info":"16평(54.05), 24평(81.01), 24평(81.08)",
            "last_sales":"2022-01-24,9800.0,24평(81.08)",
            "rank_history":[
                [
                    "202202",
                    25
                ],
                [
                    "202201",
                    17
                ]
            ],
            "rank_gap":-8
        },
        {
            "index":153,
            "아파트명":"안동신원아침도시에듀포레",
            "투자타입":"일반",
            "전용면적(m2)":"100.91",
            "전용면적(평)":"30평",
            "법정동주소":"경상북도 안동시 용상동 1641",
            "도로명주소":"경상북도 안동시 길주길 39",
            "세대수":0,
            "입주년차":100,
            "용적률점수":"--",
            "건폐율점수":"--",
            "세대당주차수":60,
            "난방방식":30,
            "공급면적":"--",
            "전용률":"--",
            "욕실수":100,
            "현관타입":100,
            "주거총점":52.0,
            "지역구공급총점":0.0,
            "역세권":"NA",
            "30분내 이동가능 거점":"NA",
            "1시간내 이동가능 거점":"NA",
            "교통총점":"NA",
            "백화점":0,
            "아울렛몰":0,
            "대형마트":0,
            "은행":0,
            "병원":10,
            "종합병원":100,
            "공원":0,
            "혐오시설":0,
            "인프라총점":21.0,
            "초등학군":90.0,
            "중학군":46.5,
            "학군총점":55.2,
            "인구수":15.75,
            "인구증감":-2.95,
            "인구총점":10.14,
            "일자리":10.68,
            "소득수준":68.35,
            "일자리총점":27.981,
            "가치 총점":40.4,
            "매매실거래년":20191121.0,
            "매매실거래가":26698.0,
            "전세실거래년":null,
            "전세실거래가":null,
            "전세가율":null,
            "장기전세가율평균":76.09,
            "전세가율거품지수":null,
            "검색코드":118943,
            "세대수":272.0,
            "준공년월":"2019-12-01",
            "준공년차":4.0,
            "가까운역이름":"NA",
            "가까운역거리":"NA",
            "역세권여부":"NA",
            "30분이내주요거점역":"NA",
            "30분거점역이름":"NA",
            "1시간이내주요거점역":"NA",
            "1시간거점역이름":"NA",
            "3km이내백화점수":0,
            "5km이내아울렛몰수":0,
            "1km이내대형먀트수":0,
            "500m이내은행수":0,
            "500m이내병원수":2,
            "5km이내대형병원수":2,
            "500m이내공원수":0,
            "3km이내혐오시설수":0,
            "초등학교학업성취도":90.0,
            "중학교학업성취도":76.5,
            "용적률":0,
            "건폐율":0,
            "Y":36.556866,
            "X":128.760811,
            "rank":26.0,
            "area_info":"30평(100.91), 32평(108.58), 32평(108.65)",
            "last_sales":"2019-11-21,26698.0,32평(108.65)",
            "rank_history":[
                [
                    "202202",
                    26
                ],
                [
                    "202201",
                    20
                ]
            ],
            "rank_gap":-6
        },
        {
            "index":156,
            "아파트명":"안동용상세영리첼2차",
            "투자타입":"일반",
            "전용면적(m2)":"85.1",
            "전용면적(평)":"25평",
            "법정동주소":"경상북도 안동시 용상동 1636",
            "도로명주소":"경상북도 안동시 중평길 55",
            "세대수":0,
            "입주년차":80,
            "용적률점수":"--",
            "건폐율점수":"--",
            "세대당주차수":30,
            "난방방식":30,
            "공급면적":"--",
            "전용률":"--",
            "욕실수":100,
            "현관타입":100,
            "주거총점":43.5,
            "지역구공급총점":0.0,
            "역세권":"NA",
            "30분내 이동가능 거점":"NA",
            "1시간내 이동가능 거점":"NA",
            "교통총점":"NA",
            "백화점":0,
            "아울렛몰":0,
            "대형마트":0,
            "은행":0,
            "병원":60,
            "종합병원":100,
            "공원":80,
            "혐오시설":0,
            "인프라총점":28.4,
            "초등학군":90.01,
            "중학군":46.5,
            "학군총점":55.202,
            "인구수":15.75,
            "인구증감":-2.95,
            "인구총점":10.14,
            "일자리":10.68,
            "소득수준":68.35,
            "일자리총점":27.981,
            "가치 총점":40.3855,
            "매매실거래년":20220127.0,
            "매매실거래가":21800.0,
            "전세실거래년":20211128.0,
            "전세실거래가":15200.0,
            "전세가율":69.72,
            "장기전세가율평균":76.09,
            "전세가율거품지수":6.37,
            "검색코드":105038,
            "세대수":198.0,
            "준공년월":"2014-01-24",
            "준공년차":9.0,
            "가까운역이름":"NA",
            "가까운역거리":"NA",
            "역세권여부":"NA",
            "30분이내주요거점역":"NA",
            "30분거점역이름":"NA",
            "1시간이내주요거점역":"NA",
            "1시간거점역이름":"NA",
            "3km이내백화점수":0,
            "5km이내아울렛몰수":0,
            "1km이내대형먀트수":0,
            "500m이내은행수":0,
            "500m이내병원수":11,
            "5km이내대형병원수":3,
            "500m이내공원수":1,
            "3km이내혐오시설수":0,
            "초등학교학업성취도":90.01,
            "중학교학업성취도":76.5,
            "용적률":213,
            "건폐율":19,
            "Y":36.555434,
            "X":128.750107,
            "rank":27.0,
            "area_info":"25평(85.1)",
            "last_sales":"2022-01-27,21800.0,25평(85.1)",
            "rank_history":[
                [
                    "202202",
                    27
                ],
                [
                    "202201",
                    24
                ]
            ],
            "rank_gap":-3
        },
        {
            "index":114,
            "아파트명":"삼성2차",
            "투자타입":"일반",
            "전용면적(m2)":"99.56",
            "전용면적(평)":"30평",
            "법정동주소":"경상북도 안동시 옥동 618-4",
            "도로명주소":"경상북도 안동시 광명로 212-5",
            "세대수":0,
            "입주년차":20,
            "용적률점수":"--",
            "건폐율점수":"--",
            "세대당주차수":0,
            "난방방식":30,
            "공급면적":"--",
            "전용률":"--",
            "욕실수":100,
            "현관타입":100,
            "주거총점":27.0,
            "지역구공급총점":0.0,
            "역세권":"NA",
            "30분내 이동가능 거점":"NA",
            "1시간내 이동가능 거점":"NA",
            "교통총점":"NA",
            "백화점":0,
            "아울렛몰":0,
            "대형마트":80,
            "은행":20,
            "병원":60,
            "종합병원":100,
            "공원":100,
            "혐오시설":0,
            "인프라총점":43.0,
            "초등학군":90.01,
            "중학군":44.68,
            "학군총점":53.746,
            "인구수":15.75,
            "인구증감":-2.95,
            "인구총점":10.14,
            "일자리":10.68,
            "소득수준":68.35,
            "일자리총점":27.981,
            "가치 총점":40.0865,
            "매매실거래년":20210820.0,
            "매매실거래가":15200.0,
            "전세실거래년":20200418.0,
            "전세실거래가":12500.0,
            "전세가율":82.24,
            "장기전세가율평균":76.09,
            "전세가율거품지수":-6.15,
            "검색코드":6403,
            "세대수":210.0,
            "준공년월":"1999-05-31",
            "준공년차":24.0,
            "가까운역이름":"NA",
            "가까운역거리":"NA",
            "역세권여부":"NA",
            "30분이내주요거점역":"NA",
            "30분거점역이름":"NA",
            "1시간이내주요거점역":"NA",
            "1시간거점역이름":"NA",
            "3km이내백화점수":0,
            "5km이내아울렛몰수":0,
            "1km이내대형먀트수":1,
            "500m이내은행수":2,
            "500m이내병원수":11,
            "5km이내대형병원수":3,
            "500m이내공원수":4,
            "3km이내혐오시설수":0,
            "초등학교학업성취도":90.01,
            "중학교학업성취도":73.8,
            "용적률":0,
            "건폐율":0,
            "Y":36.563784,
            "X":128.706585,
            "rank":28.0,
            "area_info":"30평(99.56)",
            "last_sales":"2021-08-20,15200.0,30평(99.56)",
            "rank_history":[
                [
                    "202202",
                    28
                ],
                [
                    "202201",
                    27
                ]
            ],
            "rank_gap":-1
        },
        {
            "index":205,
            "아파트명":"현진에버빌2차",
            "투자타입":"일반",
            "전용면적(m2)":"84.82",
            "전용면적(평)":"25평",
            "법정동주소":"경상북도 안동시 정하동 240-1",
            "도로명주소":"경상북도 안동시 강남5길 112",
            "세대수":30,
            "입주년차":20,
            "용적률점수":"--",
            "건폐율점수":"--",
            "세대당주차수":0,
            "난방방식":30,
            "공급면적":"--",
            "전용률":"--",
            "욕실수":50,
            "현관타입":100,
            "주거총점":32.5,
            "지역구공급총점":0.0,
            "역세권":"NA",
            "30분내 이동가능 거점":"NA",
            "1시간내 이동가능 거점":"NA",
            "교통총점":"NA",
            "백화점":0,
            "아울렛몰":0,
            "대형마트":80,
            "은행":0,
            "병원":10,
            "종합병원":100,
            "공원":100,
            "혐오시설":0,
            "인프라총점":36.0,
            "초등학군":90.0,
            "중학군":47.96,
            "학군총점":56.368,
            "인구수":15.75,
            "인구증감":-2.95,
            "인구총점":10.14,
            "일자리":10.68,
            "소득수준":68.35,
            "일자리총점":27.981,
            "가치 총점":39.867,
            "매매실거래년":20220119.0,
            "매매실거래가":15500.0,
            "전세실거래년":20211029.0,
            "전세실거래가":13300.0,
            "전세가율":85.81,
            "장기전세가율평균":76.09,
            "전세가율거품지수":-9.72,
            "검색코드":23639,
            "세대수":354.0,
            "준공년월":"2003-12-23",
            "준공년차":20.0,
            "가까운역이름":"NA",
            "가까운역거리":"NA",
            "역세권여부":"NA",
            "30분이내주요거점역":"NA",
            "30분거점역이름":"NA",
            "1시간이내주요거점역":"NA",
            "1시간거점역이름":"NA",
            "3km이내백화점수":0,
            "5km이내아울렛몰수":0,
            "1km이내대형먀트수":1,
            "500m이내은행수":0,
            "500m이내병원수":4,
            "5km이내대형병원수":3,
            "500m이내공원수":3,
            "3km이내혐오시설수":0,
            "초등학교학업성취도":90.0,
            "중학교학업성취도":79.6,
            "용적률":202,
            "건폐율":21,
            "Y":36.550902,
            "X":128.729589,
            "rank":29.0,
            "area_info":"25평(84.82), 26평(86.89)",
            "last_sales":"2022-01-19,15500.0,25평(84.82)",
            "rank_history":[
                [
                    "202202",
                    29
                ],
                [
                    "202201",
                    17
                ]
            ],
            "rank_gap":-12
        },
        {
            "index":237,
            "아파트명":"우성",
            "투자타입":"일반",
            "전용면적(m2)":"75.25",
            "전용면적(평)":"22평",
            "법정동주소":"경상북도 안동시 태화동 578-1",
            "도로명주소":"경상북도 안동시 어가골윗길 10-3",
            "세대수":30,
            "입주년차":0,
            "용적률점수":"--",
            "건폐율점수":"--",
            "세대당주차수":0,
            "난방방식":80,
            "공급면적":"--",
            "전용률":"--",
            "욕실수":50,
            "현관타입":100,
            "주거총점":33.5,
            "지역구공급총점":0.0,
            "역세권":"NA",
            "30분내 이동가능 거점":"NA",
            "1시간내 이동가능 거점":"NA",
            "교통총점":"NA",
            "백화점":0,
            "아울렛몰":0,
            "대형마트":80,
            "은행":0,
            "병원":10,
            "종합병원":100,
            "공원":100,
            "혐오시설":0,
            "인프라총점":36.0,
            "초등학군":90.01,
            "중학군":44.68,
            "학군총점":53.746,
            "인구수":15.75,
            "인구증감":-2.95,
            "인구총점":10.14,
            "일자리":10.68,
            "소득수준":68.35,
            "일자리총점":27.981,
            "가치 총점":39.5615,
            "매매실거래년":20220108.0,
            "매매실거래가":16000.0,
            "전세실거래년":20201221.0,
            "전세실거래가":8000.0,
            "전세가율":50.0,
            "장기전세가율평균":76.09,
            "전세가율거품지수":26.09,
            "검색코드":6495,
            "세대수":386.0,
            "준공년월":"1995-12-28",
            "준공년차":28.0,
            "가까운역이름":"NA",
            "가까운역거리":"NA",
            "역세권여부":"NA",
            "30분이내주요거점역":"NA",
            "30분거점역이름":"NA",
            "1시간이내주요거점역":"NA",
            "1시간거점역이름":"NA",
            "3km이내백화점수":0,
            "5km이내아울렛몰수":0,
            "1km이내대형먀트수":1,
            "500m이내은행수":1,
            "500m이내병원수":2,
            "5km이내대형병원수":3,
            "500m이내공원수":2,
            "3km이내혐오시설수":0,
            "초등학교학업성취도":90.01,
            "중학교학업성취도":73.8,
            "용적률":0,
            "건폐율":0,
            "Y":36.559668,
            "X":128.706134,
            "rank":30.0,
            "area_info":"22평(75.25), 30평(101.44), 45평(149.24)",
            "last_sales":"2022-01-08,16000.0,30평(101.44)",
            "rank_history":[
                [
                    "202202",
                    30
                ],
                [
                    "202201",
                    22
                ]
            ],
            "rank_gap":-8
        },
        {
            "index":227,
            "아파트명":"삼성3차",
            "투자타입":"일반",
            "전용면적(m2)":"99.06",
            "전용면적(평)":"29평",
            "법정동주소":"경상북도 안동시 태화동 877",
            "도로명주소":"경상북도 안동시 말구리길 33",
            "세대수":0,
            "입주년차":20,
            "용적률점수":"--",
            "건폐율점수":"--",
            "세대당주차수":0,
            "난방방식":30,
            "공급면적":"--",
            "전용률":"--",
            "욕실수":50,
            "현관타입":100,
            "주거총점":22.0,
            "지역구공급총점":0.0,
            "역세권":"NA",
            "30분내 이동가능 거점":"NA",
            "1시간내 이동가능 거점":"NA",
            "교통총점":"NA",
            "백화점":0,
            "아울렛몰":0,
            "대형마트":100,
            "은행":20,
            "병원":60,
            "종합병원":100,
            "공원":100,
            "혐오시설":0,
            "인프라총점":46.0,
            "초등학군":90.01,
            "중학군":44.68,
            "학군총점":53.746,
            "인구수":15.75,
            "인구증감":-2.95,
            "인구총점":10.14,
            "일자리":10.68,
            "소득수준":68.35,
            "일자리총점":27.981,
            "가치 총점":39.5365,
            "매매실거래년":20210908.0,
            "매매실거래가":20750.0,
            "전세실거래년":20191101.0,
            "전세실거래가":12000.0,
            "전세가율":57.83,
            "장기전세가율평균":76.09,
            "전세가율거품지수":18.26,
            "검색코드":6488,
            "세대수":161.0,
            "준공년월":"1999-05-31",
            "준공년차":24.0,
            "가까운역이름":"NA",
            "가까운역거리":"NA",
            "역세권여부":"NA",
            "30분이내주요거점역":"NA",
            "30분거점역이름":"NA",
            "1시간이내주요거점역":"NA",
            "1시간거점역이름":"NA",
            "3km이내백화점수":0,
            "5km이내아울렛몰수":0,
            "1km이내대형먀트수":2,
            "500m이내은행수":2,
            "500m이내병원수":21,
            "5km이내대형병원수":3,
            "500m이내공원수":3,
            "3km이내혐오시설수":0,
            "초등학교학업성취도":90.01,
            "중학교학업성취도":73.8,
            "용적률":0,
            "건폐율":0,
            "Y":36.565625,
            "X":128.704568,
            "rank":31.0,
            "area_info":"29평(99.06), 41평(136.24)",
            "last_sales":"2021-09-08,20750.0,29평(99.06)",
            "rank_history":[
                [
                    "202202",
                    31
                ],
                [
                    "202201",
                    28
                ]
            ],
            "rank_gap":-3
        },
        {
            "index":186,
            "아파트명":"현대(600)",
            "투자타입":"일반",
            "전용면적(m2)":"72.94",
            "전용면적(평)":"22평",
            "법정동주소":"경상북도 안동시 용상동 600",
            "도로명주소":"경상북도 안동시 길주길 101-12",
            "세대수":100,
            "입주년차":0,
            "용적률점수":"--",
            "건폐율점수":"--",
            "세대당주차수":0,
            "난방방식":80,
            "공급면적":"--",
            "전용률":"--",
            "욕실수":50,
            "현관타입":10,
            "주거총점":49.0,
            "지역구공급총점":0.0,
            "역세권":"NA",
            "30분내 이동가능 거점":"NA",
            "1시간내 이동가능 거점":"NA",
            "교통총점":"NA",
            "백화점":0,
            "아울렛몰":0,
            "대형마트":0,
            "은행":0,
            "병원":10,
            "종합병원":100,
            "공원":0,
            "혐오시설":0,
            "인프라총점":21.0,
            "초등학군":90.0,
            "중학군":46.5,
            "학군총점":55.2,
            "인구수":15.75,
            "인구증감":-2.95,
            "인구총점":10.14,
            "일자리":10.68,
            "소득수준":68.35,
            "일자리총점":27.981,
            "가치 총점":39.35,
            "매매실거래년":20211120.0,
            "매매실거래가":17900.0,
            "전세실거래년":null,
            "전세실거래가":null,
            "전세가율":null,
            "장기전세가율평균":76.09,
            "전세가율거품지수":null,
            "검색코드":6446,
            "세대수":1533.0,
            "준공년월":"1995-06-24",
            "준공년차":28.0,
            "가까운역이름":"NA",
            "가까운역거리":"NA",
            "역세권여부":"NA",
            "30분이내주요거점역":"NA",
            "30분거점역이름":"NA",
            "1시간이내주요거점역":"NA",
            "1시간거점역이름":"NA",
            "3km이내백화점수":0,
            "5km이내아울렛몰수":0,
            "1km이내대형먀트수":0,
            "500m이내은행수":0,
            "500m이내병원수":2,
            "5km이내대형병원수":2,
            "500m이내공원수":0,
            "3km이내혐오시설수":0,
            "초등학교학업성취도":90.0,
            "중학교학업성취도":76.5,
            "용적률":152,
            "건폐율":12,
            "Y":36.554924,
            "X":128.763088,
            "rank":32.0,
            "area_info":"22평(72.94), 23평(77.27), 31평(104.35), 38평(127.04), 49평(165.08)",
            "last_sales":"2021-11-20,17900.0,49평(165.08)",
            "rank_history":[
                [
                    "202202",
                    32
                ],
                [
                    "202201",
                    23
                ]
            ],
            "rank_gap":-9
        },
        {
            "index":157,
            "아파트명":"용상화성파크드림",
            "투자타입":"일반",
            "전용면적(m2)":"81.84",
            "전용면적(평)":"24평",
            "법정동주소":"경상북도 안동시 용상동 1640",
            "도로명주소":"경상북도 안동시 경동로 951",
            "세대수":0,
            "입주년차":100,
            "용적률점수":"--",
            "건폐율점수":"--",
            "세대당주차수":30,
            "난방방식":30,
            "공급면적":"--",
            "전용률":"--",
            "욕실수":100,
            "현관타입":100,
            "주거총점":47.5,
            "지역구공급총점":0.0,
            "역세권":"NA",
            "30분내 이동가능 거점":"NA",
            "1시간내 이동가능 거점":"NA",
            "교통총점":"NA",
            "백화점":0,
            "아울렛몰":0,
            "대형마트":0,
            "은행":0,
            "병원":10,
            "종합병원":100,
            "공원":0,
            "혐오시설":0,
            "인프라총점":21.0,
            "초등학군":90.0,
            "중학군":46.5,
            "학군총점":55.2,
            "인구수":15.75,
            "인구증감":-2.95,
            "인구총점":10.14,
            "일자리":10.68,
            "소득수준":68.35,
            "일자리총점":27.981,
            "가치 총점":38.825,
            "매매실거래년":20211208.0,
            "매매실거래가":25000.0,
            "전세실거래년":20211214.0,
            "전세실거래가":23000.0,
            "전세가율":92.0,
            "장기전세가율평균":76.09,
            "전세가율거품지수":-15.91,
            "검색코드":115699,
            "세대수":240.0,
            "준공년월":"2019-01-30",
            "준공년차":4.0,
            "가까운역이름":"NA",
            "가까운역거리":"NA",
            "역세권여부":"NA",
            "30분이내주요거점역":"NA",
            "30분거점역이름":"NA",
            "1시간이내주요거점역":"NA",
            "1시간거점역이름":"NA",
            "3km이내백화점수":0,
            "5km이내아울렛몰수":0,
            "1km이내대형먀트수":0,
            "500m이내은행수":0,
            "500m이내병원수":4,
            "5km이내대형병원수":2,
            "500m이내공원수":0,
            "3km이내혐오시설수":0,
            "초등학교학업성취도":90.0,
            "중학교학업성취도":76.5,
            "용적률":249,
            "건폐율":23,
            "Y":36.555069,
            "X":128.758948,
            "rank":33.0,
            "area_info":"24평(81.84), 30평(99.21), 30평(99.73), 35평(116.39), 39평(130.0), 51평(171.73)",
            "last_sales":"2021-12-08,25000.0,24평(81.84)",
            "rank_history":[
                [
                    "202202",
                    33
                ],
                [
                    "202201",
                    26
                ]
            ],
            "rank_gap":-7
        },
        {
            "index":129,
            "아파트명":"옥동주공4단지",
            "투자타입":"일반",
            "전용면적(m2)":"72.51",
            "전용면적(평)":"21평",
            "법정동주소":"경상북도 안동시 옥동 739-1",
            "도로명주소":"경상북도 안동시 복주길 65",
            "세대수":0,
            "입주년차":20,
            "용적률점수":"--",
            "건폐율점수":"--",
            "세대당주차수":0,
            "난방방식":30,
            "공급면적":"--",
            "전용률":"--",
            "욕실수":50,
            "현관타입":100,
            "주거총점":22.0,
            "지역구공급총점":0.0,
            "역세권":"NA",
            "30분내 이동가능 거점":"NA",
            "1시간내 이동가능 거점":"NA",
            "교통총점":"NA",
            "백화점":0,
            "아울렛몰":0,
            "대형마트":100,
            "은행":0,
            "병원":60,
            "종합병원":100,
            "공원":100,
            "혐오시설":0,
            "인프라총점":44.0,
            "초등학군":90.01,
            "중학군":44.68,
            "학군총점":53.746,
            "인구수":15.75,
            "인구증감":-2.95,
            "인구총점":10.14,
            "일자리":10.68,
            "소득수준":68.35,
            "일자리총점":27.981,
            "가치 총점":38.7365,
            "매매실거래년":20211215.0,
            "매매실거래가":17500.0,
            "전세실거래년":20210517.0,
            "전세실거래가":8400.0,
            "전세가율":70.59,
            "장기전세가율평균":76.09,
            "전세가율거품지수":5.5,
            "검색코드":15933,
            "세대수":296.0,
            "준공년월":"2002-09-09",
            "준공년차":21.0,
            "가까운역이름":"NA",
            "가까운역거리":"NA",
            "역세권여부":"NA",
            "30분이내주요거점역":"NA",
            "30분거점역이름":"NA",
            "1시간이내주요거점역":"NA",
            "1시간거점역이름":"NA",
            "3km이내백화점수":0,
            "5km이내아울렛몰수":0,
            "1km이내대형먀트수":2,
            "500m이내은행수":1,
            "500m이내병원수":29,
            "5km이내대형병원수":3,
            "500m이내공원수":5,
            "3km이내혐오시설수":0,
            "초등학교학업성취도":90.01,
            "중학교학업성취도":73.8,
            "용적률":178,
            "건폐율":16,
            "Y":36.564809,
            "X":128.697768,
            "rank":34.0,
            "area_info":"21평(72.51), 24평(81.69)",
            "last_sales":"2021-12-15,17500.0,24평(81.69)",
            "rank_history":[
                [
                    "202202",
                    34
                ],
                [
                    "202201",
                    32
                ]
            ],
            "rank_gap":-2
        },
        {
            "index":178,
            "아파트명":"주공5단지",
            "투자타입":"일반",
            "전용면적(m2)":"66.61",
            "전용면적(평)":"20평",
            "법정동주소":"경상북도 안동시 용상동 1625",
            "도로명주소":"경상북도 안동시 경동로 977-6",
            "세대수":80,
            "입주년차":0,
            "용적률점수":"--",
            "건폐율점수":"--",
            "세대당주차수":0,
            "난방방식":30,
            "공급면적":"--",
            "전용률":"--",
            "욕실수":50,
            "현관타입":100,
            "주거총점":46.0,
            "지역구공급총점":0.0,
            "역세권":"NA",
            "30분내 이동가능 거점":"NA",
            "1시간내 이동가능 거점":"NA",
            "교통총점":"NA",
            "백화점":0,
            "아울렛몰":0,
            "대형마트":0,
            "은행":0,
            "병원":10,
            "종합병원":100,
            "공원":0,
            "혐오시설":0,
            "인프라총점":21.0,
            "초등학군":90.0,
            "중학군":46.5,
            "학군총점":55.2,
            "인구수":15.75,
            "인구증감":-2.95,
            "인구총점":10.14,
            "일자리":10.68,
            "소득수준":68.35,
            "일자리총점":27.981,
            "가치 총점":38.3,
            "매매실거래년":20220121.0,
            "매매실거래가":9400.0,
            "전세실거래년":20210222.0,
            "전세실거래가":7000.0,
            "전세가율":116.67,
            "장기전세가율평균":76.09,
            "전세가율거품지수":-40.58,
            "검색코드":6428,
            "세대수":856.0,
            "준공년월":"1998-10-22",
            "준공년차":25.0,
            "가까운역이름":"NA",
            "가까운역거리":"NA",
            "역세권여부":"NA",
            "30분이내주요거점역":"NA",
            "30분거점역이름":"NA",
            "1시간이내주요거점역":"NA",
            "1시간거점역이름":"NA",
            "3km이내백화점수":0,
            "5km이내아울렛몰수":0,
            "1km이내대형먀트수":0,
            "500m이내은행수":0,
            "500m이내병원수":2,
            "5km이내대형병원수":2,
            "500m이내공원수":0,
            "3km이내혐오시설수":0,
            "초등학교학업성취도":90.0,
            "중학교학업성취도":76.5,
            "용적률":0,
            "건폐율":0,
            "Y":36.553283,
            "X":128.762485,
            "rank":35.0,
            "area_info":"20평(66.61), 20평(68.29), 24평(80.4), 24평(81.07)",
            "last_sales":"2022-01-21,9400.0,24평(80.4)",
            "rank_history":[
                [
                    "202202",
                    35
                ],
                [
                    "202201",
                    29
                ]
            ],
            "rank_gap":-6
        },
        {
            "index":66,
            "아파트명":"주공1단지",
            "투자타입":"재건축",
            "전용면적(m2)":"45.85",
            "전용면적(평)":"13평",
            "법정동주소":"경상북도 안동시 송현동 271",
            "도로명주소":"경상북도 안동시 합전1길 64-6",
            "세대수":50,
            "입주년차":"--",
            "용적률점수":0,
            "건폐율점수":0,
            "세대당주차수":"--",
            "난방방식":"--",
            "공급면적":50,
            "전용률":80,
            "욕실수":"--",
            "현관타입":"--",
            "주거총점":21.5,
            "지역구공급총점":0.0,
            "역세권":"NA",
            "30분내 이동가능 거점":"NA",
            "1시간내 이동가능 거점":"NA",
            "교통총점":"NA",
            "백화점":0,
            "아울렛몰":0,
            "대형마트":80,
            "은행":0,
            "병원":60,
            "종합병원":100,
            "공원":100,
            "혐오시설":0,
            "인프라총점":41.0,
            "초등학군":89.99,
            "중학군":46.24,
            "학군총점":54.99,
            "인구수":15.75,
            "인구증감":-2.95,
            "인구총점":10.14,
            "일자리":10.68,
            "소득수준":68.35,
            "일자리총점":27.981,
            "가치 총점":37.6725,
            "매매실거래년":20211230.0,
            "매매실거래가":12500.0,
            "전세실거래년":20220114.0,
            "전세실거래가":3000.0,
            "전세가율":24.0,
            "장기전세가율평균":76.09,
            "전세가율거품지수":52.09,
            "검색코드":6353,
            "세대수":420.0,
            "준공년월":"1984-05-21",
            "준공년차":39.0,
            "가까운역이름":"NA",
            "가까운역거리":"NA",
            "역세권여부":"NA",
            "30분이내주요거점역":"NA",
            "30분거점역이름":"NA",
            "1시간이내주요거점역":"NA",
            "1시간거점역이름":"NA",
            "3km이내백화점수":0,
            "5km이내아울렛몰수":0,
            "1km이내대형먀트수":1,
            "500m이내은행수":0,
            "500m이내병원수":16,
            "5km이내대형병원수":3,
            "500m이내공원수":5,
            "3km이내혐오시설수":0,
            "초등학교학업성취도":89.99,
            "중학교학업성취도":76.8,
            "용적률":0,
            "건폐율":0,
            "Y":36.570883,
            "X":128.700907,
            "rank":36.0,
            "area_info":"13평(45.85), 13평(45.72), 14평(47.57), 16평(54.77), 19평(65.99)",
            "last_sales":"2021-12-30,12500.0,13평(45.85)",
            "rank_history":[
                [
                    "202202",
                    36
                ],
                [
                    "202201",
                    40
                ]
            ],
            "rank_gap":4
        },
        {
            "index":30,
            "아파트명":"삼성명가타운2차",
            "투자타입":"일반",
            "전용면적(m2)":"93.51",
            "전용면적(평)":"28평",
            "법정동주소":"경상북도 안동시 송현동 527",
            "도로명주소":"경상북도 안동시 송현길 154-16",
            "세대수":0,
            "입주년차":20,
            "용적률점수":"--",
            "건폐율점수":"--",
            "세대당주차수":30,
            "난방방식":30,
            "공급면적":"--",
            "전용률":"--",
            "욕실수":100,
            "현관타입":10,
            "주거총점":22.5,
            "지역구공급총점":0.0,
            "역세권":"NA",
            "30분내 이동가능 거점":"NA",
            "1시간내 이동가능 거점":"NA",
            "교통총점":"NA",
            "백화점":0,
            "아울렛몰":0,
            "대형마트":100,
            "은행":0,
            "병원":10,
            "종합병원":100,
            "공원":80,
            "혐오시설":0,
            "인프라총점":38.4,
            "초등학군":89.99,
            "중학군":49.32,
            "학군총점":57.454,
            "인구수":15.75,
            "인구증감":-2.95,
            "인구총점":10.14,
            "일자리":10.68,
            "소득수준":68.35,
            "일자리총점":27.981,
            "가치 총점":37.5985,
            "매매실거래년":20220110.0,
            "매매실거래가":18700.0,
            "전세실거래년":20180828.0,
            "전세실거래가":10000.0,
            "전세가율":53.48,
            "장기전세가율평균":76.09,
            "전세가율거품지수":22.61,
            "검색코드":101756,
            "세대수":295.0,
            "준공년월":"2001-08-27",
            "준공년차":22.0,
            "가까운역이름":"NA",
            "가까운역거리":"NA",
            "역세권여부":"NA",
            "30분이내주요거점역":"NA",
            "30분거점역이름":"NA",
            "1시간이내주요거점역":"NA",
            "1시간거점역이름":"NA",
            "3km이내백화점수":0,
            "5km이내아울렛몰수":0,
            "1km이내대형먀트수":2,
            "500m이내은행수":0,
            "500m이내병원수":3,
            "5km이내대형병원수":3,
            "500m이내공원수":1,
            "3km이내혐오시설수":0,
            "초등학교학업성취도":89.99,
            "중학교학업성취도":81.2,
            "용적률":220,
            "건폐율":19,
            "Y":36.574591,
            "X":128.692504,
            "rank":37.0,
            "area_info":"28평(93.51), 29평(96.42), 31평(103.34), 32평(107.0)",
            "last_sales":"2022-01-10,18700.0,28평(93.51)",
            "rank_history":[
                [
                    "202202",
                    37
                ],
                [
                    "202201",
                    44
                ]
            ],
            "rank_gap":7
        },
        {
            "index":115,
            "아파트명":"세영",
            "투자타입":"일반",
            "전용면적(m2)":"72.82",
            "전용면적(평)":"22평",
            "법정동주소":"경상북도 안동시 옥동 768-1",
            "도로명주소":"경상북도 안동시 복주1길 15",
            "세대수":0,
            "입주년차":20,
            "용적률점수":"--",
            "건폐율점수":"--",
            "세대당주차수":0,
            "난방방식":30,
            "공급면적":"--",
            "전용률":"--",
            "욕실수":50,
            "현관타입":100,
            "주거총점":22.0,
            "지역구공급총점":0.0,
            "역세권":"NA",
            "30분내 이동가능 거점":"NA",
            "1시간내 이동가능 거점":"NA",
            "교통총점":"NA",
            "백화점":0,
            "아울렛몰":0,
            "대형마트":80,
            "은행":0,
            "병원":60,
            "종합병원":100,
            "공원":100,
            "혐오시설":0,
            "인프라총점":41.0,
            "초등학군":90.01,
            "중학군":44.68,
            "학군총점":53.746,
            "인구수":15.75,
            "인구증감":-2.95,
            "인구총점":10.14,
            "일자리":10.68,
            "소득수준":68.35,
            "일자리총점":27.981,
            "가치 총점":37.5365,
            "매매실거래년":20220115.0,
            "매매실거래가":14300.0,
            "전세실거래년":20211211.0,
            "전세실거래가":9000.0,
            "전세가율":62.94,
            "장기전세가율평균":76.09,
            "전세가율거품지수":13.15,
            "검색코드":23677,
            "세대수":251.0,
            "준공년월":"1999-08-16",
            "준공년차":24.0,
            "가까운역이름":"NA",
            "가까운역거리":"NA",
            "역세권여부":"NA",
            "30분이내주요거점역":"NA",
            "30분거점역이름":"NA",
            "1시간이내주요거점역":"NA",
            "1시간거점역이름":"NA",
            "3km이내백화점수":0,
            "5km이내아울렛몰수":0,
            "1km이내대형먀트수":1,
            "500m이내은행수":1,
            "500m이내병원수":20,
            "5km이내대형병원수":3,
            "500m이내공원수":8,
            "3km이내혐오시설수":0,
            "초등학교학업성취도":90.01,
            "중학교학업성취도":73.8,
            "용적률":0,
            "건폐율":0,
            "Y":36.561289,
            "X":128.698608,
            "rank":38.0,
            "area_info":"22평(72.82), 22평(72.89), 23평(77.96), 25평(85.82)",
            "last_sales":"2022-01-15,14300.0,22평(72.82)",
            "rank_history":[
                [
                    "202202",
                    38
                ],
                [
                    "202201",
                    32
                ]
            ],
            "rank_gap":-6
        },
        {
            "index":131,
            "아파트명":"옥동주공5단지",
            "투자타입":"일반",
            "전용면적(m2)":"70.63",
            "전용면적(평)":"21평",
            "법정동주소":"경상북도 안동시 옥동 740-1",
            "도로명주소":"경상북도 안동시 복주길 66",
            "세대수":0,
            "입주년차":20,
            "용적률점수":"--",
            "건폐율점수":"--",
            "세대당주차수":0,
            "난방방식":30,
            "공급면적":"--",
            "전용률":"--",
            "욕실수":50,
            "현관타입":10,
            "주거총점":13.0,
            "지역구공급총점":0.0,
            "역세권":"NA",
            "30분내 이동가능 거점":"NA",
            "1시간내 이동가능 거점":"NA",
            "교통총점":"NA",
            "백화점":0,
            "아울렛몰":0,
            "대형마트":100,
            "은행":20,
            "병원":80,
            "종합병원":100,
            "공원":100,
            "혐오시설":0,
            "인프라총점":48.0,
            "초등학군":90.01,
            "중학군":44.68,
            "학군총점":53.746,
            "인구수":15.75,
            "인구증감":-2.95,
            "인구총점":10.14,
            "일자리":10.68,
            "소득수준":68.35,
            "일자리총점":27.981,
            "가치 총점":37.1865,
            "매매실거래년":20220111.0,
            "매매실거래가":12100.0,
            "전세실거래년":20201221.0,
            "전세실거래가":8500.0,
            "전세가율":70.25,
            "장기전세가율평균":76.09,
            "전세가율거품지수":5.84,
            "검색코드":101268,
            "세대수":283.0,
            "준공년월":"2002-09-09",
            "준공년차":21.0,
            "가까운역이름":"NA",
            "가까운역거리":"NA",
            "역세권여부":"NA",
            "30분이내주요거점역":"NA",
            "30분거점역이름":"NA",
            "1시간이내주요거점역":"NA",
            "1시간거점역이름":"NA",
            "3km이내백화점수":0,
            "5km이내아울렛몰수":0,
            "1km이내대형먀트수":2,
            "500m이내은행수":2,
            "500m이내병원수":33,
            "5km이내대형병원수":3,
            "500m이내공원수":6,
            "3km이내혐오시설수":0,
            "초등학교학업성취도":90.01,
            "중학교학업성취도":73.8,
            "용적률":171,
            "건폐율":15,
            "Y":36.564838,
            "X":128.698975,
            "rank":39.0,
            "area_info":"21평(70.63)",
            "last_sales":"2022-01-11,12100.0,21평(70.63)",
            "rank_history":[
                [
                    "202202",
                    39
                ],
                [
                    "202201",
                    37
                ]
            ],
            "rank_gap":-2
        },
        {
            "index":240,
            "아파트명":"태성드림하이츠",
            "투자타입":"일반",
            "전용면적(m2)":"78.27",
            "전용면적(평)":"23평",
            "법정동주소":"경상북도 안동시 태화동 656",
            "도로명주소":"경상북도 안동시 말구리길 87",
            "세대수":0,
            "입주년차":20,
            "용적률점수":"--",
            "건폐율점수":"--",
            "세대당주차수":30,
            "난방방식":80,
            "공급면적":"--",
            "전용률":"--",
            "욕실수":50,
            "현관타입":10,
            "주거총점":22.5,
            "지역구공급총점":0.0,
            "역세권":"NA",
            "30분내 이동가능 거점":"NA",
            "1시간내 이동가능 거점":"NA",
            "교통총점":"NA",
            "백화점":0,
            "아울렛몰":0,
            "대형마트":80,
            "은행":0,
            "병원":30,
            "종합병원":100,
            "공원":100,
            "혐오시설":0,
            "인프라총점":38.0,
            "초등학군":90.01,
            "중학군":46.24,
            "학군총점":54.994,
            "인구수":15.75,
            "인구증감":-2.95,
            "인구총점":10.14,
            "일자리":10.68,
            "소득수준":68.35,
            "일자리총점":27.981,
            "가치 총점":36.8235,
            "매매실거래년":20220115.0,
            "매매실거래가":9500.0,
            "전세실거래년":20211030.0,
            "전세실거래가":7000.0,
            "전세가율":73.68,
            "장기전세가율평균":76.09,
            "전세가율거품지수":2.41,
            "검색코드":6471,
            "세대수":231.0,
            "준공년월":"1999-12-24",
            "준공년차":24.0,
            "가까운역이름":"NA",
            "가까운역거리":"NA",
            "역세권여부":"NA",
            "30분이내주요거점역":"NA",
            "30분거점역이름":"NA",
            "1시간이내주요거점역":"NA",
            "1시간거점역이름":"NA",
            "3km이내백화점수":0,
            "5km이내아울렛몰수":0,
            "1km이내대형먀트수":1,
            "500m이내은행수":0,
            "500m이내병원수":5,
            "5km이내대형병원수":3,
            "500m이내공원수":5,
            "3km이내혐오시설수":0,
            "초등학교학업성취도":90.01,
            "중학교학업성취도":76.8,
            "용적률":226,
            "건폐율":22,
            "Y":36.567596,
            "X":128.70653,
            "rank":40.0,
            "area_info":"23평(78.27), 29평(96.68)",
            "last_sales":"2022-01-15,9500.0,23평(78.27)",
            "rank_history":[
                [
                    "202202",
                    40
                ],
                [
                    "202201",
                    45
                ]
            ],
            "rank_gap":5
        },
        {
            "index":59,
            "아파트명":"영남",
            "투자타입":"일반",
            "전용면적(m2)":"73.55",
            "전용면적(평)":"22평",
            "법정동주소":"경상북도 안동시 송현동 298-9",
            "도로명주소":"경상북도 안동시 합전3길 33-22",
            "세대수":0,
            "입주년차":0,
            "용적률점수":"--",
            "건폐율점수":"--",
            "세대당주차수":0,
            "난방방식":30,
            "공급면적":"--",
            "전용률":"--",
            "욕실수":50,
            "현관타입":100,
            "주거총점":18.0,
            "지역구공급총점":0.0,
            "역세권":"NA",
            "30분내 이동가능 거점":"NA",
            "1시간내 이동가능 거점":"NA",
            "교통총점":"NA",
            "백화점":0,
            "아울렛몰":0,
            "대형마트":80,
            "은행":0,
            "병원":60,
            "종합병원":100,
            "공원":100,
            "혐오시설":0,
            "인프라총점":41.0,
            "초등학군":89.99,
            "중학군":46.24,
            "학군총점":54.99,
            "인구수":15.75,
            "인구증감":-2.95,
            "인구총점":10.14,
            "일자리":10.68,
            "소득수준":68.35,
            "일자리총점":27.981,
            "가치 총점":36.4475,
            "매매실거래년":20210601.0,
            "매매실거래가":5700.0,
            "전세실거래년":20181116.0,
            "전세실거래가":4500.0,
            "전세가율":78.95,
            "장기전세가율평균":76.09,
            "전세가율거품지수":-2.86,
            "검색코드":6337,
            "세대수":118.0,
            "준공년월":"1994-04-07",
            "준공년차":29.0,
            "가까운역이름":"NA",
            "가까운역거리":"NA",
            "역세권여부":"NA",
            "30분이내주요거점역":"NA",
            "30분거점역이름":"NA",
            "1시간이내주요거점역":"NA",
            "1시간거점역이름":"NA",
            "3km이내백화점수":0,
            "5km이내아울렛몰수":0,
            "1km이내대형먀트수":1,
            "500m이내은행수":0,
            "500m이내병원수":17,
            "5km이내대형병원수":3,
            "500m이내공원수":4,
            "3km이내혐오시설수":0,
            "초등학교학업성취도":89.99,
            "중학교학업성취도":76.8,
            "용적률":0,
            "건폐율":0,
            "Y":36.570957,
            "X":128.698974,
            "rank":41.0,
            "area_info":"22평(73.55), 22평(75.18), 22평(75.51), 29평(97.96), 31평(102.77), 31평(103.64), 46평(155.27)",
            "last_sales":"2021-06-01,5700.0,22평(73.55)",
            "rank_history":[
                [
                    "202202",
                    41
                ],
                [
                    "202201",
                    43
                ]
            ],
            "rank_gap":2
        },
        {
            "index":89,
            "아파트명":"대원타운",
            "투자타입":"일반",
            "전용면적(m2)":"74.54",
            "전용면적(평)":"22평",
            "법정동주소":"경상북도 안동시 안기동 168-6",
            "도로명주소":"경상북도 안동시 안기1길 39",
            "세대수":50,
            "입주년차":0,
            "용적률점수":"--",
            "건폐율점수":"--",
            "세대당주차수":0,
            "난방방식":30,
            "공급면적":"--",
            "전용률":"--",
            "욕실수":50,
            "현관타입":100,
            "주거총점":35.5,
            "지역구공급총점":0.0,
            "역세권":"NA",
            "30분내 이동가능 거점":"NA",
            "1시간내 이동가능 거점":"NA",
            "교통총점":"NA",
            "백화점":0,
            "아울렛몰":0,
            "대형마트":0,
            "은행":0,
            "병원":10,
            "종합병원":100,
            "공원":100,
            "혐오시설":0,
            "인프라총점":24.0,
            "초등학군":90.0,
            "중학군":48.54,
            "학군총점":56.832,
            "인구수":15.75,
            "인구증감":-2.95,
            "인구총점":10.14,
            "일자리":10.68,
            "소득수준":68.35,
            "일자리총점":27.981,
            "가치 총점":36.233,
            "매매실거래년":20220117.0,
            "매매실거래가":7000.0,
            "전세실거래년":20211216.0,
            "전세실거래가":6000.0,
            "전세가율":85.71,
            "장기전세가율평균":76.09,
            "전세가율거품지수":-9.62,
            "검색코드":6370,
            "세대수":492.0,
            "준공년월":"1994-03-12",
            "준공년차":29.0,
            "가까운역이름":"NA",
            "가까운역거리":"NA",
            "역세권여부":"NA",
            "30분이내주요거점역":"NA",
            "30분거점역이름":"NA",
            "1시간이내주요거점역":"NA",
            "1시간거점역이름":"NA",
            "3km이내백화점수":0,
            "5km이내아울렛몰수":0,
            "1km이내대형먀트수":0,
            "500m이내은행수":0,
            "500m이내병원수":2,
            "5km이내대형병원수":3,
            "500m이내공원수":3,
            "3km이내혐오시설수":0,
            "초등학교학업성취도":90.0,
            "중학교학업성취도":80.9,
            "용적률":234,
            "건폐율":17,
            "Y":36.57323,
            "X":128.716794,
            "rank":42.0,
            "area_info":"22평(74.54), 30평(102.02), 53평(177.27)",
            "last_sales":"2022-01-17,7000.0,22평(74.54)",
            "rank_history":[
                [
                    "202202",
                    42
                ],
                [
                    "202201",
                    36
                ]
            ],
            "rank_gap":-6
        },
        {
            "index":182,
            "아파트명":"주공본가타운",
            "투자타입":"일반",
            "전용면적(m2)":"65.35",
            "전용면적(평)":"19평",
            "법정동주소":"경상북도 안동시 용상동 1629",
            "도로명주소":"경상북도 안동시 경동로 977-5",
            "세대수":50,
            "입주년차":20,
            "용적률점수":"--",
            "건폐율점수":"--",
            "세대당주차수":0,
            "난방방식":30,
            "공급면적":"--",
            "전용률":"--",
            "욕실수":50,
            "현관타입":100,
            "주거총점":39.5,
            "지역구공급총점":0.0,
            "역세권":"NA",
            "30분내 이동가능 거점":"NA",
            "1시간내 이동가능 거점":"NA",
            "교통총점":"NA",
            "백화점":0,
            "아울렛몰":0,
            "대형마트":0,
            "은행":0,
            "병원":10,
            "종합병원":100,
            "공원":0,
            "혐오시설":0,
            "인프라총점":21.0,
            "초등학군":90.0,
            "중학군":46.5,
            "학군총점":55.2,
            "인구수":15.75,
            "인구증감":-2.95,
            "인구총점":10.14,
            "일자리":10.68,
            "소득수준":68.35,
            "일자리총점":27.981,
            "가치 총점":36.025,
            "매매실거래년":20210612.0,
            "매매실거래가":20400.0,
            "전세실거래년":20181025.0,
            "전세실거래가":6000.0,
            "전세가율":88.24,
            "장기전세가율평균":76.09,
            "전세가율거품지수":-12.15,
            "검색코드":6442,
            "세대수":632.0,
            "준공년월":"1999-07-24",
            "준공년차":24.0,
            "가까운역이름":"NA",
            "가까운역거리":"NA",
            "역세권여부":"NA",
            "30분이내주요거점역":"NA",
            "30분거점역이름":"NA",
            "1시간이내주요거점역":"NA",
            "1시간거점역이름":"NA",
            "3km이내백화점수":0,
            "5km이내아울렛몰수":0,
            "1km이내대형먀트수":0,
            "500m이내은행수":0,
            "500m이내병원수":2,
            "5km이내대형병원수":2,
            "500m이내공원수":0,
            "3km이내혐오시설수":0,
            "초등학교학업성취도":90.0,
            "중학교학업성취도":76.5,
            "용적률":0,
            "건폐율":0,
            "Y":36.554342,
            "X":128.760284,
            "rank":43.0,
            "area_info":"19평(65.35), 23평(77.17), 24평(80.41), 32평(106.7)",
            "last_sales":"2021-06-12,20400.0,32평(106.7)",
            "rank_history":[
                [
                    "202202",
                    43
                ],
                [
                    "202201",
                    35
                ]
            ],
            "rank_gap":-8
        },
        {
            "index":0,
            "아파트명":"경안타운",
            "투자타입":"일반",
            "전용면적(m2)":"80.57",
            "전용면적(평)":"24평",
            "법정동주소":"경상북도 안동시 금곡동 124-1",
            "도로명주소":"경상북도 안동시 제비원로 172",
            "세대수":30,
            "입주년차":0,
            "용적률점수":"--",
            "건폐율점수":"--",
            "세대당주차수":0,
            "난방방식":80,
            "공급면적":"--",
            "전용률":"--",
            "욕실수":50,
            "현관타입":10,
            "주거총점":24.5,
            "지역구공급총점":0.0,
            "역세권":"NA",
            "30분내 이동가능 거점":"NA",
            "1시간내 이동가능 거점":"NA",
            "교통총점":"NA",
            "백화점":0,
            "아울렛몰":0,
            "대형마트":0,
            "은행":0,
            "병원":60,
            "종합병원":100,
            "공원":100,
            "혐오시설":0,
            "인프라총점":29.0,
            "초등학군":89.99,
            "중학군":48.54,
            "학군총점":56.83,
            "인구수":15.75,
            "인구증감":-2.95,
            "인구총점":10.14,
            "일자리":10.68,
            "소득수준":68.35,
            "일자리총점":27.981,
            "가치 총점":34.3825,
            "매매실거래년":20210911.0,
            "매매실거래가":9700.0,
            "전세실거래년":20211231.0,
            "전세실거래가":5000.0,
            "전세가율":51.55,
            "장기전세가율평균":76.09,
            "전세가율거품지수":24.54,
            "검색코드":6056,
            "세대수":308.0,
            "준공년월":"1995-06-24",
            "준공년차":28.0,
            "가까운역이름":"NA",
            "가까운역거리":"NA",
            "역세권여부":"NA",
            "30분이내주요거점역":"NA",
            "30분거점역이름":"NA",
            "1시간이내주요거점역":"NA",
            "1시간거점역이름":"NA",
            "3km이내백화점수":0,
            "5km이내아울렛몰수":0,
            "1km이내대형먀트수":0,
            "500m이내은행수":1,
            "500m이내병원수":27,
            "5km이내대형병원수":3,
            "500m이내공원수":2,
            "3km이내혐오시설수":0,
            "초등학교학업성취도":89.99,
            "중학교학업성취도":80.9,
            "용적률":343,
            "건폐율":27,
            "Y":36.568054,
            "X":128.720388,
            "rank":44.0,
            "area_info":"24평(80.57), 30평(100.03), 30평(100.38), 41평(136.98)",
            "last_sales":"2021-09-11,9700.0,24평(80.57)",
            "rank_history":[
                [
                    "202202",
                    44
                ],
                [
                    "202201",
                    38
                ]
            ],
            "rank_gap":-6
        },
        {
            "index":26,
            "아파트명":"삼성명가타운1차",
            "투자타입":"일반",
            "전용면적(m2)":"44.49",
            "전용면적(평)":"13평",
            "법정동주소":"경상북도 안동시 송현동 516-5",
            "도로명주소":"경상북도 안동시 송현길 154-19",
            "세대수":0,
            "입주년차":20,
            "용적률점수":"--",
            "건폐율점수":"--",
            "세대당주차수":0,
            "난방방식":30,
            "공급면적":"--",
            "전용률":"--",
            "욕실수":50,
            "현관타입":10,
            "주거총점":13.0,
            "지역구공급총점":0.0,
            "역세권":"NA",
            "30분내 이동가능 거점":"NA",
            "1시간내 이동가능 거점":"NA",
            "교통총점":"NA",
            "백화점":0,
            "아울렛몰":0,
            "대형마트":100,
            "은행":0,
            "병원":10,
            "종합병원":100,
            "공원":80,
            "혐오시설":0,
            "인프라총점":38.4,
            "초등학군":89.99,
            "중학군":49.32,
            "학군총점":57.454,
            "인구수":15.75,
            "인구증감":-2.95,
            "인구총점":10.14,
            "일자리":10.68,
            "소득수준":68.35,
            "일자리총점":27.981,
            "가치 총점":34.2735,
            "매매실거래년":20220122.0,
            "매매실거래가":12000.0,
            "전세실거래년":20201205.0,
            "전세실거래가":5000.0,
            "전세가율":69.44,
            "장기전세가율평균":76.09,
            "전세가율거품지수":6.65,
            "검색코드":101754,
            "세대수":280.0,
            "준공년월":"2000-08-25",
            "준공년차":23.0,
            "가까운역이름":"NA",
            "가까운역거리":"NA",
            "역세권여부":"NA",
            "30분이내주요거점역":"NA",
            "30분거점역이름":"NA",
            "1시간이내주요거점역":"NA",
            "1시간거점역이름":"NA",
            "3km이내백화점수":0,
            "5km이내아울렛몰수":0,
            "1km이내대형먀트수":2,
            "500m이내은행수":0,
            "500m이내병원수":3,
            "5km이내대형병원수":3,
            "500m이내공원수":1,
            "3km이내혐오시설수":0,
            "초등학교학업성취도":89.99,
            "중학교학업성취도":81.2,
            "용적률":275,
            "건폐율":27,
            "Y":36.573674,
            "X":128.692049,
            "rank":45.0,
            "area_info":"13평(44.49), 17평(57.03), 18평(61.14), 18평(61.15)",
            "last_sales":"2022-01-22,12000.0,18평(61.14)",
            "rank_history":[
                [
                    "202202",
                    45
                ],
                [
                    "202201",
                    56
                ]
            ],
            "rank_gap":11
        },
        {
            "index":15,
            "아파트명":"상일파크맨션",
            "투자타입":"재건축",
            "전용면적(m2)":"95.87",
            "전용면적(평)":"29평",
            "법정동주소":"경상북도 안동시 법상동 42",
            "도로명주소":"경상북도 안동시 법상길 41-9",
            "세대수":0,
            "입주년차":"--",
            "용적률점수":0,
            "건폐율점수":0,
            "세대당주차수":"--",
            "난방방식":"--",
            "공급면적":70,
            "전용률":80,
            "욕실수":"--",
            "현관타입":"--",
            "주거총점":7.5,
            "지역구공급총점":0.0,
            "역세권":"NA",
            "30분내 이동가능 거점":"NA",
            "1시간내 이동가능 거점":"NA",
            "교통총점":"NA",
            "백화점":0,
            "아울렛몰":0,
            "대형마트":80,
            "은행":20,
            "병원":80,
            "종합병원":100,
            "공원":0,
            "혐오시설":0,
            "인프라총점":42.0,
            "초등학군":89.99,
            "중학군":48.54,
            "학군총점":56.83,
            "인구수":15.75,
            "인구증감":-2.95,
            "인구총점":10.14,
            "일자리":10.68,
            "소득수준":68.35,
            "일자리총점":27.981,
            "가치 총점":33.6325,
            "매매실거래년":20211217.0,
            "매매실거래가":13000.0,
            "전세실거래년":20180424.0,
            "전세실거래가":8000.0,
            "전세가율":86.02,
            "장기전세가율평균":76.09,
            "전세가율거품지수":-9.93,
            "검색코드":6063,
            "세대수":123.0,
            "준공년월":"1991-10-14",
            "준공년차":32.0,
            "가까운역이름":"NA",
            "가까운역거리":"NA",
            "역세권여부":"NA",
            "30분이내주요거점역":"NA",
            "30분거점역이름":"NA",
            "1시간이내주요거점역":"NA",
            "1시간거점역이름":"NA",
            "3km이내백화점수":0,
            "5km이내아울렛몰수":0,
            "1km이내대형먀트수":1,
            "500m이내은행수":2,
            "500m이내병원수":36,
            "5km이내대형병원수":3,
            "500m이내공원수":0,
            "3km이내혐오시설수":0,
            "초등학교학업성취도":89.99,
            "중학교학업성취도":80.9,
            "용적률":0,
            "건폐율":0,
            "Y":36.568349,
            "X":128.723698,
            "rank":46.0,
            "area_info":"29평(95.87), 31평(103.02), 44평(145.57)",
            "last_sales":"2021-12-17,13000.0,44평(145.57)",
            "rank_history":[
                [
                    "202202",
                    46
                ],
                [
                    "202201",
                    39
                ]
            ],
            "rank_gap":-7
        },
        {
            "index":242,
            "아파트명":"태화",
            "투자타입":"재건축",
            "전용면적(m2)":"34.23",
            "전용면적(평)":"10평",
            "법정동주소":"경상북도 안동시 태화동 232-1",
            "도로명주소":"경상북도 안동시 서악길 5",
            "세대수":30,
            "입주년차":"--",
            "용적률점수":0,
            "건폐율점수":0,
            "세대당주차수":"--",
            "난방방식":"--",
            "공급면적":50,
            "전용률":80,
            "욕실수":"--",
            "현관타입":"--",
            "주거총점":15.5,
            "지역구공급총점":0.0,
            "역세권":"NA",
            "30분내 이동가능 거점":"NA",
            "1시간내 이동가능 거점":"NA",
            "교통총점":"NA",
            "백화점":0,
            "아울렛몰":0,
            "대형마트":80,
            "은행":0,
            "병원":0,
            "종합병원":100,
            "공원":80,
            "혐오시설":0,
            "인프라총점":34.4,
            "초등학군":90.0,
            "중학군":44.68,
            "학군총점":53.744,
            "인구수":15.75,
            "인구증감":-2.95,
            "인구총점":10.14,
            "일자리":10.68,
            "소득수준":68.35,
            "일자리총점":27.981,
            "가치 총점":32.621,
            "매매실거래년":20211215.0,
            "매매실거래가":4200.0,
            "전세실거래년":20210302.0,
            "전세실거래가":1600.0,
            "전세가율":53.33,
            "장기전세가율평균":76.09,
            "전세가율거품지수":22.76,
            "검색코드":15941,
            "세대수":370.0,
            "준공년월":"1978-10-26",
            "준공년차":45.0,
            "가까운역이름":"NA",
            "가까운역거리":"NA",
            "역세권여부":"NA",
            "30분이내주요거점역":"NA",
            "30분거점역이름":"NA",
            "1시간이내주요거점역":"NA",
            "1시간거점역이름":"NA",
            "3km이내백화점수":0,
            "5km이내아울렛몰수":0,
            "1km이내대형먀트수":1,
            "500m이내은행수":0,
            "500m이내병원수":0,
            "5km이내대형병원수":3,
            "500m이내공원수":1,
            "3km이내혐오시설수":0,
            "초등학교학업성취도":90.0,
            "중학교학업성취도":73.8,
            "용적률":0,
            "건폐율":0,
            "Y":36.559344,
            "X":128.709114,
            "rank":47.0,
            "area_info":"10평(34.23), 10평(34.18), 12평(40.96), 12평(40.44), 12평(41.5), 12평(41.05)",
            "last_sales":"2021-12-15,4200.0,12평(41.5)",
            "rank_history":[
                [
                    "202202",
                    47
                ],
                [
                    "202201",
                    41
                ]
            ],
            "rank_gap":-6
        },
        {
            "index":260,
            "아파트명":"평화현대",
            "투자타입":"일반",
            "전용면적(m2)":"71.25",
            "전용면적(평)":"21평",
            "법정동주소":"경상북도 안동시 평화동 164-48",
            "도로명주소":"경상북도 안동시 감나무5길 15",
            "세대수":30,
            "입주년차":0,
            "용적률점수":"--",
            "건폐율점수":"--",
            "세대당주차수":0,
            "난방방식":80,
            "공급면적":"--",
            "전용률":"--",
            "욕실수":50,
            "현관타입":10,
            "주거총점":24.5,
            "지역구공급총점":0.0,
            "역세권":"NA",
            "30분내 이동가능 거점":"NA",
            "1시간내 이동가능 거점":"NA",
            "교통총점":"NA",
            "백화점":0,
            "아울렛몰":0,
            "대형마트":0,
            "은행":0,
            "병원":10,
            "종합병원":100,
            "공원":100,
            "혐오시설":0,
            "인프라총점":24.0,
            "초등학군":90.0,
            "중학군":46.24,
            "학군총점":54.992,
            "인구수":15.75,
            "인구증감":-2.95,
            "인구총점":10.14,
            "일자리":10.68,
            "소득수준":68.35,
            "일자리총점":27.981,
            "가치 총점":31.923,
            "매매실거래년":20211210.0,
            "매매실거래가":17500.0,
            "전세실거래년":20200303.0,
            "전세실거래가":7500.0,
            "전세가율":80.65,
            "장기전세가율평균":76.09,
            "전세가율거품지수":-4.56,
            "검색코드":6529,
            "세대수":342.0,
            "준공년월":"1996-12-26",
            "준공년차":27.0,
            "가까운역이름":"NA",
            "가까운역거리":"NA",
            "역세권여부":"NA",
            "30분이내주요거점역":"NA",
            "30분거점역이름":"NA",
            "1시간이내주요거점역":"NA",
            "1시간거점역이름":"NA",
            "3km이내백화점수":0,
            "5km이내아울렛몰수":0,
            "1km이내대형먀트수":0,
            "500m이내은행수":0,
            "500m이내병원수":4,
            "5km이내대형병원수":3,
            "500m이내공원수":4,
            "3km이내혐오시설수":0,
            "초등학교학업성취도":90.0,
            "중학교학업성취도":76.8,
            "용적률":209,
            "건폐율":20,
            "Y":36.567007,
            "X":128.711586,
            "rank":48.0,
            "area_info":"21평(71.25), 28평(94.46), 30평(101.03), 45평(149.7)",
            "last_sales":"2021-12-10,17500.0,45평(149.7)",
            "rank_history":[
                [
                    "202202",
                    48
                ],
                [
                    "202201",
                    42
                ]
            ],
            "rank_gap":-6
        },
        {
            "index":191,
            "아파트명":"대원한숲타운",
            "투자타입":"일반",
            "전용면적(m2)":"73.23",
            "전용면적(평)":"22평",
            "법정동주소":"경상북도 안동시 운안동 331",
            "도로명주소":"경상북도 안동시 한화길 37",
            "세대수":0,
            "입주년차":20,
            "용적률점수":"--",
            "건폐율점수":"--",
            "세대당주차수":0,
            "난방방식":30,
            "공급면적":"--",
            "전용률":"--",
            "욕실수":50,
            "현관타입":100,
            "주거총점":22.0,
            "지역구공급총점":0.0,
            "역세권":"NA",
            "30분내 이동가능 거점":"NA",
            "1시간내 이동가능 거점":"NA",
            "교통총점":"NA",
            "백화점":0,
            "아울렛몰":0,
            "대형마트":0,
            "은행":0,
            "병원":10,
            "종합병원":100,
            "공원":100,
            "혐오시설":0,
            "인프라총점":24.0,
            "초등학군":90.0,
            "중학군":48.54,
            "학군총점":56.832,
            "인구수":15.75,
            "인구증감":-2.95,
            "인구총점":10.14,
            "일자리":10.68,
            "소득수준":68.35,
            "일자리총점":27.981,
            "가치 총점":31.508,
            "매매실거래년":20211207.0,
            "매매실거래가":6000.0,
            "전세실거래년":20210619.0,
            "전세실거래가":6000.0,
            "전세가율":100.0,
            "장기전세가율평균":76.09,
            "전세가율거품지수":-23.91,
            "검색코드":15938,
            "세대수":290.0,
            "준공년월":"2001-09-20",
            "준공년차":22.0,
            "가까운역이름":"NA",
            "가까운역거리":"NA",
            "역세권여부":"NA",
            "30분이내주요거점역":"NA",
            "30분거점역이름":"NA",
            "1시간이내주요거점역":"NA",
            "1시간거점역이름":"NA",
            "3km이내백화점수":0,
            "5km이내아울렛몰수":0,
            "1km이내대형먀트수":0,
            "500m이내은행수":0,
            "500m이내병원수":2,
            "5km이내대형병원수":3,
            "500m이내공원수":2,
            "3km이내혐오시설수":0,
            "초등학교학업성취도":90.0,
            "중학교학업성취도":80.9,
            "용적률":225,
            "건폐율":17,
            "Y":36.572605,
            "X":128.715905,
            "rank":49.0,
            "area_info":"22평(73.23)",
            "last_sales":"2021-12-07,6000.0,22평(73.23)",
            "rank_history":[
                [
                    "202202",
                    49
                ],
                [
                    "202201",
                    46
                ]
            ],
            "rank_gap":-3
        },
        {
            "index":34,
            "아파트명":"성창",
            "투자타입":"재건축",
            "전용면적(m2)":"62.81",
            "전용면적(평)":"19평",
            "법정동주소":"경상북도 안동시 송현동 273-1",
            "도로명주소":"경상북도 안동시 경동로 380",
            "세대수":0,
            "입주년차":"--",
            "용적률점수":0,
            "건폐율점수":0,
            "세대당주차수":"--",
            "난방방식":"--",
            "공급면적":50,
            "전용률":80,
            "욕실수":"--",
            "현관타입":"--",
            "주거총점":6.5,
            "지역구공급총점":0.0,
            "역세권":"NA",
            "30분내 이동가능 거점":"NA",
            "1시간내 이동가능 거점":"NA",
            "교통총점":"NA",
            "백화점":0,
            "아울렛몰":0,
            "대형마트":80,
            "은행":0,
            "병원":30,
            "종합병원":100,
            "공원":100,
            "혐오시설":0,
            "인프라총점":38.0,
            "초등학군":89.99,
            "중학군":46.24,
            "학군총점":54.99,
            "인구수":15.75,
            "인구증감":-2.95,
            "인구총점":10.14,
            "일자리":10.68,
            "소득수준":68.35,
            "일자리총점":27.981,
            "가치 총점":31.2225,
            "매매실거래년":"18000101",
            "매매실거래가":null,
            "전세실거래년":null,
            "전세실거래가":null,
            "전세가율":null,
            "장기전세가율평균":76.09,
            "전세가율거품지수":null,
            "검색코드":15694,
            "세대수":189.0,
            "준공년월":"1981-09-10",
            "준공년차":42.0,
            "가까운역이름":"NA",
            "가까운역거리":"NA",
            "역세권여부":"NA",
            "30분이내주요거점역":"NA",
            "30분거점역이름":"NA",
            "1시간이내주요거점역":"NA",
            "1시간거점역이름":"NA",
            "3km이내백화점수":0,
            "5km이내아울렛몰수":0,
            "1km이내대형먀트수":1,
            "500m이내은행수":0,
            "500m이내병원수":8,
            "5km이내대형병원수":3,
            "500m이내공원수":4,
            "3km이내혐오시설수":0,
            "초등학교학업성취도":89.99,
            "중학교학업성취도":76.8,
            "용적률":0,
            "건폐율":0,
            "Y":36.571215,
            "X":128.702619,
            "rank":50.0,
            "area_info":"19평(62.81), 22평(72.73), 25평(82.65), 27평(89.26)",
            "last_sales":"1800-01-01,nan,19평(62.81)",
            "rank_history":[
                [
                    "202202",
                    50
                ],
                [
                    "202201",
                    62
                ]
            ],
            "rank_gap":12
        },
        {
            "index":192,
            "아파트명":"명성한마음",
            "투자타입":"일반",
            "전용면적(m2)":"75.64",
            "전용면적(평)":"22평",
            "법정동주소":"경상북도 안동시 운안동 345",
            "도로명주소":"경상북도 안동시 단원로 81-8",
            "세대수":0,
            "입주년차":20,
            "용적률점수":"--",
            "건폐율점수":"--",
            "세대당주차수":0,
            "난방방식":30,
            "공급면적":"--",
            "전용률":"--",
            "욕실수":50,
            "현관타입":100,
            "주거총점":22.0,
            "지역구공급총점":0.0,
            "역세권":"NA",
            "30분내 이동가능 거점":"NA",
            "1시간내 이동가능 거점":"NA",
            "교통총점":"NA",
            "백화점":0,
            "아울렛몰":0,
            "대형마트":0,
            "은행":0,
            "병원":0,
            "종합병원":100,
            "공원":100,
            "혐오시설":0,
            "인프라총점":23.0,
            "초등학군":90.0,
            "중학군":46.24,
            "학군총점":54.992,
            "인구수":15.75,
            "인구증감":-2.95,
            "인구총점":10.14,
            "일자리":10.68,
            "소득수준":68.35,
            "일자리총점":27.981,
            "가치 총점":30.648,
            "매매실거래년":20211113.0,
            "매매실거래가":16900.0,
            "전세실거래년":20210823.0,
            "전세실거래가":6000.0,
            "전세가율":68.18,
            "장기전세가율평균":76.09,
            "전세가율거품지수":7.91,
            "검색코드":6461,
            "세대수":268.0,
            "준공년월":"2002-04-06",
            "준공년차":21.0,
            "가까운역이름":"NA",
            "가까운역거리":"NA",
            "역세권여부":"NA",
            "30분이내주요거점역":"NA",
            "30분거점역이름":"NA",
            "1시간이내주요거점역":"NA",
            "1시간거점역이름":"NA",
            "3km이내백화점수":0,
            "5km이내아울렛몰수":0,
            "1km이내대형먀트수":0,
            "500m이내은행수":0,
            "500m이내병원수":1,
            "5km이내대형병원수":3,
            "500m이내공원수":3,
            "3km이내혐오시설수":0,
            "초등학교학업성취도":90.0,
            "중학교학업성취도":76.8,
            "용적률":250,
            "건폐율":23,
            "Y":36.572096,
            "X":128.712169,
            "rank":51.0,
            "area_info":"22평(75.64), 30평(102.12), 43평(145.4)",
            "last_sales":"2021-11-13,16900.0,43평(145.4)",
            "rank_history":[
                [
                    "202202",
                    51
                ],
                [
                    "202201",
                    47
                ]
            ],
            "rank_gap":-4
        },
        {
            "index":163,
            "아파트명":"주공1단지",
            "투자타입":"재건축",
            "전용면적(m2)":"40.99",
            "전용면적(평)":"12평",
            "법정동주소":"경상북도 안동시 용상동 985-1",
            "도로명주소":"경상북도 안동시 경동로 905",
            "세대수":30,
            "입주년차":"--",
            "용적률점수":0,
            "건폐율점수":0,
            "세대당주차수":"--",
            "난방방식":"--",
            "공급면적":50,
            "전용률":80,
            "욕실수":"--",
            "현관타입":"--",
            "주거총점":15.5,
            "지역구공급총점":0.0,
            "역세권":"NA",
            "30분내 이동가능 거점":"NA",
            "1시간내 이동가능 거점":"NA",
            "교통총점":"NA",
            "백화점":0,
            "아울렛몰":0,
            "대형마트":0,
            "은행":0,
            "병원":60,
            "종합병원":100,
            "공원":80,
            "혐오시설":0,
            "인프라총점":28.4,
            "초등학군":90.01,
            "중학군":46.5,
            "학군총점":55.202,
            "인구수":15.75,
            "인구증감":-2.95,
            "인구총점":10.14,
            "일자리":10.68,
            "소득수준":68.35,
            "일자리총점":27.981,
            "가치 총점":30.5855,
            "매매실거래년":20220124.0,
            "매매실거래가":4000.0,
            "전세실거래년":20211210.0,
            "전세실거래가":3500.0,
            "전세가율":70.0,
            "장기전세가율평균":76.09,
            "전세가율거품지수":6.09,
            "검색코드":6416,
            "세대수":360.0,
            "준공년월":"1980-09-27",
            "준공년차":43.0,
            "가까운역이름":"NA",
            "가까운역거리":"NA",
            "역세권여부":"NA",
            "30분이내주요거점역":"NA",
            "30분거점역이름":"NA",
            "1시간이내주요거점역":"NA",
            "1시간거점역이름":"NA",
            "3km이내백화점수":0,
            "5km이내아울렛몰수":0,
            "1km이내대형먀트수":0,
            "500m이내은행수":0,
            "500m이내병원수":11,
            "5km이내대형병원수":3,
            "500m이내공원수":1,
            "3km이내혐오시설수":0,
            "초등학교학업성취도":90.01,
            "중학교학업성취도":76.5,
            "용적률":0,
            "건폐율":0,
            "Y":36.557944,
            "X":128.755125,
            "rank":52.0,
            "area_info":"12평(40.99), 12평(40.98), 12평(41.98), 12평(42.55)",
            "last_sales":"2022-01-24,4000.0,12평(42.55)",
            "rank_history":[
                [
                    "202202",
                    52
                ],
                [
                    "202201",
                    52
                ]
            ],
            "rank_gap":0
        },
        {
            "index":174,
            "아파트명":"주공4단지",
            "투자타입":"재건축",
            "전용면적(m2)":"45.54",
            "전용면적(평)":"13평",
            "법정동주소":"경상북도 안동시 용상동 1557",
            "도로명주소":"경상북도 안동시 전거리5길 13",
            "세대수":50,
            "입주년차":"--",
            "용적률점수":0,
            "건폐율점수":0,
            "세대당주차수":"--",
            "난방방식":"--",
            "공급면적":50,
            "전용률":80,
            "욕실수":"--",
            "현관타입":"--",
            "주거총점":21.5,
            "지역구공급총점":0.0,
            "역세권":"NA",
            "30분내 이동가능 거점":"NA",
            "1시간내 이동가능 거점":"NA",
            "교통총점":"NA",
            "백화점":0,
            "아울렛몰":0,
            "대형마트":0,
            "은행":0,
            "병원":0,
            "종합병원":100,
            "공원":100,
            "혐오시설":0,
            "인프라총점":23.0,
            "초등학군":90.01,
            "중학군":46.5,
            "학군총점":55.202,
            "인구수":15.75,
            "인구증감":-2.95,
            "인구총점":10.14,
            "일자리":10.68,
            "소득수준":68.35,
            "일자리총점":27.981,
            "가치 총점":30.5255,
            "매매실거래년":20220123.0,
            "매매실거래가":10400.0,
            "전세실거래년":20220128.0,
            "전세실거래가":6000.0,
            "전세가율":70.59,
            "장기전세가율평균":76.09,
            "전세가율거품지수":5.5,
            "검색코드":6424,
            "세대수":440.0,
            "준공년월":"1988-11-14",
            "준공년차":35.0,
            "가까운역이름":"NA",
            "가까운역거리":"NA",
            "역세권여부":"NA",
            "30분이내주요거점역":"NA",
            "30분거점역이름":"NA",
            "1시간이내주요거점역":"NA",
            "1시간거점역이름":"NA",
            "3km이내백화점수":0,
            "5km이내아울렛몰수":0,
            "1km이내대형먀트수":0,
            "500m이내은행수":0,
            "500m이내병원수":0,
            "5km이내대형병원수":3,
            "500m이내공원수":2,
            "3km이내혐오시설수":0,
            "초등학교학업성취도":90.01,
            "중학교학업성취도":76.5,
            "용적률":0,
            "건폐율":0,
            "Y":36.558453,
            "X":128.742954,
            "rank":53.0,
            "area_info":"13평(45.54), 13평(45.15), 13평(45.55), 15평(52.86)",
            "last_sales":"2022-01-23,10400.0,15평(52.86)",
            "rank_history":[
                [
                    "202202",
                    53
                ],
                [
                    "202201",
                    48
                ]
            ],
            "rank_gap":-5
        },
        {
            "index":92,
            "아파트명":"동아",
            "투자타입":"일반",
            "전용면적(m2)":"71.41",
            "전용면적(평)":"21평",
            "법정동주소":"경상북도 안동시 안기동 223-34",
            "도로명주소":"경상북도 안동시 제비원로 268-7",
            "세대수":0,
            "입주년차":0,
            "용적률점수":"--",
            "건폐율점수":"--",
            "세대당주차수":0,
            "난방방식":80,
            "공급면적":"--",
            "전용률":"--",
            "욕실수":50,
            "현관타입":50,
            "주거총점":18.0,
            "지역구공급총점":0.0,
            "역세권":"NA",
            "30분내 이동가능 거점":"NA",
            "1시간내 이동가능 거점":"NA",
            "교통총점":"NA",
            "백화점":0,
            "아울렛몰":0,
            "대형마트":0,
            "은행":0,
            "병원":0,
            "종합병원":100,
            "공원":100,
            "혐오시설":0,
            "인프라총점":23.0,
            "초등학군":90.0,
            "중학군":48.54,
            "학군총점":56.832,
            "인구수":15.75,
            "인구증감":-2.95,
            "인구총점":10.14,
            "일자리":10.68,
            "소득수준":68.35,
            "일자리총점":27.981,
            "가치 총점":29.708,
            "매매실거래년":20220107.0,
            "매매실거래가":5000.0,
            "전세실거래년":20181022.0,
            "전세실거래가":6000.0,
            "전세가율":120.0,
            "장기전세가율평균":76.09,
            "전세가율거품지수":-43.91,
            "검색코드":6376,
            "세대수":210.0,
            "준공년월":"1995-11-06",
            "준공년차":28.0,
            "가까운역이름":"NA",
            "가까운역거리":"NA",
            "역세권여부":"NA",
            "30분이내주요거점역":"NA",
            "30분거점역이름":"NA",
            "1시간이내주요거점역":"NA",
            "1시간거점역이름":"NA",
            "3km이내백화점수":0,
            "5km이내아울렛몰수":0,
            "1km이내대형먀트수":0,
            "500m이내은행수":0,
            "500m이내병원수":0,
            "5km이내대형병원수":3,
            "500m이내공원수":2,
            "3km이내혐오시설수":0,
            "초등학교학업성취도":90.0,
            "중학교학업성취도":80.9,
            "용적률":256,
            "건폐율":31,
            "Y":36.576569,
            "X":128.719115,
            "rank":54.0,
            "area_info":"21평(71.41), 21평(71.42), 21평(71.73), 21평(71.87), 26평(86.26), 30평(102.07), 30평(102.09)",
            "last_sales":"2022-01-07,5000.0,21평(71.41)",
            "rank_history":[
                [
                    "202202",
                    54
                ],
                [
                    "202201",
                    49
                ]
            ],
            "rank_gap":-5
        },
        {
            "index":88,
            "아파트명":"경동",
            "투자타입":"일반",
            "전용면적(m2)":"78.78",
            "전용면적(평)":"23평",
            "법정동주소":"경상북도 안동시 안기동 240",
            "도로명주소":"경상북도 안동시 안기1길 40-62",
            "세대수":0,
            "입주년차":0,
            "용적률점수":"--",
            "건폐율점수":"--",
            "세대당주차수":0,
            "난방방식":30,
            "공급면적":"--",
            "전용률":"--",
            "욕실수":50,
            "현관타입":100,
            "주거총점":18.0,
            "지역구공급총점":0.0,
            "역세권":"NA",
            "30분내 이동가능 거점":"NA",
            "1시간내 이동가능 거점":"NA",
            "교통총점":"NA",
            "백화점":0,
            "아울렛몰":0,
            "대형마트":0,
            "은행":0,
            "병원":0,
            "종합병원":100,
            "공원":100,
            "혐오시설":0,
            "인프라총점":23.0,
            "초등학군":90.0,
            "중학군":48.54,
            "학군총점":56.832,
            "인구수":15.75,
            "인구증감":-2.95,
            "인구총점":10.14,
            "일자리":10.68,
            "소득수준":68.35,
            "일자리총점":27.981,
            "가치 총점":29.708,
            "매매실거래년":20220119.0,
            "매매실거래가":6800.0,
            "전세실거래년":20210703.0,
            "전세실거래가":7000.0,
            "전세가율":102.94,
            "장기전세가율평균":76.09,
            "전세가율거품지수":-26.85,
            "검색코드":6368,
            "세대수":294.0,
            "준공년월":"1996-03-06",
            "준공년차":27.0,
            "가까운역이름":"NA",
            "가까운역거리":"NA",
            "역세권여부":"NA",
            "30분이내주요거점역":"NA",
            "30분거점역이름":"NA",
            "1시간이내주요거점역":"NA",
            "1시간거점역이름":"NA",
            "3km이내백화점수":0,
            "5km이내아울렛몰수":0,
            "1km이내대형먀트수":0,
            "500m이내은행수":0,
            "500m이내병원수":0,
            "5km이내대형병원수":3,
            "500m이내공원수":2,
            "3km이내혐오시설수":0,
            "초등학교학업성취도":90.0,
            "중학교학업성취도":80.9,
            "용적률":101,
            "건폐율":19,
            "Y":36.57515,
            "X":128.716845,
            "rank":54.0,
            "area_info":"23평(78.78)",
            "last_sales":"2022-01-19,6800.0,23평(78.78)",
            "rank_history":[
                [
                    "202202",
                    54
                ],
                [
                    "202201",
                    49
                ]
            ],
            "rank_gap":-5
        },
        {
            "index":167,
            "아파트명":"주공2단지",
            "투자타입":"재건축",
            "전용면적(m2)":"43.47",
            "전용면적(평)":"13평",
            "법정동주소":"경상북도 안동시 용상동 1475",
            "도로명주소":"경상북도 안동시 전거리8길 40",
            "세대수":30,
            "입주년차":"--",
            "용적률점수":0,
            "건폐율점수":0,
            "세대당주차수":"--",
            "난방방식":"--",
            "공급면적":50,
            "전용률":80,
            "욕실수":"--",
            "현관타입":"--",
            "주거총점":15.5,
            "지역구공급총점":0.0,
            "역세권":"NA",
            "30분내 이동가능 거점":"NA",
            "1시간내 이동가능 거점":"NA",
            "교통총점":"NA",
            "백화점":0,
            "아울렛몰":0,
            "대형마트":0,
            "은행":0,
            "병원":30,
            "종합병원":100,
            "공원":100,
            "혐오시설":0,
            "인프라총점":26.0,
            "초등학군":90.01,
            "중학군":46.5,
            "학군총점":55.202,
            "인구수":15.75,
            "인구증감":-2.95,
            "인구총점":10.14,
            "일자리":10.68,
            "소득수준":68.35,
            "일자리총점":27.981,
            "가치 총점":29.6255,
            "매매실거래년":20220125.0,
            "매매실거래가":6800.0,
            "전세실거래년":20211115.0,
            "전세실거래가":4010.0,
            "전세가율":58.97,
            "장기전세가율평균":76.09,
            "전세가율거품지수":17.12,
            "검색코드":6417,
            "세대수":300.0,
            "준공년월":"1983-03-28",
            "준공년차":40.0,
            "가까운역이름":"NA",
            "가까운역거리":"NA",
            "역세권여부":"NA",
            "30분이내주요거점역":"NA",
            "30분거점역이름":"NA",
            "1시간이내주요거점역":"NA",
            "1시간거점역이름":"NA",
            "3km이내백화점수":0,
            "5km이내아울렛몰수":0,
            "1km이내대형먀트수":0,
            "500m이내은행수":0,
            "500m이내병원수":9,
            "5km이내대형병원수":3,
            "500m이내공원수":3,
            "3km이내혐오시설수":0,
            "초등학교학업성취도":90.01,
            "중학교학업성취도":76.5,
            "용적률":0,
            "건폐율":0,
            "Y":36.557386,
            "X":128.747791,
            "rank":55.0,
            "area_info":"13평(43.47), 13평(44.28), 15평(50.76), 17평(59.4)",
            "last_sales":"2022-01-25,6800.0,13평(43.47)",
            "rank_history":[
                [
                    "202202",
                    55
                ],
                [
                    "202201",
                    50
                ]
            ],
            "rank_gap":-5
        },
        {
            "index":106,
            "아파트명":"계림황제타운",
            "투자타입":"일반",
            "전용면적(m2)":"75.7",
            "전용면적(평)":"22평",
            "법정동주소":"경상북도 안동시 안막동 69-9",
            "도로명주소":"경상북도 안동시 퇴계로 247",
            "세대수":0,
            "입주년차":0,
            "용적률점수":"--",
            "건폐율점수":"--",
            "세대당주차수":0,
            "난방방식":30,
            "공급면적":"--",
            "전용률":"--",
            "욕실수":50,
            "현관타입":100,
            "주거총점":18.0,
            "지역구공급총점":0.0,
            "역세권":"NA",
            "30분내 이동가능 거점":"NA",
            "1시간내 이동가능 거점":"NA",
            "교통총점":"NA",
            "백화점":0,
            "아울렛몰":0,
            "대형마트":0,
            "은행":0,
            "병원":0,
            "종합병원":100,
            "공원":80,
            "혐오시설":0,
            "인프라총점":22.4,
            "초등학군":90.0,
            "중학군":49.08,
            "학군총점":57.264,
            "인구수":15.75,
            "인구증감":-2.95,
            "인구총점":10.14,
            "일자리":10.68,
            "소득수준":68.35,
            "일자리총점":27.981,
            "가치 총점":29.576,
            "매매실거래년":20211231.0,
            "매매실거래가":6600.0,
            "전세실거래년":20190618.0,
            "전세실거래가":5000.0,
            "전세가율":75.76,
            "장기전세가율평균":76.09,
            "전세가율거품지수":0.33,
            "검색코드":6388,
            "세대수":180.0,
            "준공년월":"1994-05-17",
            "준공년차":29.0,
            "가까운역이름":"NA",
            "가까운역거리":"NA",
            "역세권여부":"NA",
            "30분이내주요거점역":"NA",
            "30분거점역이름":"NA",
            "1시간이내주요거점역":"NA",
            "1시간거점역이름":"NA",
            "3km이내백화점수":0,
            "5km이내아울렛몰수":0,
            "1km이내대형먀트수":0,
            "500m이내은행수":0,
            "500m이내병원수":0,
            "5km이내대형병원수":3,
            "500m이내공원수":1,
            "3km이내혐오시설수":0,
            "초등학교학업성취도":90.0,
            "중학교학업성취도":81.8,
            "용적률":230,
            "건폐율":24,
            "Y":36.578974,
            "X":128.732613,
            "rank":56.0,
            "area_info":"22평(75.7), 31평(103.05)",
            "last_sales":"2021-12-31,6600.0,22평(75.7)",
            "rank_history":[
                [
                    "202202",
                    56
                ],
                [
                    "202201",
                    51
                ]
            ],
            "rank_gap":-5
        },
        {
            "index":83,
            "아파트명":"상일금탑맨션",
            "투자타입":"일반",
            "전용면적(m2)":"76.71",
            "전용면적(평)":"23평",
            "법정동주소":"경상북도 안동시 신안동 277-2",
            "도로명주소":"경상북도 안동시 퇴계로 155",
            "세대수":0,
            "입주년차":0,
            "용적률점수":"--",
            "건폐율점수":"--",
            "세대당주차수":0,
            "난방방식":30,
            "공급면적":"--",
            "전용률":"--",
            "욕실수":50,
            "현관타입":100,
            "주거총점":18.0,
            "지역구공급총점":0.0,
            "역세권":"NA",
            "30분내 이동가능 거점":"NA",
            "1시간내 이동가능 거점":"NA",
            "교통총점":"NA",
            "백화점":0,
            "아울렛몰":0,
            "대형마트":0,
            "은행":0,
            "병원":0,
            "종합병원":100,
            "공원":80,
            "혐오시설":0,
            "인프라총점":22.4,
            "초등학군":90.0,
            "중학군":49.08,
            "학군총점":57.264,
            "인구수":15.75,
            "인구증감":-2.95,
            "인구총점":10.14,
            "일자리":10.68,
            "소득수준":68.35,
            "일자리총점":27.981,
            "가치 총점":29.576,
            "매매실거래년":20211124.0,
            "매매실거래가":8840.0,
            "전세실거래년":20200426.0,
            "전세실거래가":5500.0,
            "전세가율":79.71,
            "장기전세가율평균":76.09,
            "전세가율거품지수":-3.62,
            "검색코드":15696,
            "세대수":140.0,
            "준공년월":"1994-11-01",
            "준공년차":29.0,
            "가까운역이름":"NA",
            "가까운역거리":"NA",
            "역세권여부":"NA",
            "30분이내주요거점역":"NA",
            "30분거점역이름":"NA",
            "1시간이내주요거점역":"NA",
            "1시간거점역이름":"NA",
            "3km이내백화점수":0,
            "5km이내아울렛몰수":0,
            "1km이내대형먀트수":0,
            "500m이내은행수":0,
            "500m이내병원수":1,
            "5km이내대형병원수":3,
            "500m이내공원수":1,
            "3km이내혐오시설수":0,
            "초등학교학업성취도":90.0,
            "중학교학업성취도":81.8,
            "용적률":213,
            "건폐율":30,
            "Y":36.571608,
            "X":128.731706,
            "rank":56.0,
            "area_info":"23평(76.71), 31평(103.55)",
            "last_sales":"2021-11-24,8840.0,31평(103.55)",
            "rank_history":[
                [
                    "202202",
                    56
                ],
                [
                    "202201",
                    51
                ]
            ],
            "rank_gap":-5
        },
        {
            "index":112,
            "아파트명":"화성",
            "투자타입":"일반",
            "전용면적(m2)":"54.94",
            "전용면적(평)":"16평",
            "법정동주소":"경상북도 안동시 안막동 77-15",
            "도로명주소":"경상북도 안동시 퇴계로 259",
            "세대수":30,
            "입주년차":0,
            "용적률점수":"--",
            "건폐율점수":"--",
            "세대당주차수":0,
            "난방방식":30,
            "공급면적":"--",
            "전용률":"--",
            "욕실수":50,
            "현관타입":10,
            "주거총점":19.5,
            "지역구공급총점":0.0,
            "역세권":"NA",
            "30분내 이동가능 거점":"NA",
            "1시간내 이동가능 거점":"NA",
            "교통총점":"NA",
            "백화점":0,
            "아울렛몰":0,
            "대형마트":0,
            "은행":0,
            "병원":0,
            "종합병원":100,
            "공원":0,
            "혐오시설":0,
            "인프라총점":20.0,
            "초등학군":90.0,
            "중학군":49.08,
            "학군총점":57.264,
            "인구수":15.75,
            "인구증감":-2.95,
            "인구총점":10.14,
            "일자리":10.68,
            "소득수준":68.35,
            "일자리총점":27.981,
            "가치 총점":29.141,
            "매매실거래년":20220117.0,
            "매매실거래가":5000.0,
            "전세실거래년":20170218.0,
            "전세실거래가":3500.0,
            "전세가율":116.67,
            "장기전세가율평균":76.09,
            "전세가율거품지수":-40.58,
            "검색코드":6397,
            "세대수":310.0,
            "준공년월":"1995-12-16",
            "준공년차":28.0,
            "가까운역이름":"NA",
            "가까운역거리":"NA",
            "역세권여부":"NA",
            "30분이내주요거점역":"NA",
            "30분거점역이름":"NA",
            "1시간이내주요거점역":"NA",
            "1시간거점역이름":"NA",
            "3km이내백화점수":0,
            "5km이내아울렛몰수":0,
            "1km이내대형먀트수":0,
            "500m이내은행수":0,
            "500m이내병원수":0,
            "5km이내대형병원수":3,
            "500m이내공원수":0,
            "3km이내혐오시설수":0,
            "초등학교학업성취도":90.0,
            "중학교학업성취도":81.8,
            "용적률":300,
            "건폐율":22,
            "Y":36.57988,
            "X":128.73301,
            "rank":57.0,
            "area_info":"16평(54.94), 20평(66.3)",
            "last_sales":"2022-01-17,5000.0,20평(66.3)",
            "rank_history":[
                [
                    "202202",
                    57
                ],
                [
                    "202201",
                    53
                ]
            ],
            "rank_gap":-4
        },
        {
            "index":85,
            "아파트명":"현대",
            "투자타입":"재건축",
            "전용면적(m2)":"88.56",
            "전용면적(평)":"26평",
            "법정동주소":"경상북도 안동시 신안동 62-1",
            "도로명주소":"경상북도 안동시 퇴계로 214",
            "세대수":30,
            "입주년차":"--",
            "용적률점수":0,
            "건폐율점수":0,
            "세대당주차수":"--",
            "난방방식":"--",
            "공급면적":70,
            "전용률":80,
            "욕실수":"--",
            "현관타입":"--",
            "주거총점":16.5,
            "지역구공급총점":0.0,
            "역세권":"NA",
            "30분내 이동가능 거점":"NA",
            "1시간내 이동가능 거점":"NA",
            "교통총점":"NA",
            "백화점":0,
            "아울렛몰":0,
            "대형마트":0,
            "은행":0,
            "병원":0,
            "종합병원":100,
            "공원":80,
            "혐오시설":0,
            "인프라총점":22.4,
            "초등학군":90.0,
            "중학군":49.08,
            "학군총점":57.264,
            "인구수":15.75,
            "인구증감":-2.95,
            "인구총점":10.14,
            "일자리":10.68,
            "소득수준":68.35,
            "일자리총점":27.981,
            "가치 총점":29.051,
            "매매실거래년":20220112.0,
            "매매실거래가":9000.0,
            "전세실거래년":20200110.0,
            "전세실거래가":6000.0,
            "전세가율":70.59,
            "장기전세가율평균":76.09,
            "전세가율거품지수":5.5,
            "검색코드":15698,
            "세대수":330.0,
            "준공년월":"1991-12-21",
            "준공년차":32.0,
            "가까운역이름":"NA",
            "가까운역거리":"NA",
            "역세권여부":"NA",
            "30분이내주요거점역":"NA",
            "30분거점역이름":"NA",
            "1시간이내주요거점역":"NA",
            "1시간거점역이름":"NA",
            "3km이내백화점수":0,
            "5km이내아울렛몰수":0,
            "1km이내대형먀트수":0,
            "500m이내은행수":0,
            "500m이내병원수":0,
            "5km이내대형병원수":3,
            "500m이내공원수":1,
            "3km이내혐오시설수":0,
            "초등학교학업성취도":90.0,
            "중학교학업성취도":81.8,
            "용적률":0,
            "건폐율":0,
            "Y":36.576619,
            "X":128.734502,
            "rank":58.0,
            "area_info":"26평(88.56), 27평(89.89), 30평(102.01)",
            "last_sales":"2022-01-12,9000.0,30평(102.01)",
            "rank_history":[
                [
                    "202202",
                    58
                ],
                [
                    "202201",
                    54
                ]
            ],
            "rank_gap":-4
        },
        {
            "index":99,
            "아파트명":"안기세영",
            "투자타입":"일반",
            "전용면적(m2)":"45.13",
            "전용면적(평)":"13평",
            "법정동주소":"경상북도 안동시 안기동 285",
            "도로명주소":"경상북도 안동시 제비원로 373",
            "세대수":0,
            "입주년차":0,
            "용적률점수":"--",
            "건폐율점수":"--",
            "세대당주차수":0,
            "난방방식":30,
            "공급면적":"--",
            "전용률":"--",
            "욕실수":50,
            "현관타입":100,
            "주거총점":18.0,
            "지역구공급총점":0.0,
            "역세권":"NA",
            "30분내 이동가능 거점":"NA",
            "1시간내 이동가능 거점":"NA",
            "교통총점":"NA",
            "백화점":0,
            "아울렛몰":0,
            "대형마트":0,
            "은행":0,
            "병원":0,
            "종합병원":100,
            "공원":0,
            "혐오시설":0,
            "인프라총점":20.0,
            "초등학군":90.0,
            "중학군":48.54,
            "학군총점":56.832,
            "인구수":15.75,
            "인구증감":-2.95,
            "인구총점":10.14,
            "일자리":10.68,
            "소득수준":68.35,
            "일자리총점":27.981,
            "가치 총점":28.508,
            "매매실거래년":20220121.0,
            "매매실거래가":3150.0,
            "전세실거래년":20211124.0,
            "전세실거래가":2500.0,
            "전세가율":79.37,
            "장기전세가율평균":76.09,
            "전세가율거품지수":-3.28,
            "검색코드":106491,
            "세대수":163.0,
            "준공년월":"1998-07-31",
            "준공년차":25.0,
            "가까운역이름":"NA",
            "가까운역거리":"NA",
            "역세권여부":"NA",
            "30분이내주요거점역":"NA",
            "30분거점역이름":"NA",
            "1시간이내주요거점역":"NA",
            "1시간거점역이름":"NA",
            "3km이내백화점수":0,
            "5km이내아울렛몰수":0,
            "1km이내대형먀트수":0,
            "500m이내은행수":0,
            "500m이내병원수":0,
            "5km이내대형병원수":3,
            "500m이내공원수":0,
            "3km이내혐오시설수":0,
            "초등학교학업성취도":90.0,
            "중학교학업성취도":80.9,
            "용적률":0,
            "건폐율":0,
            "Y":36.584648,
            "X":128.713971,
            "rank":59.0,
            "area_info":"13평(45.13), 22평(73.08)",
            "last_sales":"2022-01-21,3150.0,13평(45.13)",
            "rank_history":[
                [
                    "202202",
                    59
                ],
                [
                    "202201",
                    55
                ]
            ],
            "rank_gap":-4
        },
        {
            "index":108,
            "아파트명":"현대",
            "투자타입":"일반",
            "전용면적(m2)":"88.51",
            "전용면적(평)":"26평",
            "법정동주소":"경상북도 안동시 안막동 71-9",
            "도로명주소":"경상북도 안동시 퇴계로 220-16",
            "세대수":0,
            "입주년차":0,
            "용적률점수":"--",
            "건폐율점수":"--",
            "세대당주차수":0,
            "난방방식":80,
            "공급면적":"--",
            "전용률":"--",
            "욕실수":50,
            "현관타입":10,
            "주거총점":14.0,
            "지역구공급총점":0.0,
            "역세권":"NA",
            "30분내 이동가능 거점":"NA",
            "1시간내 이동가능 거점":"NA",
            "교통총점":"NA",
            "백화점":0,
            "아울렛몰":0,
            "대형마트":0,
            "은행":0,
            "병원":0,
            "종합병원":100,
            "공원":80,
            "혐오시설":0,
            "인프라총점":22.4,
            "초등학군":90.0,
            "중학군":49.08,
            "학군총점":57.264,
            "인구수":15.75,
            "인구증감":-2.95,
            "인구총점":10.14,
            "일자리":10.68,
            "소득수준":68.35,
            "일자리총점":27.981,
            "가치 총점":28.176,
            "매매실거래년":20220104.0,
            "매매실거래가":7300.0,
            "전세실거래년":20210531.0,
            "전세실거래가":6500.0,
            "전세가율":89.04,
            "장기전세가율평균":76.09,
            "전세가율거품지수":-12.95,
            "검색코드":6394,
            "세대수":296.0,
            "준공년월":"1996-01-31",
            "준공년차":27.0,
            "가까운역이름":"NA",
            "가까운역거리":"NA",
            "역세권여부":"NA",
            "30분이내주요거점역":"NA",
            "30분거점역이름":"NA",
            "1시간이내주요거점역":"NA",
            "1시간거점역이름":"NA",
            "3km이내백화점수":0,
            "5km이내아울렛몰수":0,
            "1km이내대형먀트수":0,
            "500m이내은행수":0,
            "500m이내병원수":0,
            "5km이내대형병원수":3,
            "500m이내공원수":1,
            "3km이내혐오시설수":0,
            "초등학교학업성취도":90.0,
            "중학교학업성취도":81.8,
            "용적률":0,
            "건폐율":0,
            "Y":36.577778,
            "X":128.733686,
            "rank":60.0,
            "area_info":"26평(88.51), 29평(98.49), 30평(99.35), 34평(113.61)",
            "last_sales":"2022-01-04,7300.0,26평(88.51)",
            "rank_history":[
                [
                    "202202",
                    60
                ],
                [
                    "202201",
                    57
                ]
            ],
            "rank_gap":-3
        },
        {
            "index":103,
            "아파트명":"계림플러스",
            "투자타입":"일반",
            "전용면적(m2)":"83.29",
            "전용면적(평)":"25평",
            "법정동주소":"경상북도 안동시 안막동 69-11",
            "도로명주소":"경상북도 안동시 퇴계로 233-22",
            "세대수":0,
            "입주년차":20,
            "용적률점수":"--",
            "건폐율점수":"--",
            "세대당주차수":0,
            "난방방식":30,
            "공급면적":"--",
            "전용률":"--",
            "욕실수":50,
            "현관타입":10,
            "주거총점":13.0,
            "지역구공급총점":0.0,
            "역세권":"NA",
            "30분내 이동가능 거점":"NA",
            "1시간내 이동가능 거점":"NA",
            "교통총점":"NA",
            "백화점":0,
            "아울렛몰":0,
            "대형마트":0,
            "은행":0,
            "병원":0,
            "종합병원":100,
            "공원":80,
            "혐오시설":0,
            "인프라총점":22.4,
            "초등학군":90.0,
            "중학군":49.08,
            "학군총점":57.264,
            "인구수":15.75,
            "인구증감":-2.95,
            "인구총점":10.14,
            "일자리":10.68,
            "소득수준":68.35,
            "일자리총점":27.981,
            "가치 총점":27.826,
            "매매실거래년":20220114.0,
            "매매실거래가":7500.0,
            "전세실거래년":20200805.0,
            "전세실거래가":5000.0,
            "전세가율":83.75,
            "장기전세가율평균":76.09,
            "전세가율거품지수":-7.66,
            "검색코드":101758,
            "세대수":176.0,
            "준공년월":"2002-02-26",
            "준공년차":21.0,
            "가까운역이름":"NA",
            "가까운역거리":"NA",
            "역세권여부":"NA",
            "30분이내주요거점역":"NA",
            "30분거점역이름":"NA",
            "1시간이내주요거점역":"NA",
            "1시간거점역이름":"NA",
            "3km이내백화점수":0,
            "5km이내아울렛몰수":0,
            "1km이내대형먀트수":0,
            "500m이내은행수":0,
            "500m이내병원수":0,
            "5km이내대형병원수":3,
            "500m이내공원수":1,
            "3km이내혐오시설수":0,
            "초등학교학업성취도":90.0,
            "중학교학업성취도":81.8,
            "용적률":252,
            "건폐율":25,
            "Y":36.57838,
            "X":128.73244,
            "rank":61.0,
            "area_info":"25평(83.29), 26평(87.4), 37평(125.52)",
            "last_sales":"2022-01-14,7500.0,26평(87.4)",
            "rank_history":[
                [
                    "202202",
                    61
                ],
                [
                    "202201",
                    58
                ]
            ],
            "rank_gap":-3
        },
        {
            "index":171,
            "아파트명":"주공3단지",
            "투자타입":"재건축",
            "전용면적(m2)":"47.57",
            "전용면적(평)":"14평",
            "법정동주소":"경상북도 안동시 용상동 1606",
            "도로명주소":"경상북도 안동시 전거리8길 73",
            "세대수":0,
            "입주년차":"--",
            "용적률점수":0,
            "건폐율점수":0,
            "세대당주차수":"--",
            "난방방식":"--",
            "공급면적":50,
            "전용률":100,
            "욕실수":"--",
            "현관타입":"--",
            "주거총점":7.5,
            "지역구공급총점":0.0,
            "역세권":"NA",
            "30분내 이동가능 거점":"NA",
            "1시간내 이동가능 거점":"NA",
            "교통총점":"NA",
            "백화점":0,
            "아울렛몰":0,
            "대형마트":0,
            "은행":0,
            "병원":30,
            "종합병원":100,
            "공원":100,
            "혐오시설":0,
            "인프라총점":26.0,
            "초등학군":90.01,
            "중학군":46.5,
            "학군총점":55.202,
            "인구수":15.75,
            "인구증감":-2.95,
            "인구총점":10.14,
            "일자리":10.68,
            "소득수준":68.35,
            "일자리총점":27.981,
            "가치 총점":26.8255,
            "매매실거래년":20220105.0,
            "매매실거래가":9000.0,
            "전세실거래년":20171001.0,
            "전세실거래가":2500.0,
            "전세가율":45.45,
            "장기전세가율평균":76.09,
            "전세가율거품지수":30.64,
            "검색코드":6419,
            "세대수":230.0,
            "준공년월":"1984-11-10",
            "준공년차":39.0,
            "가까운역이름":"NA",
            "가까운역거리":"NA",
            "역세권여부":"NA",
            "30분이내주요거점역":"NA",
            "30분거점역이름":"NA",
            "1시간이내주요거점역":"NA",
            "1시간거점역이름":"NA",
            "3km이내백화점수":0,
            "5km이내아울렛몰수":0,
            "1km이내대형먀트수":0,
            "500m이내은행수":0,
            "500m이내병원수":8,
            "5km이내대형병원수":3,
            "500m이내공원수":3,
            "3km이내혐오시설수":0,
            "초등학교학업성취도":90.01,
            "중학교학업성취도":76.5,
            "용적률":0,
            "건폐율":0,
            "Y":36.559587,
            "X":128.747556,
            "rank":62.0,
            "area_info":"14평(47.57), 16평(54.77), 19평(65.99)",
            "last_sales":"2022-01-05,9000.0,19평(65.99)",
            "rank_history":[
                [
                    "202202",
                    62
                ],
                [
                    "202201",
                    59
                ]
            ],
            "rank_gap":-3
        },
        {
            "index":195,
            "아파트명":"상일대자연맨션",
            "투자타입":"재건축",
            "전용면적(m2)":"70.73",
            "전용면적(평)":"21평",
            "법정동주소":"경상북도 안동시 운안동 343-1",
            "도로명주소":"경상북도 안동시 새골2길 19-4",
            "세대수":0,
            "입주년차":"--",
            "용적률점수":0,
            "건폐율점수":0,
            "세대당주차수":"--",
            "난방방식":"--",
            "공급면적":50,
            "전용률":100,
            "욕실수":"--",
            "현관타입":"--",
            "주거총점":7.5,
            "지역구공급총점":0.0,
            "역세권":"NA",
            "30분내 이동가능 거점":"NA",
            "1시간내 이동가능 거점":"NA",
            "교통총점":"NA",
            "백화점":0,
            "아울렛몰":0,
            "대형마트":0,
            "은행":0,
            "병원":10,
            "종합병원":100,
            "공원":100,
            "혐오시설":0,
            "인프라총점":24.0,
            "초등학군":90.0,
            "중학군":48.54,
            "학군총점":56.832,
            "인구수":15.75,
            "인구증감":-2.95,
            "인구총점":10.14,
            "일자리":10.68,
            "소득수준":68.35,
            "일자리총점":27.981,
            "가치 총점":26.433,
            "매매실거래년":20210923.0,
            "매매실거래가":7700.0,
            "전세실거래년":null,
            "전세실거래가":null,
            "전세가율":null,
            "장기전세가율평균":76.09,
            "전세가율거품지수":null,
            "검색코드":6465,
            "세대수":143.0,
            "준공년월":"1990-12-24",
            "준공년차":33.0,
            "가까운역이름":"NA",
            "가까운역거리":"NA",
            "역세권여부":"NA",
            "30분이내주요거점역":"NA",
            "30분거점역이름":"NA",
            "1시간이내주요거점역":"NA",
            "1시간거점역이름":"NA",
            "3km이내백화점수":0,
            "5km이내아울렛몰수":0,
            "1km이내대형먀트수":0,
            "500m이내은행수":0,
            "500m이내병원수":2,
            "5km이내대형병원수":3,
            "500m이내공원수":3,
            "3km이내혐오시설수":0,
            "초등학교학업성취도":90.0,
            "중학교학업성취도":80.9,
            "용적률":0,
            "건폐율":0,
            "Y":36.572276,
            "X":128.71369,
            "rank":63.0,
            "area_info":"21평(70.73), 27평(91.87), 30평(99.69), 32평(106.2)",
            "last_sales":"2021-09-23,7700.0,32평(106.2)",
            "rank_history":[
                [
                    "202202",
                    63
                ],
                [
                    "202201",
                    63
                ]
            ],
            "rank_gap":0
        },
        {
            "index":248,
            "아파트명":"현대",
            "투자타입":"재건축",
            "전용면적(m2)":"83.85",
            "전용면적(평)":"25평",
            "법정동주소":"경상북도 안동시 태화동 634-209",
            "도로명주소":"경상북도 안동시 광명로 227",
            "세대수":0,
            "입주년차":"--",
            "용적률점수":0,
            "건폐율점수":0,
            "세대당주차수":"--",
            "난방방식":"--",
            "공급면적":70,
            "전용률":60,
            "욕실수":"--",
            "현관타입":"--",
            "주거총점":6.5,
            "지역구공급총점":0.0,
            "역세권":"NA",
            "30분내 이동가능 거점":"NA",
            "1시간내 이동가능 거점":"NA",
            "교통총점":"NA",
            "백화점":0,
            "아울렛몰":0,
            "대형마트":0,
            "은행":0,
            "병원":30,
            "종합병원":100,
            "공원":100,
            "혐오시설":0,
            "인프라총점":26.0,
            "초등학군":90.0,
            "중학군":46.24,
            "학군총점":54.992,
            "인구수":15.75,
            "인구증감":-2.95,
            "인구총점":10.14,
            "일자리":10.68,
            "소득수준":68.35,
            "일자리총점":27.981,
            "가치 총점":26.423,
            "매매실거래년":20211217.0,
            "매매실거래가":13900.0,
            "전세실거래년":20200428.0,
            "전세실거래가":7000.0,
            "전세가율":64.81,
            "장기전세가율평균":76.09,
            "전세가율거품지수":11.28,
            "검색코드":6504,
            "세대수":231.0,
            "준공년월":"1990-12-21",
            "준공년차":33.0,
            "가까운역이름":"NA",
            "가까운역거리":"NA",
            "역세권여부":"NA",
            "30분이내주요거점역":"NA",
            "30분거점역이름":"NA",
            "1시간이내주요거점역":"NA",
            "1시간거점역이름":"NA",
            "3km이내백화점수":0,
            "5km이내아울렛몰수":0,
            "1km이내대형먀트수":0,
            "500m이내은행수":1,
            "500m이내병원수":8,
            "5km이내대형병원수":3,
            "500m이내공원수":3,
            "3km이내혐오시설수":0,
            "초등학교학업성취도":90.0,
            "중학교학업성취도":76.8,
            "용적률":0,
            "건폐율":0,
            "Y":36.564934,
            "X":128.707143,
            "rank":64.0,
            "area_info":"25평(83.85), 31평(102.66), 30평(102.27), 41평(136.2)",
            "last_sales":"2021-12-17,13900.0,31평(102.66)",
            "rank_history":[
                [
                    "202202",
                    64
                ],
                [
                    "202201",
                    61
                ]
            ],
            "rank_gap":-3
        },
        {
            "index":252,
            "아파트명":"영남",
            "투자타입":"재건축",
            "전용면적(m2)":"69.42",
            "전용면적(평)":"20평",
            "법정동주소":"경상북도 안동시 평화동 394-8",
            "도로명주소":"경상북도 안동시 평화길 41",
            "세대수":0,
            "입주년차":"--",
            "용적률점수":0,
            "건폐율점수":0,
            "세대당주차수":"--",
            "난방방식":"--",
            "공급면적":50,
            "전용률":80,
            "욕실수":"--",
            "현관타입":"--",
            "주거총점":6.5,
            "지역구공급총점":0.0,
            "역세권":"NA",
            "30분내 이동가능 거점":"NA",
            "1시간내 이동가능 거점":"NA",
            "교통총점":"NA",
            "백화점":0,
            "아울렛몰":0,
            "대형마트":0,
            "은행":0,
            "병원":30,
            "종합병원":100,
            "공원":100,
            "혐오시설":0,
            "인프라총점":26.0,
            "초등학군":89.99,
            "중학군":46.24,
            "학군총점":54.99,
            "인구수":15.75,
            "인구증감":-2.95,
            "인구총점":10.14,
            "일자리":10.68,
            "소득수준":68.35,
            "일자리총점":27.981,
            "가치 총점":26.4225,
            "매매실거래년":20210827.0,
            "매매실거래가":5700.0,
            "전세실거래년":null,
            "전세실거래가":null,
            "전세가율":null,
            "장기전세가율평균":76.09,
            "전세가율거품지수":null,
            "검색코드":15708,
            "세대수":123.0,
            "준공년월":"1992-06-02",
            "준공년차":31.0,
            "가까운역이름":"NA",
            "가까운역거리":"NA",
            "역세권여부":"NA",
            "30분이내주요거점역":"NA",
            "30분거점역이름":"NA",
            "1시간이내주요거점역":"NA",
            "1시간거점역이름":"NA",
            "3km이내백화점수":0,
            "5km이내아울렛몰수":0,
            "1km이내대형먀트수":0,
            "500m이내은행수":0,
            "500m이내병원수":6,
            "5km이내대형병원수":3,
            "500m이내공원수":3,
            "3km이내혐오시설수":0,
            "초등학교학업성취도":89.99,
            "중학교학업성취도":76.8,
            "용적률":0,
            "건폐율":0,
            "Y":36.568344,
            "X":128.712537,
            "rank":65.0,
            "area_info":"20평(69.42), 21평(71.01), 22평(72.73), 25평(85.95), 27평(89.26), 27평(92.56), 29평(95.87), 32평(105.79)",
            "last_sales":"2021-08-27,5700.0,32평(105.79)",
            "rank_history":[
                [
                    "202202",
                    65
                ],
                [
                    "202201",
                    60
                ]
            ],
            "rank_gap":-5
        },
        {
            "index":146,
            "아파트명":"경동",
            "투자타입":"일반",
            "전용면적(m2)":"81.79",
            "전용면적(평)":"24평",
            "법정동주소":"경상북도 안동시 용상동 974-1",
            "도로명주소":"경상북도 안동시 중들길 65",
            "세대수":0,
            "입주년차":0,
            "용적률점수":"--",
            "건폐율점수":"--",
            "세대당주차수":0,
            "난방방식":30,
            "공급면적":"--",
            "전용률":"--",
            "욕실수":50,
            "현관타입":10,
            "주거총점":9.0,
            "지역구공급총점":0.0,
            "역세권":"NA",
            "30분내 이동가능 거점":"NA",
            "1시간내 이동가능 거점":"NA",
            "교통총점":"NA",
            "백화점":0,
            "아울렛몰":0,
            "대형마트":0,
            "은행":0,
            "병원":30,
            "종합병원":100,
            "공원":0,
            "혐오시설":0,
            "인프라총점":23.0,
            "초등학군":90.0,
            "중학군":46.5,
            "학군총점":55.2,
            "인구수":15.75,
            "인구증감":-2.95,
            "인구총점":10.14,
            "일자리":10.68,
            "소득수준":68.35,
            "일자리총점":27.981,
            "가치 총점":26.15,
            "매매실거래년":20220103.0,
            "매매실거래가":8200.0,
            "전세실거래년":20200718.0,
            "전세실거래가":6500.0,
            "전세가율":81.25,
            "장기전세가율평균":76.09,
            "전세가율거품지수":-5.16,
            "검색코드":6413,
            "세대수":195.0,
            "준공년월":"1993-12-01",
            "준공년차":30.0,
            "가까운역이름":"NA",
            "가까운역거리":"NA",
            "역세권여부":"NA",
            "30분이내주요거점역":"NA",
            "30분거점역이름":"NA",
            "1시간이내주요거점역":"NA",
            "1시간거점역이름":"NA",
            "3km이내백화점수":0,
            "5km이내아울렛몰수":0,
            "1km이내대형먀트수":0,
            "500m이내은행수":0,
            "500m이내병원수":6,
            "5km이내대형병원수":2,
            "500m이내공원수":0,
            "3km이내혐오시설수":0,
            "초등학교학업성취도":90.0,
            "중학교학업성취도":76.5,
            "용적률":199,
            "건폐율":13,
            "Y":36.55792,
            "X":128.75724,
            "rank":66.0,
            "area_info":"24평(81.79), 31평(102.56)",
            "last_sales":"2022-01-03,8200.0,31평(102.56)",
            "rank_history":[
                [
                    "202202",
                    66
                ],
                [
                    "202201",
                    64
                ]
            ],
            "rank_gap":-2
        },
        {
            "index":101,
            "아파트명":"우성",
            "투자타입":"재건축",
            "전용면적(m2)":"93.69",
            "전용면적(평)":"28평",
            "법정동주소":"경상북도 안동시 안기동 190",
            "도로명주소":"경상북도 안동시 영남길 32",
            "세대수":0,
            "입주년차":"--",
            "용적률점수":0,
            "건폐율점수":0,
            "세대당주차수":"--",
            "난방방식":"--",
            "공급면적":70,
            "전용률":60,
            "욕실수":"--",
            "현관타입":"--",
            "주거총점":6.5,
            "지역구공급총점":0.0,
            "역세권":"NA",
            "30분내 이동가능 거점":"NA",
            "1시간내 이동가능 거점":"NA",
            "교통총점":"NA",
            "백화점":0,
            "아울렛몰":0,
            "대형마트":0,
            "은행":0,
            "병원":10,
            "종합병원":100,
            "공원":0,
            "혐오시설":0,
            "인프라총점":21.0,
            "초등학군":90.0,
            "중학군":48.54,
            "학군총점":56.832,
            "인구수":15.75,
            "인구증감":-2.95,
            "인구총점":10.14,
            "일자리":10.68,
            "소득수준":68.35,
            "일자리총점":27.981,
            "가치 총점":24.883,
            "매매실거래년":20211211.0,
            "매매실거래가":9300.0,
            "전세실거래년":20210326.0,
            "전세실거래가":8000.0,
            "전세가율":86.02,
            "장기전세가율평균":76.09,
            "전세가율거품지수":-9.93,
            "검색코드":6386,
            "세대수":168.0,
            "준공년월":"1991-07-31",
            "준공년차":32.0,
            "가까운역이름":"NA",
            "가까운역거리":"NA",
            "역세권여부":"NA",
            "30분이내주요거점역":"NA",
            "30분거점역이름":"NA",
            "1시간이내주요거점역":"NA",
            "1시간거점역이름":"NA",
            "3km이내백화점수":0,
            "5km이내아울렛몰수":0,
            "1km이내대형먀트수":0,
            "500m이내은행수":0,
            "500m이내병원수":2,
            "5km이내대형병원수":3,
            "500m이내공원수":0,
            "3km이내혐오시설수":0,
            "초등학교학업성취도":90.0,
            "중학교학업성취도":80.9,
            "용적률":0,
            "건폐율":0,
            "Y":36.572426,
            "X":128.720138,
            "rank":67.0,
            "area_info":"28평(93.69), 32평(106.07)",
            "last_sales":"2021-12-11,9300.0,28평(93.69)",
            "rank_history":[
                [
                    "202202",
                    67
                ],
                [
                    "202201",
                    65
                ]
            ],
            "rank_gap":-2
        },
        {
            "index":24,
            "아파트명":"학산",
            "투자타입":"일반",
            "전용면적(m2)":"38.91",
            "전용면적(평)":"11평",
            "법정동주소":"경상북도 안동시 서후면 명리 489",
            "도로명주소":"경상북도 안동시 명리두솔원길 5-8",
            "세대수":0,
            "입주년차":40,
            "용적률점수":"--",
            "건폐율점수":"--",
            "세대당주차수":0,
            "난방방식":30,
            "공급면적":"--",
            "전용률":"--",
            "욕실수":50,
            "현관타입":50,
            "주거총점":21.0,
            "지역구공급총점":0.0,
            "역세권":"NA",
            "30분내 이동가능 거점":"NA",
            "1시간내 이동가능 거점":"NA",
            "교통총점":"NA",
            "백화점":0,
            "아울렛몰":0,
            "대형마트":0,
            "은행":0,
            "병원":0,
            "종합병원":0,
            "공원":0,
            "혐오시설":0,
            "인프라총점":0.0,
            "초등학군":90.0,
            "중학군":49.32,
            "학군총점":57.456,
            "인구수":15.75,
            "인구증감":-2.95,
            "인구총점":10.14,
            "일자리":10.68,
            "소득수준":68.35,
            "일자리총점":27.981,
            "가치 총점":21.714,
            "매매실거래년":20220127.0,
            "매매실거래가":3560.0,
            "전세실거래년":20210929.0,
            "전세실거래가":2000.0,
            "전세가율":76.92,
            "장기전세가율평균":76.09,
            "전세가율거품지수":-0.83,
            "검색코드":107591,
            "세대수":299.0,
            "준공년월":"2005-01-05",
            "준공년차":18.0,
            "가까운역이름":"NA",
            "가까운역거리":"NA",
            "역세권여부":"NA",
            "30분이내주요거점역":"NA",
            "30분거점역이름":"NA",
            "1시간이내주요거점역":"NA",
            "1시간거점역이름":"NA",
            "3km이내백화점수":0,
            "5km이내아울렛몰수":0,
            "1km이내대형먀트수":0,
            "500m이내은행수":0,
            "500m이내병원수":0,
            "5km이내대형병원수":0,
            "500m이내공원수":0,
            "3km이내혐오시설수":0,
            "초등학교학업성취도":90.0,
            "중학교학업성취도":81.2,
            "용적률":153,
            "건폐율":14,
            "Y":36.590666,
            "X":128.644638,
            "rank":68.0,
            "area_info":"11평(38.91), 16평(53.57)",
            "last_sales":"2022-01-27,3560.0,16평(53.57)",
            "rank_history":[
                [
                    "202202",
                    68
                ],
                [
                    "202201",
                    66
                ]
            ],
            "rank_gap":-2
        },
        {
            "index":4,
            "아파트명":"용마",
            "투자타입":"일반",
            "전용면적(m2)":"49.64",
            "전용면적(평)":"15평",
            "법정동주소":"경상북도 안동시 남선면 이천리 829-103",
            "도로명주소":"경상북도 안동시 샘들윗길 58",
            "세대수":0,
            "입주년차":0,
            "용적률점수":"--",
            "건폐율점수":"--",
            "세대당주차수":0,
            "난방방식":30,
            "공급면적":"--",
            "전용률":"--",
            "욕실수":50,
            "현관타입":10,
            "주거총점":9.0,
            "지역구공급총점":0.0,
            "역세권":"NA",
            "30분내 이동가능 거점":"NA",
            "1시간내 이동가능 거점":"NA",
            "교통총점":"NA",
            "백화점":0,
            "아울렛몰":0,
            "대형마트":0,
            "은행":0,
            "병원":0,
            "종합병원":0,
            "공원":0,
            "혐오시설":0,
            "인프라총점":0.0,
            "초등학군":89.98,
            "중학군":46.5,
            "학군총점":55.196,
            "인구수":15.75,
            "인구증감":-2.95,
            "인구총점":10.14,
            "일자리":10.68,
            "소득수준":68.35,
            "일자리총점":27.981,
            "가치 총점":16.949,
            "매매실거래년":20211228.0,
            "매매실거래가":6400.0,
            "전세실거래년":20210215.0,
            "전세실거래가":2000.0,
            "전세가율":60.61,
            "장기전세가율평균":76.09,
            "전세가율거품지수":15.48,
            "검색코드":6057,
            "세대수":275.0,
            "준공년월":"1994-12-26",
            "준공년차":29.0,
            "가까운역이름":"NA",
            "가까운역거리":"NA",
            "역세권여부":"NA",
            "30분이내주요거점역":"NA",
            "30분거점역이름":"NA",
            "1시간이내주요거점역":"NA",
            "1시간거점역이름":"NA",
            "3km이내백화점수":0,
            "5km이내아울렛몰수":0,
            "1km이내대형먀트수":0,
            "500m이내은행수":0,
            "500m이내병원수":0,
            "5km이내대형병원수":0,
            "500m이내공원수":0,
            "3km이내혐오시설수":0,
            "초등학교학업성취도":89.98,
            "중학교학업성취도":76.5,
            "용적률":206,
            "건폐율":18,
            "Y":36.532917,
            "X":128.796658,
            "rank":69.0,
            "area_info":"15평(49.64), 26평(86.54)",
            "last_sales":"2021-12-28,6400.0,26평(86.54)",
            "rank_history":[
                [
                    "202202",
                    69
                ],
                [
                    "202201",
                    67
                ]
            ],
            "rank_gap":-2
        }
    ]
}