{
    "schema":{
        "fields":[
            {
                "name":"index",
                "type":"integer"
            },
            {
                "name":"아파트명",
                "type":"string"
            },
            {
                "name":"투자타입",
                "type":"string"
            },
            {
                "name":"전용면적(m2)",
                "type":"string"
            },
            {
                "name":"전용면적(평)",
                "type":"string"
            },
            {
                "name":"법정동주소",
                "type":"string"
            },
            {
                "name":"도로명주소",
                "type":"string"
            },
            {
                "name":"세대수",
                "type":"integer"
            },
            {
                "name":"입주년차",
                "type":"string"
            },
            {
                "name":"용적률점수",
                "type":"string"
            },
            {
                "name":"건폐율점수",
                "type":"string"
            },
            {
                "name":"세대당주차수",
                "type":"string"
            },
            {
                "name":"난방방식",
                "type":"string"
            },
            {
                "name":"공급면적",
                "type":"string"
            },
            {
                "name":"전용률",
                "type":"string"
            },
            {
                "name":"욕실수",
                "type":"string"
            },
            {
                "name":"현관타입",
                "type":"string"
            },
            {
                "name":"주거총점",
                "type":"number"
            },
            {
                "name":"지역구공급총점",
                "type":"number"
            },
            {
                "name":"역세권",
                "type":"string"
            },
            {
                "name":"30분내 이동가능 거점",
                "type":"string"
            },
            {
                "name":"1시간내 이동가능 거점",
                "type":"string"
            },
            {
                "name":"교통총점",
                "type":"string"
            },
            {
                "name":"백화점",
                "type":"integer"
            },
            {
                "name":"아울렛몰",
                "type":"integer"
            },
            {
                "name":"대형마트",
                "type":"integer"
            },
            {
                "name":"은행",
                "type":"integer"
            },
            {
                "name":"병원",
                "type":"integer"
            },
            {
                "name":"종합병원",
                "type":"integer"
            },
            {
                "name":"공원",
                "type":"integer"
            },
            {
                "name":"혐오시설",
                "type":"integer"
            },
            {
                "name":"인프라총점",
                "type":"number"
            },
            {
                "name":"초등학군",
                "type":"number"
            },
            {
                "name":"중학군",
                "type":"number"
            },
            {
                "name":"학군총점",
                "type":"number"
            },
            {
                "name":"인구수",
                "type":"number"
            },
            {
                "name":"인구증감",
                "type":"number"
            },
            {
                "name":"인구총점",
                "type":"number"
            },
            {
                "name":"일자리",
                "type":"number"
            },
            {
                "name":"소득수준",
                "type":"number"
            },
            {
                "name":"일자리총점",
                "type":"number"
            },
            {
                "name":"가치 총점",
                "type":"number"
            },
            {
                "name":"매매실거래년",
                "type":"string"
            },
            {
                "name":"매매실거래가",
                "type":"number"
            },
            {
                "name":"전세실거래년",
                "type":"number"
            },
            {
                "name":"전세실거래가",
                "type":"number"
            },
            {
                "name":"전세가율",
                "type":"number"
            },
            {
                "name":"장기전세가율평균",
                "type":"number"
            },
            {
                "name":"전세가율거품지수",
                "type":"number"
            },
            {
                "name":"검색코드",
                "type":"integer"
            },
            {
                "name":"세대수",
                "type":"number"
            },
            {
                "name":"준공년월",
                "type":"string"
            },
            {
                "name":"준공년차",
                "type":"number"
            },
            {
                "name":"가까운역이름",
                "type":"string"
            },
            {
                "name":"가까운역거리",
                "type":"string"
            },
            {
                "name":"역세권여부",
                "type":"string"
            },
            {
                "name":"30분이내주요거점역",
                "type":"string"
            },
            {
                "name":"30분거점역이름",
                "type":"string"
            },
            {
                "name":"1시간이내주요거점역",
                "type":"string"
            },
            {
                "name":"1시간거점역이름",
                "type":"string"
            },
            {
                "name":"3km이내백화점수",
                "type":"integer"
            },
            {
                "name":"5km이내아울렛몰수",
                "type":"integer"
            },
            {
                "name":"1km이내대형먀트수",
                "type":"integer"
            },
            {
                "name":"500m이내은행수",
                "type":"integer"
            },
            {
                "name":"500m이내병원수",
                "type":"integer"
            },
            {
                "name":"5km이내대형병원수",
                "type":"integer"
            },
            {
                "name":"500m이내공원수",
                "type":"integer"
            },
            {
                "name":"3km이내혐오시설수",
                "type":"integer"
            },
            {
                "name":"초등학교학업성취도",
                "type":"number"
            },
            {
                "name":"중학교학업성취도",
                "type":"number"
            },
            {
                "name":"용적률",
                "type":"integer"
            },
            {
                "name":"건폐율",
                "type":"integer"
            },
            {
                "name":"Y",
                "type":"number"
            },
            {
                "name":"X",
                "type":"number"
            },
            {
                "name":"rank",
                "type":"number"
            },
            {
                "name":"area_info",
                "type":"string"
            },
            {
                "name":"last_sales",
                "type":"string"
            },
            {
                "name":"rank_history",
                "type":"string"
            },
            {
                "name":"rank_gap",
                "type":"integer"
            }
        ],
        "primaryKey":[
            "index"
        ],
        "pandas_version":"1.4.0"
    },
    "data":[
        {
            "index":242,
            "아파트명":"힐스테이트아티움시티",
            "투자타입":"일반",
            "전용면적(m2)":"112.86",
            "전용면적(평)":"34평",
            "법정동주소":"경상남도 창원시 의창구 팔용동 35-1",
            "도로명주소":"경상남도 창원시 의창구 창원대로397번길 11",
            "세대수":90,
            "입주년차":100,
            "용적률점수":"--",
            "건폐율점수":"--",
            "세대당주차수":60,
            "난방방식":30,
            "공급면적":"--",
            "전용률":"--",
            "욕실수":100,
            "현관타입":100,
            "주거총점":83.5,
            "지역구공급총점":0.0,
            "역세권":"NA",
            "30분내 이동가능 거점":"NA",
            "1시간내 이동가능 거점":"NA",
            "교통총점":"NA",
            "백화점":0,
            "아울렛몰":0,
            "대형마트":80,
            "은행":20,
            "병원":10,
            "종합병원":100,
            "공원":0,
            "혐오시설":0,
            "인프라총점":35.0,
            "초등학군":89.98,
            "중학군":44.96,
            "학군총점":53.964,
            "인구수":25.17,
            "인구증감":-123.98,
            "인구총점":-19.575,
            "일자리":13.6,
            "소득수준":82.32,
            "일자리총점":34.216,
            "가치 총점":56.716,
            "매매실거래년":20211230.0,
            "매매실거래가":69900.0,
            "전세실거래년":20210918.0,
            "전세실거래가":45000.0,
            "전세가율":64.38,
            "장기전세가율평균":62.02,
            "전세가율거품지수":-2.36,
            "검색코드":115640,
            "세대수":1132.0,
            "준공년월":"2020-05-04",
            "준공년차":3.0,
            "가까운역이름":"NA",
            "가까운역거리":"NA",
            "역세권여부":"NA",
            "30분이내주요거점역":"NA",
            "30분거점역이름":"NA",
            "1시간이내주요거점역":"NA",
            "1시간거점역이름":"NA",
            "3km이내백화점수":0,
            "5km이내아울렛몰수":0,
            "1km이내대형먀트수":1,
            "500m이내은행수":2,
            "500m이내병원수":2,
            "5km이내대형병원수":4,
            "500m이내공원수":0,
            "3km이내혐오시설수":0,
            "초등학교학업성취도":89.98,
            "중학교학업성취도":73.4,
            "용적률":687,
            "건폐율":55,
            "Y":35.235587,
            "X":128.641175,
            "rank":1.0,
            "area_info":"34평(112.86), 34평(114.33), 34평(114.85)",
            "last_sales":"2021-12-30,69900.0,34평(112.86)",
            "rank_history":[
                [
                    "202202",
                    1
                ],
                [
                    "202201",
                    1
                ]
            ],
            "rank_gap":0
        },
        {
            "index":199,
            "아파트명":"창원중동유니시티1단지",
            "투자타입":"일반",
            "전용면적(m2)":"83.8",
            "전용면적(평)":"25평",
            "법정동주소":"경상남도 창원시 의창구 중동 790",
            "도로명주소":"경상남도 창원시 의창구 중동로 34",
            "세대수":100,
            "입주년차":100,
            "용적률점수":"--",
            "건폐율점수":"--",
            "세대당주차수":80,
            "난방방식":30,
            "공급면적":"--",
            "전용률":"--",
            "욕실수":100,
            "현관타입":100,
            "주거총점":90.0,
            "지역구공급총점":0.0,
            "역세권":"NA",
            "30분내 이동가능 거점":"NA",
            "1시간내 이동가능 거점":"NA",
            "교통총점":"NA",
            "백화점":0,
            "아울렛몰":0,
            "대형마트":0,
            "은행":0,
            "병원":30,
            "종합병원":100,
            "공원":80,
            "혐오시설":0,
            "인프라총점":25.4,
            "초등학군":90.0,
            "중학군":49.74,
            "학군총점":57.792,
            "인구수":25.17,
            "인구증감":-123.98,
            "인구총점":-19.575,
            "일자리":13.6,
            "소득수준":82.32,
            "일자리총점":34.216,
            "가치 총점":56.108,
            "매매실거래년":20211217.0,
            "매매실거래가":67500.0,
            "전세실거래년":20220108.0,
            "전세실거래가":43000.0,
            "전세가율":63.7,
            "장기전세가율평균":62.02,
            "전세가율거품지수":-1.68,
            "검색코드":115396,
            "세대수":1803.0,
            "준공년월":"2019-06-20",
            "준공년차":4.0,
            "가까운역이름":"NA",
            "가까운역거리":"NA",
            "역세권여부":"NA",
            "30분이내주요거점역":"NA",
            "30분거점역이름":"NA",
            "1시간이내주요거점역":"NA",
            "1시간거점역이름":"NA",
            "3km이내백화점수":0,
            "5km이내아울렛몰수":0,
            "1km이내대형먀트수":0,
            "500m이내은행수":1,
            "500m이내병원수":6,
            "5km이내대형병원수":2,
            "500m이내공원수":1,
            "3km이내혐오시설수":0,
            "초등학교학업성취도":90.0,
            "중학교학업성취도":81.9,
            "용적률":247,
            "건폐율":16,
            "Y":35.253747,
            "X":128.625275,
            "rank":2.0,
            "area_info":"25평(83.8), 30평(100.76), 35평(116.84), 35평(117.13), 41평(136.48), 47평(158.56), 56평(185.84), 56평(186.85)",
            "last_sales":"2021-12-17,67500.0,25평(83.8)",
            "rank_history":[
                [
                    "202202",
                    2
                ],
                [
                    "202201",
                    2
                ]
            ],
            "rank_gap":0
        },
        {
            "index":207,
            "아파트명":"창원중동유니시티2단지",
            "투자타입":"일반",
            "전용면적(m2)":"85.07",
            "전용면적(평)":"25평",
            "법정동주소":"경상남도 창원시 의창구 중동 785",
            "도로명주소":"경상남도 창원시 의창구 중동로 33",
            "세대수":90,
            "입주년차":100,
            "용적률점수":"--",
            "건폐율점수":"--",
            "세대당주차수":80,
            "난방방식":30,
            "공급면적":"--",
            "전용률":"--",
            "욕실수":100,
            "현관타입":100,
            "주거총점":86.5,
            "지역구공급총점":0.0,
            "역세권":"NA",
            "30분내 이동가능 거점":"NA",
            "1시간내 이동가능 거점":"NA",
            "교통총점":"NA",
            "백화점":0,
            "아울렛몰":0,
            "대형마트":0,
            "은행":0,
            "병원":60,
            "종합병원":100,
            "공원":100,
            "혐오시설":0,
            "인프라총점":29.0,
            "초등학군":90.0,
            "중학군":41.66,
            "학군총점":51.328,
            "인구수":25.17,
            "인구증감":-123.98,
            "인구총점":-19.575,
            "일자리":13.6,
            "소득수준":82.32,
            "일자리총점":34.216,
            "가치 총점":54.707,
            "매매실거래년":20211207.0,
            "매매실거래가":80600.0,
            "전세실거래년":20210925.0,
            "전세실거래가":30000.0,
            "전세가율":49.59,
            "장기전세가율평균":62.02,
            "전세가율거품지수":12.43,
            "검색코드":115397,
            "세대수":1064.0,
            "준공년월":"2019-06-20",
            "준공년차":4.0,
            "가까운역이름":"NA",
            "가까운역거리":"NA",
            "역세권여부":"NA",
            "30분이내주요거점역":"NA",
            "30분거점역이름":"NA",
            "1시간이내주요거점역":"NA",
            "1시간거점역이름":"NA",
            "3km이내백화점수":0,
            "5km이내아울렛몰수":0,
            "1km이내대형먀트수":0,
            "500m이내은행수":1,
            "500m이내병원수":15,
            "5km이내대형병원수":2,
            "500m이내공원수":5,
            "3km이내혐오시설수":0,
            "초등학교학업성취도":90.0,
            "중학교학업성취도":68.3,
            "용적률":247,
            "건폐율":13,
            "Y":35.256899,
            "X":128.627003,
            "rank":3.0,
            "area_info":"25평(85.07), 30평(102.3), 35평(118.92), 35평(118.62), 41평(138.58)",
            "last_sales":"2021-12-07,80600.0,41평(138.58)",
            "rank_history":[
                [
                    "202202",
                    3
                ],
                [
                    "202201",
                    3
                ]
            ],
            "rank_gap":0
        },
        {
            "index":217,
            "아파트명":"창원중동유니시티4단지",
            "투자타입":"일반",
            "전용면적(m2)":"82.66",
            "전용면적(평)":"25평",
            "법정동주소":"경상남도 창원시 의창구 중동 788",
            "도로명주소":"경상남도 창원시 의창구 중동로 78",
            "세대수":100,
            "입주년차":100,
            "용적률점수":"--",
            "건폐율점수":"--",
            "세대당주차수":80,
            "난방방식":30,
            "공급면적":"--",
            "전용률":"--",
            "욕실수":100,
            "현관타입":100,
            "주거총점":90.0,
            "지역구공급총점":0.0,
            "역세권":"NA",
            "30분내 이동가능 거점":"NA",
            "1시간내 이동가능 거점":"NA",
            "교통총점":"NA",
            "백화점":0,
            "아울렛몰":0,
            "대형마트":0,
            "은행":0,
            "병원":10,
            "종합병원":100,
            "공원":0,
            "혐오시설":0,
            "인프라총점":21.0,
            "초등학군":90.0,
            "중학군":41.66,
            "학군총점":51.328,
            "인구수":25.17,
            "인구증감":-123.98,
            "인구총점":-19.575,
            "일자리":13.6,
            "소득수준":82.32,
            "일자리총점":34.216,
            "가치 총점":52.732,
            "매매실거래년":20210706.0,
            "매매실거래가":104500.0,
            "전세실거래년":20211218.0,
            "전세실거래가":27000.0,
            "전세가율":42.65,
            "장기전세가율평균":62.02,
            "전세가율거품지수":19.37,
            "검색코드":115529,
            "세대수":1768.0,
            "준공년월":"2019-12-01",
            "준공년차":4.0,
            "가까운역이름":"NA",
            "가까운역거리":"NA",
            "역세권여부":"NA",
            "30분이내주요거점역":"NA",
            "30분거점역이름":"NA",
            "1시간이내주요거점역":"NA",
            "1시간거점역이름":"NA",
            "3km이내백화점수":0,
            "5km이내아울렛몰수":0,
            "1km이내대형먀트수":0,
            "500m이내은행수":0,
            "500m이내병원수":2,
            "5km이내대형병원수":2,
            "500m이내공원수":0,
            "3km이내혐오시설수":0,
            "초등학교학업성취도":90.0,
            "중학교학업성취도":68.3,
            "용적률":0,
            "건폐율":0,
            "Y":35.25436,
            "X":128.631465,
            "rank":4.0,
            "area_info":"25평(82.66), 30평(99.23), 34평(115.7), 35평(115.93), 41평(135.62), 48평(158.75), 56평(185.29), 56평(185.59)",
            "last_sales":"2021-07-06,104500.0,41평(135.62)",
            "rank_history":[
                [
                    "202202",
                    4
                ],
                [
                    "202201",
                    4
                ]
            ],
            "rank_gap":0
        },
        {
            "index":212,
            "아파트명":"창원중동유니시티3단지",
            "투자타입":"일반",
            "전용면적(m2)":"84.02",
            "전용면적(평)":"25평",
            "법정동주소":"경상남도 창원시 의창구 중동 786",
            "도로명주소":"경상남도 창원시 의창구 중동로 77",
            "세대수":90,
            "입주년차":100,
            "용적률점수":"--",
            "건폐율점수":"--",
            "세대당주차수":80,
            "난방방식":30,
            "공급면적":"--",
            "전용률":"--",
            "욕실수":100,
            "현관타입":100,
            "주거총점":86.5,
            "지역구공급총점":0.0,
            "역세권":"NA",
            "30분내 이동가능 거점":"NA",
            "1시간내 이동가능 거점":"NA",
            "교통총점":"NA",
            "백화점":0,
            "아울렛몰":0,
            "대형마트":0,
            "은행":0,
            "병원":10,
            "종합병원":100,
            "공원":100,
            "혐오시설":0,
            "인프라총점":24.0,
            "초등학군":90.0,
            "중학군":41.66,
            "학군총점":51.328,
            "인구수":25.17,
            "인구증감":-123.98,
            "인구총점":-19.575,
            "일자리":13.6,
            "소득수준":82.32,
            "일자리총점":34.216,
            "가치 총점":52.707,
            "매매실거래년":20220108.0,
            "매매실거래가":86000.0,
            "전세실거래년":20220122.0,
            "전세실거래가":42000.0,
            "전세가율":62.69,
            "장기전세가율평균":62.02,
            "전세가율거품지수":-0.67,
            "검색코드":115528,
            "세대수":1465.0,
            "준공년월":"2019-12-01",
            "준공년차":4.0,
            "가까운역이름":"NA",
            "가까운역거리":"NA",
            "역세권여부":"NA",
            "30분이내주요거점역":"NA",
            "30분거점역이름":"NA",
            "1시간이내주요거점역":"NA",
            "1시간거점역이름":"NA",
            "3km이내백화점수":0,
            "5km이내아울렛몰수":0,
            "1km이내대형먀트수":0,
            "500m이내은행수":0,
            "500m이내병원수":4,
            "5km이내대형병원수":2,
            "500m이내공원수":3,
            "3km이내혐오시설수":0,
            "초등학교학업성취도":90.0,
            "중학교학업성취도":68.3,
            "용적률":0,
            "건폐율":0,
            "Y":35.256555,
            "X":128.630526,
            "rank":5.0,
            "area_info":"25평(84.02), 30평(100.89), 35평(117.63), 35평(117.86), 41평(137.9)",
            "last_sales":"2022-01-08,86000.0,35평(117.86)",
            "rank_history":[
                [
                    "202202",
                    5
                ],
                [
                    "202201",
                    5
                ]
            ],
            "rank_gap":0
        },
        {
            "index":188,
            "아파트명":"중동대동다숲",
            "투자타입":"일반",
            "전용면적(m2)":"106.92",
            "전용면적(평)":"32평",
            "법정동주소":"경상남도 창원시 의창구 서상동 649",
            "도로명주소":"경상남도 창원시 의창구 팔용로 512",
            "세대수":50,
            "입주년차":40,
            "용적률점수":"--",
            "건폐율점수":"--",
            "세대당주차수":30,
            "난방방식":30,
            "공급면적":"--",
            "전용률":"--",
            "욕실수":100,
            "현관타입":100,
            "주거총점":53.0,
            "지역구공급총점":0.0,
            "역세권":"NA",
            "30분내 이동가능 거점":"NA",
            "1시간내 이동가능 거점":"NA",
            "교통총점":"NA",
            "백화점":0,
            "아울렛몰":0,
            "대형마트":80,
            "은행":20,
            "병원":60,
            "종합병원":100,
            "공원":100,
            "혐오시설":0,
            "인프라총점":43.0,
            "초등학군":90.01,
            "중학군":53.3,
            "학군총점":60.642,
            "인구수":25.17,
            "인구증감":-123.98,
            "인구총점":-19.575,
            "일자리":13.6,
            "소득수준":82.32,
            "일자리총점":34.216,
            "가치 총점":50.9105,
            "매매실거래년":20220112.0,
            "매매실거래가":37300.0,
            "전세실거래년":20220107.0,
            "전세실거래가":20000.0,
            "전세가율":53.62,
            "장기전세가율평균":62.02,
            "전세가율거품지수":8.4,
            "검색코드":100905,
            "세대수":630.0,
            "준공년월":"2005-12-22",
            "준공년차":18.0,
            "가까운역이름":"NA",
            "가까운역거리":"NA",
            "역세권여부":"NA",
            "30분이내주요거점역":"NA",
            "30분거점역이름":"NA",
            "1시간이내주요거점역":"NA",
            "1시간거점역이름":"NA",
            "3km이내백화점수":0,
            "5km이내아울렛몰수":0,
            "1km이내대형먀트수":1,
            "500m이내은행수":2,
            "500m이내병원수":12,
            "5km이내대형병원수":2,
            "500m이내공원수":2,
            "3km이내혐오시설수":0,
            "초등학교학업성취도":90.01,
            "중학교학업성취도":87.1,
            "용적률":219,
            "건폐율":19,
            "Y":35.260894,
            "X":128.619482,
            "rank":6.0,
            "area_info":"32평(106.92), 34평(112.75), 34평(113.68), 47평(158.02), 55평(181.95)",
            "last_sales":"2022-01-12,37300.0,32평(106.92)",
            "rank_history":[
                [
                    "202202",
                    6
                ],
                [
                    "202201",
                    9
                ]
            ],
            "rank_gap":3
        },
        {
            "index":233,
            "아파트명":"벽산블루밍B단지",
            "투자타입":"일반",
            "전용면적(m2)":"79.81",
            "전용면적(평)":"24평",
            "법정동주소":"경상남도 창원시 의창구 팔용동 122",
            "도로명주소":"경상남도 창원시 의창구 반계로 104-21",
            "세대수":100,
            "입주년차":20,
            "용적률점수":"--",
            "건폐율점수":"--",
            "세대당주차수":30,
            "난방방식":30,
            "공급면적":"--",
            "전용률":"--",
            "욕실수":50,
            "현관타입":100,
            "주거총점":61.5,
            "지역구공급총점":0.0,
            "역세권":"NA",
            "30분내 이동가능 거점":"NA",
            "1시간내 이동가능 거점":"NA",
            "교통총점":"NA",
            "백화점":0,
            "아울렛몰":0,
            "대형마트":0,
            "은행":70,
            "병원":60,
            "종합병원":100,
            "공원":100,
            "혐오시설":0,
            "인프라총점":36.0,
            "초등학군":90.0,
            "중학군":49.74,
            "학군총점":57.792,
            "인구수":25.17,
            "인구증감":-123.98,
            "인구총점":-19.575,
            "일자리":13.6,
            "소득수준":82.32,
            "일자리총점":34.216,
            "가치 총점":50.373,
            "매매실거래년":20220117.0,
            "매매실거래가":35200.0,
            "전세실거래년":20211203.0,
            "전세실거래가":15000.0,
            "전세가율":42.61,
            "장기전세가율평균":62.02,
            "전세가율거품지수":19.41,
            "검색코드":7822,
            "세대수":1650.0,
            "준공년월":"1999-06-30",
            "준공년차":24.0,
            "가까운역이름":"NA",
            "가까운역거리":"NA",
            "역세권여부":"NA",
            "30분이내주요거점역":"NA",
            "30분거점역이름":"NA",
            "1시간이내주요거점역":"NA",
            "1시간거점역이름":"NA",
            "3km이내백화점수":0,
            "5km이내아울렛몰수":0,
            "1km이내대형먀트수":0,
            "500m이내은행수":3,
            "500m이내병원수":13,
            "5km이내대형병원수":2,
            "500m이내공원수":3,
            "3km이내혐오시설수":0,
            "초등학교학업성취도":90.0,
            "중학교학업성취도":81.9,
            "용적률":290,
            "건폐율":21,
            "Y":35.253309,
            "X":128.618501,
            "rank":7.0,
            "area_info":"24평(79.81), 28평(95.05), 32평(108.1)",
            "last_sales":"2022-01-17,35200.0,24평(79.81)",
            "rank_history":[
                [
                    "202202",
                    7
                ],
                [
                    "202201",
                    7
                ]
            ],
            "rank_gap":0
        },
        {
            "index":84,
            "아파트명":"두산위브",
            "투자타입":"일반",
            "전용면적(m2)":"113.14",
            "전용면적(평)":"34평",
            "법정동주소":"경상남도 창원시 의창구 명서동 27",
            "도로명주소":"경상남도 창원시 의창구 도계로 135",
            "세대수":100,
            "입주년차":60,
            "용적률점수":"--",
            "건폐율점수":"--",
            "세대당주차수":80,
            "난방방식":30,
            "공급면적":"--",
            "전용률":"--",
            "욕실수":100,
            "현관타입":100,
            "주거총점":82.0,
            "지역구공급총점":0.0,
            "역세권":"NA",
            "30분내 이동가능 거점":"NA",
            "1시간내 이동가능 거점":"NA",
            "교통총점":"NA",
            "백화점":0,
            "아울렛몰":0,
            "대형마트":0,
            "은행":0,
            "병원":0,
            "종합병원":100,
            "공원":100,
            "혐오시설":0,
            "인프라총점":23.0,
            "초등학군":89.99,
            "중학군":39.64,
            "학군총점":49.71,
            "인구수":25.17,
            "인구증감":-123.98,
            "인구총점":-19.575,
            "일자리":13.6,
            "소득수준":82.32,
            "일자리총점":34.216,
            "가치 총점":50.3275,
            "매매실거래년":20211215.0,
            "매매실거래가":86900.0,
            "전세실거래년":20211017.0,
            "전세실거래가":42000.0,
            "전세가율":79.25,
            "장기전세가율평균":62.02,
            "전세가율거품지수":-17.23,
            "검색코드":101464,
            "세대수":1522.0,
            "준공년월":"2010-06-15",
            "준공년차":13.0,
            "가까운역이름":"NA",
            "가까운역거리":"NA",
            "역세권여부":"NA",
            "30분이내주요거점역":"NA",
            "30분거점역이름":"NA",
            "1시간이내주요거점역":"NA",
            "1시간거점역이름":"NA",
            "3km이내백화점수":0,
            "5km이내아울렛몰수":0,
            "1km이내대형먀트수":0,
            "500m이내은행수":1,
            "500m이내병원수":1,
            "5km이내대형병원수":3,
            "500m이내공원수":8,
            "3km이내혐오시설수":0,
            "초등학교학업성취도":89.99,
            "중학교학업성취도":65.0,
            "용적률":207,
            "건폐율":18,
            "Y":35.253502,
            "X":128.643822,
            "rank":8.0,
            "area_info":"34평(113.14), 38평(128.43), 38평(128.22), 38평(128.22), 43평(145.42), 43평(145.04), 45평(151.9), 45평(151.01), 49평(165.22), 49평(165.24), 59평(195.65), 59평(198.2), 68평(225.36)",
            "last_sales":"2021-12-15,86900.0,68평(225.36)",
            "rank_history":[
                [
                    "202202",
                    8
                ],
                [
                    "202201",
                    8
                ]
            ],
            "rank_gap":0
        },
        {
            "index":80,
            "아파트명":"동정흥한웰가",
            "투자타입":"일반",
            "전용면적(m2)":"105.03",
            "전용면적(평)":"31평",
            "법정동주소":"경상남도 창원시 의창구 동정동 277",
            "도로명주소":"경상남도 창원시 의창구 천주로 33",
            "세대수":50,
            "입주년차":40,
            "용적률점수":"--",
            "건폐율점수":"--",
            "세대당주차수":30,
            "난방방식":30,
            "공급면적":"--",
            "전용률":"--",
            "욕실수":100,
            "현관타입":100,
            "주거총점":53.0,
            "지역구공급총점":0.0,
            "역세권":"NA",
            "30분내 이동가능 거점":"NA",
            "1시간내 이동가능 거점":"NA",
            "교통총점":"NA",
            "백화점":0,
            "아울렛몰":0,
            "대형마트":80,
            "은행":0,
            "병원":60,
            "종합병원":100,
            "공원":100,
            "혐오시설":0,
            "인프라총점":41.0,
            "초등학군":89.98,
            "중학군":53.3,
            "학군총점":60.636,
            "인구수":25.17,
            "인구증감":-123.98,
            "인구총점":-19.575,
            "일자리":13.6,
            "소득수준":82.32,
            "일자리총점":34.216,
            "가치 총점":50.109,
            "매매실거래년":20220103.0,
            "매매실거래가":34800.0,
            "전세실거래년":20211220.0,
            "전세실거래가":19950.0,
            "전세가율":57.33,
            "장기전세가율평균":62.02,
            "전세가율거품지수":4.69,
            "검색코드":19739,
            "세대수":418.0,
            "준공년월":"2004-12-04",
            "준공년차":19.0,
            "가까운역이름":"NA",
            "가까운역거리":"NA",
            "역세권여부":"NA",
            "30분이내주요거점역":"NA",
            "30분거점역이름":"NA",
            "1시간이내주요거점역":"NA",
            "1시간거점역이름":"NA",
            "3km이내백화점수":0,
            "5km이내아울렛몰수":0,
            "1km이내대형먀트수":1,
            "500m이내은행수":1,
            "500m이내병원수":17,
            "5km이내대형병원수":2,
            "500m이내공원수":3,
            "3km이내혐오시설수":0,
            "초등학교학업성취도":89.98,
            "중학교학업성취도":87.1,
            "용적률":218,
            "건폐율":15,
            "Y":35.264511,
            "X":128.617246,
            "rank":9.0,
            "area_info":"31평(105.03), 43평(144.67)",
            "last_sales":"2022-01-03,34800.0,31평(105.03)",
            "rank_history":[
                [
                    "202202",
                    9
                ],
                [
                    "202201",
                    6
                ]
            ],
            "rank_gap":-3
        },
        {
            "index":125,
            "아파트명":"창원감계아내에코프리미엄2차",
            "투자타입":"일반",
            "전용면적(m2)":"85.07",
            "전용면적(평)":"25평",
            "법정동주소":"경상남도 창원시 의창구 북면 감계리 232-1",
            "도로명주소":"경상남도 창원시 의창구 감계로 342",
            "세대수":90,
            "입주년차":100,
            "용적률점수":"--",
            "건폐율점수":"--",
            "세대당주차수":30,
            "난방방식":30,
            "공급면적":"--",
            "전용률":"--",
            "욕실수":100,
            "현관타입":100,
            "주거총점":79.0,
            "지역구공급총점":0.0,
            "역세권":"NA",
            "30분내 이동가능 거점":"NA",
            "1시간내 이동가능 거점":"NA",
            "교통총점":"NA",
            "백화점":0,
            "아울렛몰":0,
            "대형마트":80,
            "은행":0,
            "병원":60,
            "종합병원":0,
            "공원":100,
            "혐오시설":0,
            "인프라총점":21.0,
            "초등학군":90.01,
            "중학군":45.6,
            "학군총점":54.482,
            "인구수":25.17,
            "인구증감":-123.98,
            "인구총점":-19.575,
            "일자리":13.6,
            "소득수준":82.32,
            "일자리총점":34.216,
            "가치 총점":49.6705,
            "매매실거래년":20220115.0,
            "매매실거래가":28200.0,
            "전세실거래년":20220110.0,
            "전세실거래가":25000.0,
            "전세가율":88.65,
            "장기전세가율평균":62.02,
            "전세가율거품지수":-26.63,
            "검색코드":113261,
            "세대수":1393.0,
            "준공년월":"2019-01-18",
            "준공년차":4.0,
            "가까운역이름":"NA",
            "가까운역거리":"NA",
            "역세권여부":"NA",
            "30분이내주요거점역":"NA",
            "30분거점역이름":"NA",
            "1시간이내주요거점역":"NA",
            "1시간거점역이름":"NA",
            "3km이내백화점수":0,
            "5km이내아울렛몰수":0,
            "1km이내대형먀트수":1,
            "500m이내은행수":0,
            "500m이내병원수":12,
            "5km이내대형병원수":0,
            "500m이내공원수":4,
            "3km이내혐오시설수":0,
            "초등학교학업성취도":90.01,
            "중학교학업성취도":76.0,
            "용적률":199,
            "건폐율":15,
            "Y":35.301243,
            "X":128.598018,
            "rank":10.0,
            "area_info":"25평(85.07), 29평(97.57), 29평(97.76), 34평(112.57), 34평(113.06)",
            "last_sales":"2022-01-15,28200.0,25평(85.07)",
            "rank_history":[
                [
                    "202202",
                    10
                ],
                [
                    "202201",
                    11
                ]
            ],
            "rank_gap":1
        },
        {
            "index":133,
            "아파트명":"창원감계힐스테이트1차",
            "투자타입":"일반",
            "전용면적(m2)":"95.56",
            "전용면적(평)":"28평",
            "법정동주소":"경상남도 창원시 의창구 북면 감계리 230-1",
            "도로명주소":"경상남도 창원시 의창구 동전로 86",
            "세대수":90,
            "입주년차":80,
            "용적률점수":"--",
            "건폐율점수":"--",
            "세대당주차수":30,
            "난방방식":30,
            "공급면적":"--",
            "전용률":"--",
            "욕실수":100,
            "현관타입":100,
            "주거총점":75.0,
            "지역구공급총점":0.0,
            "역세권":"NA",
            "30분내 이동가능 거점":"NA",
            "1시간내 이동가능 거점":"NA",
            "교통총점":"NA",
            "백화점":0,
            "아울렛몰":0,
            "대형마트":80,
            "은행":0,
            "병원":60,
            "종합병원":0,
            "공원":100,
            "혐오시설":0,
            "인프라총점":21.0,
            "초등학군":90.01,
            "중학군":45.6,
            "학군총점":54.482,
            "인구수":25.17,
            "인구증감":-123.98,
            "인구총점":-19.575,
            "일자리":13.6,
            "소득수준":82.32,
            "일자리총점":34.216,
            "가치 총점":48.2705,
            "매매실거래년":20211215.0,
            "매매실거래가":45000.0,
            "전세실거래년":20211208.0,
            "전세실거래가":25000.0,
            "전세가율":90.91,
            "장기전세가율평균":62.02,
            "전세가율거품지수":-28.89,
            "검색코드":104011,
            "세대수":1082.0,
            "준공년월":"2014-03-20",
            "준공년차":9.0,
            "가까운역이름":"NA",
            "가까운역거리":"NA",
            "역세권여부":"NA",
            "30분이내주요거점역":"NA",
            "30분거점역이름":"NA",
            "1시간이내주요거점역":"NA",
            "1시간거점역이름":"NA",
            "3km이내백화점수":0,
            "5km이내아울렛몰수":0,
            "1km이내대형먀트수":1,
            "500m이내은행수":1,
            "500m이내병원수":12,
            "5km이내대형병원수":0,
            "500m이내공원수":4,
            "3km이내혐오시설수":0,
            "초등학교학업성취도":90.01,
            "중학교학업성취도":76.0,
            "용적률":211,
            "건폐율":18,
            "Y":35.303729,
            "X":128.597437,
            "rank":11.0,
            "area_info":"28평(95.56), 28평(95.84), 34평(114.7), 34평(115.33), 39평(132.18)",
            "last_sales":"2021-12-15,45000.0,39평(132.18)",
            "rank_history":[
                [
                    "202202",
                    11
                ],
                [
                    "202201",
                    13
                ]
            ],
            "rank_gap":2
        },
        {
            "index":122,
            "아파트명":"창원감계아내에코프리미엄",
            "투자타입":"일반",
            "전용면적(m2)":"111.76",
            "전용면적(평)":"33평",
            "법정동주소":"경상남도 창원시 의창구 북면 감계리 227-2",
            "도로명주소":"경상남도 창원시 의창구 감계로 277",
            "세대수":80,
            "입주년차":80,
            "용적률점수":"--",
            "건폐율점수":"--",
            "세대당주차수":30,
            "난방방식":30,
            "공급면적":"--",
            "전용률":"--",
            "욕실수":100,
            "현관타입":100,
            "주거총점":71.5,
            "지역구공급총점":0.0,
            "역세권":"NA",
            "30분내 이동가능 거점":"NA",
            "1시간내 이동가능 거점":"NA",
            "교통총점":"NA",
            "백화점":0,
            "아울렛몰":0,
            "대형마트":80,
            "은행":0,
            "병원":60,
            "종합병원":0,
            "공원":100,
            "혐오시설":0,
            "인프라총점":21.0,
            "초등학군":90.0,
            "중학군":45.6,
            "학군총점":54.48,
            "인구수":25.17,
            "인구증감":-123.98,
            "인구총점":-19.575,
            "일자리":13.6,
            "소득수준":82.32,
            "일자리총점":34.216,
            "가치 총점":47.045,
            "매매실거래년":20220119.0,
            "매매실거래가":29500.0,
            "전세실거래년":20220110.0,
            "전세실거래가":23500.0,
            "전세가율":79.66,
            "장기전세가율평균":62.02,
            "전세가율거품지수":-17.64,
            "검색코드":104533,
            "세대수":812.0,
            "준공년월":"2014-09-01",
            "준공년차":9.0,
            "가까운역이름":"NA",
            "가까운역거리":"NA",
            "역세권여부":"NA",
            "30분이내주요거점역":"NA",
            "30분거점역이름":"NA",
            "1시간이내주요거점역":"NA",
            "1시간거점역이름":"NA",
            "3km이내백화점수":0,
            "5km이내아울렛몰수":0,
            "1km이내대형먀트수":1,
            "500m이내은행수":0,
            "500m이내병원수":12,
            "5km이내대형병원수":0,
            "500m이내공원수":4,
            "3km이내혐오시설수":0,
            "초등학교학업성취도":90.0,
            "중학교학업성취도":76.0,
            "용적률":199,
            "건폐율":16,
            "Y":35.30314,
            "X":128.591148,
            "rank":12.0,
            "area_info":"33평(111.76), 33평(111.33), 33평(111.25)",
            "last_sales":"2022-01-19,29500.0,33평(111.76)",
            "rank_history":[
                [
                    "202202",
                    12
                ],
                [
                    "202201",
                    17
                ]
            ],
            "rank_gap":5
        },
        {
            "index":229,
            "아파트명":"대동중앙",
            "투자타입":"일반",
            "전용면적(m2)":"69.68",
            "전용면적(평)":"21평",
            "법정동주소":"경상남도 창원시 의창구 팔용동 124-2",
            "도로명주소":"경상남도 창원시 의창구 반계로 101",
            "세대수":90,
            "입주년차":0,
            "용적률점수":"--",
            "건폐율점수":"--",
            "세대당주차수":0,
            "난방방식":30,
            "공급면적":"--",
            "전용률":"--",
            "욕실수":50,
            "현관타입":100,
            "주거총점":49.5,
            "지역구공급총점":0.0,
            "역세권":"NA",
            "30분내 이동가능 거점":"NA",
            "1시간내 이동가능 거점":"NA",
            "교통총점":"NA",
            "백화점":0,
            "아울렛몰":0,
            "대형마트":0,
            "은행":70,
            "병원":60,
            "종합병원":100,
            "공원":100,
            "혐오시설":0,
            "인프라총점":36.0,
            "초등학군":90.0,
            "중학군":49.74,
            "학군총점":57.792,
            "인구수":25.17,
            "인구증감":-123.98,
            "인구총점":-19.575,
            "일자리":13.6,
            "소득수준":82.32,
            "일자리총점":34.216,
            "가치 총점":46.173,
            "매매실거래년":20220121.0,
            "매매실거래가":24500.0,
            "전세실거래년":20220121.0,
            "전세실거래가":17500.0,
            "전세가율":71.43,
            "장기전세가율평균":62.02,
            "전세가율거품지수":-9.41,
            "검색코드":7819,
            "세대수":1040.0,
            "준공년월":"1993-09-14",
            "준공년차":30.0,
            "가까운역이름":"NA",
            "가까운역거리":"NA",
            "역세권여부":"NA",
            "30분이내주요거점역":"NA",
            "30분거점역이름":"NA",
            "1시간이내주요거점역":"NA",
            "1시간거점역이름":"NA",
            "3km이내백화점수":0,
            "5km이내아울렛몰수":0,
            "1km이내대형먀트수":0,
            "500m이내은행수":4,
            "500m이내병원수":27,
            "5km이내대형병원수":2,
            "500m이내공원수":4,
            "3km이내혐오시설수":0,
            "초등학교학업성취도":90.0,
            "중학교학업성취도":81.9,
            "용적률":235,
            "건폐율":17,
            "Y":35.255017,
            "X":128.616009,
            "rank":13.0,
            "area_info":"21평(69.68), 21평(69.44), 21평(69.72)",
            "last_sales":"2022-01-21,24500.0,21평(69.68)",
            "rank_history":[
                [
                    "202202",
                    13
                ],
                [
                    "202201",
                    10
                ]
            ],
            "rank_gap":-3
        },
        {
            "index":138,
            "아파트명":"창원감계힐스테이트2차",
            "투자타입":"일반",
            "전용면적(m2)":"85.63",
            "전용면적(평)":"25평",
            "법정동주소":"경상남도 창원시 의창구 북면 감계리 231-10",
            "도로명주소":"경상남도 창원시 의창구 감계로 341",
            "세대수":80,
            "입주년차":80,
            "용적률점수":"--",
            "건폐율점수":"--",
            "세대당주차수":30,
            "난방방식":30,
            "공급면적":"--",
            "전용률":"--",
            "욕실수":100,
            "현관타입":100,
            "주거총점":71.5,
            "지역구공급총점":0.0,
            "역세권":"NA",
            "30분내 이동가능 거점":"NA",
            "1시간내 이동가능 거점":"NA",
            "교통총점":"NA",
            "백화점":0,
            "아울렛몰":0,
            "대형마트":80,
            "은행":0,
            "병원":30,
            "종합병원":0,
            "공원":80,
            "혐오시설":0,
            "인프라총점":17.4,
            "초등학군":90.01,
            "중학군":45.6,
            "학군총점":54.482,
            "인구수":25.17,
            "인구증감":-123.98,
            "인구총점":-19.575,
            "일자리":13.6,
            "소득수준":82.32,
            "일자리총점":34.216,
            "가치 총점":45.6055,
            "매매실거래년":20211017.0,
            "매매실거래가":44500.0,
            "전세실거래년":20211213.0,
            "전세실거래가":24000.0,
            "전세가율":84.51,
            "장기전세가율평균":62.02,
            "전세가율거품지수":-22.49,
            "검색코드":110155,
            "세대수":836.0,
            "준공년월":"2017-10-26",
            "준공년차":6.0,
            "가까운역이름":"NA",
            "가까운역거리":"NA",
            "역세권여부":"NA",
            "30분이내주요거점역":"NA",
            "30분거점역이름":"NA",
            "1시간이내주요거점역":"NA",
            "1시간거점역이름":"NA",
            "3km이내백화점수":0,
            "5km이내아울렛몰수":0,
            "1km이내대형먀트수":1,
            "500m이내은행수":1,
            "500m이내병원수":6,
            "5km이내대형병원수":0,
            "500m이내공원수":1,
            "3km이내혐오시설수":0,
            "초등학교학업성취도":90.01,
            "중학교학업성취도":76.0,
            "용적률":214,
            "건폐율":18,
            "Y":35.302989,
            "X":128.599539,
            "rank":14.0,
            "area_info":"25평(85.63), 28평(95.72), 33평(112.08), 33평(112.14), 39평(132.11)",
            "last_sales":"2021-10-17,44500.0,39평(132.11)",
            "rank_history":[
                [
                    "202202",
                    14
                ],
                [
                    "202201",
                    19
                ]
            ],
            "rank_gap":5
        },
        {
            "index":236,
            "아파트명":"벽산블루밍C단지",
            "투자타입":"일반",
            "전용면적(m2)":"79.61",
            "전용면적(평)":"24평",
            "법정동주소":"경상남도 창원시 의창구 팔용동 125",
            "도로명주소":"경상남도 창원시 의창구 남산로 20",
            "세대수":50,
            "입주년차":20,
            "용적률점수":"--",
            "건폐율점수":"--",
            "세대당주차수":30,
            "난방방식":30,
            "공급면적":"--",
            "전용률":"--",
            "욕실수":50,
            "현관타입":100,
            "주거총점":44.0,
            "지역구공급총점":0.0,
            "역세권":"NA",
            "30분내 이동가능 거점":"NA",
            "1시간내 이동가능 거점":"NA",
            "교통총점":"NA",
            "백화점":0,
            "아울렛몰":0,
            "대형마트":0,
            "은행":70,
            "병원":60,
            "종합병원":100,
            "공원":100,
            "혐오시설":0,
            "인프라총점":36.0,
            "초등학군":90.0,
            "중학군":53.3,
            "학군총점":60.64,
            "인구수":25.17,
            "인구증감":-123.98,
            "인구총점":-19.575,
            "일자리":13.6,
            "소득수준":82.32,
            "일자리총점":34.216,
            "가치 총점":44.96,
            "매매실거래년":20220105.0,
            "매매실거래가":32000.0,
            "전세실거래년":20211216.0,
            "전세실거래가":25000.0,
            "전세가율":84.75,
            "장기전세가율평균":62.02,
            "전세가율거품지수":-22.73,
            "검색코드":16851,
            "세대수":594.0,
            "준공년월":"1999-08-28",
            "준공년차":24.0,
            "가까운역이름":"NA",
            "가까운역거리":"NA",
            "역세권여부":"NA",
            "30분이내주요거점역":"NA",
            "30분거점역이름":"NA",
            "1시간이내주요거점역":"NA",
            "1시간거점역이름":"NA",
            "3km이내백화점수":0,
            "5km이내아울렛몰수":0,
            "1km이내대형먀트수":0,
            "500m이내은행수":3,
            "500m이내병원수":27,
            "5km이내대형병원수":2,
            "500m이내공원수":4,
            "3km이내혐오시설수":0,
            "초등학교학업성취도":90.0,
            "중학교학업성취도":87.1,
            "용적률":283,
            "건폐율":22,
            "Y":35.25851,
            "X":128.613211,
            "rank":15.0,
            "area_info":"24평(79.61), 28평(94.74), 32평(106.48)",
            "last_sales":"2022-01-05,32000.0,32평(106.48)",
            "rank_history":[
                [
                    "202202",
                    15
                ],
                [
                    "202201",
                    12
                ]
            ],
            "rank_gap":-3
        },
        {
            "index":110,
            "아파트명":"감계휴먼빌",
            "투자타입":"일반",
            "전용면적(m2)":"81.28",
            "전용면적(평)":"24평",
            "법정동주소":"경상남도 창원시 의창구 북면 감계리 229-1",
            "도로명주소":"경상남도 창원시 의창구 감계로 297",
            "세대수":50,
            "입주년차":80,
            "용적률점수":"--",
            "건폐율점수":"--",
            "세대당주차수":60,
            "난방방식":30,
            "공급면적":"--",
            "전용률":"--",
            "욕실수":100,
            "현관타입":100,
            "주거총점":65.5,
            "지역구공급총점":0.0,
            "역세권":"NA",
            "30분내 이동가능 거점":"NA",
            "1시간내 이동가능 거점":"NA",
            "교통총점":"NA",
            "백화점":0,
            "아울렛몰":0,
            "대형마트":80,
            "은행":0,
            "병원":60,
            "종합병원":0,
            "공원":100,
            "혐오시설":0,
            "인프라총점":21.0,
            "초등학군":90.01,
            "중학군":45.6,
            "학군총점":54.482,
            "인구수":25.17,
            "인구증감":-123.98,
            "인구총점":-19.575,
            "일자리":13.6,
            "소득수준":82.32,
            "일자리총점":34.216,
            "가치 총점":44.9455,
            "매매실거래년":20211218.0,
            "매매실거래가":24500.0,
            "전세실거래년":20211220.0,
            "전세실거래가":22000.0,
            "전세가율":89.8,
            "장기전세가율평균":62.02,
            "전세가율거품지수":-27.78,
            "검색코드":104218,
            "세대수":697.0,
            "준공년월":"2014-03-14",
            "준공년차":9.0,
            "가까운역이름":"NA",
            "가까운역거리":"NA",
            "역세권여부":"NA",
            "30분이내주요거점역":"NA",
            "30분거점역이름":"NA",
            "1시간이내주요거점역":"NA",
            "1시간거점역이름":"NA",
            "3km이내백화점수":0,
            "5km이내아울렛몰수":0,
            "1km이내대형먀트수":1,
            "500m이내은행수":0,
            "500m이내병원수":12,
            "5km이내대형병원수":0,
            "500m이내공원수":4,
            "3km이내혐오시설수":0,
            "초등학교학업성취도":90.01,
            "중학교학업성취도":76.0,
            "용적률":196,
            "건폐율":18,
            "Y":35.303502,
            "X":128.59467,
            "rank":16.0,
            "area_info":"24평(81.28), 34평(114.78), 34평(114.82)",
            "last_sales":"2021-12-18,24500.0,24평(81.28)",
            "rank_history":[
                [
                    "202202",
                    16
                ],
                [
                    "202201",
                    21
                ]
            ],
            "rank_gap":5
        },
        {
            "index":240,
            "아파트명":"팔용벽산블루밍A단지",
            "투자타입":"일반",
            "전용면적(m2)":"79.93",
            "전용면적(평)":"24평",
            "법정동주소":"경상남도 창원시 의창구 팔용동 123-1",
            "도로명주소":"경상남도 창원시 의창구 반계로 104-9",
            "세대수":50,
            "입주년차":20,
            "용적률점수":"--",
            "건폐율점수":"--",
            "세대당주차수":0,
            "난방방식":30,
            "공급면적":"--",
            "전용률":"--",
            "욕실수":50,
            "현관타입":100,
            "주거총점":39.5,
            "지역구공급총점":0.0,
            "역세권":"NA",
            "30분내 이동가능 거점":"NA",
            "1시간내 이동가능 거점":"NA",
            "교통총점":"NA",
            "백화점":0,
            "아울렛몰":0,
            "대형마트":0,
            "은행":70,
            "병원":80,
            "종합병원":100,
            "공원":100,
            "혐오시설":0,
            "인프라총점":38.0,
            "초등학군":90.0,
            "중학군":49.74,
            "학군총점":57.792,
            "인구수":25.17,
            "인구증감":-123.98,
            "인구총점":-19.575,
            "일자리":13.6,
            "소득수준":82.32,
            "일자리총점":34.216,
            "가치 총점":43.473,
            "매매실거래년":20211106.0,
            "매매실거래가":33700.0,
            "전세실거래년":20220122.0,
            "전세실거래가":15750.0,
            "전세가율":46.74,
            "장기전세가율평균":62.02,
            "전세가율거품지수":15.28,
            "검색코드":7821,
            "세대수":672.0,
            "준공년월":"2000-01-06",
            "준공년차":23.0,
            "가까운역이름":"NA",
            "가까운역거리":"NA",
            "역세권여부":"NA",
            "30분이내주요거점역":"NA",
            "30분거점역이름":"NA",
            "1시간이내주요거점역":"NA",
            "1시간거점역이름":"NA",
            "3km이내백화점수":0,
            "5km이내아울렛몰수":0,
            "1km이내대형먀트수":0,
            "500m이내은행수":4,
            "500m이내병원수":30,
            "5km이내대형병원수":2,
            "500m이내공원수":4,
            "3km이내혐오시설수":0,
            "초등학교학업성취도":90.0,
            "중학교학업성취도":81.9,
            "용적률":275,
            "건폐율":21,
            "Y":35.254565,
            "X":128.617885,
            "rank":17.0,
            "area_info":"24평(79.93), 32평(106.93)",
            "last_sales":"2021-11-06,33700.0,24평(79.93)",
            "rank_history":[
                [
                    "202202",
                    17
                ],
                [
                    "202201",
                    18
                ]
            ],
            "rank_gap":1
        },
        {
            "index":167,
            "아파트명":"창원무동센텀파라디아",
            "투자타입":"일반",
            "전용면적(m2)":"84.01",
            "전용면적(평)":"25평",
            "법정동주소":"경상남도 창원시 의창구 북면 무동리 124-1",
            "도로명주소":"경상남도 창원시 의창구 무동서로 24",
            "세대수":90,
            "입주년차":80,
            "용적률점수":"--",
            "건폐율점수":"--",
            "세대당주차수":60,
            "난방방식":30,
            "공급면적":"--",
            "전용률":"--",
            "욕실수":100,
            "현관타입":100,
            "주거총점":79.5,
            "지역구공급총점":0.0,
            "역세권":"NA",
            "30분내 이동가능 거점":"NA",
            "1시간내 이동가능 거점":"NA",
            "교통총점":"NA",
            "백화점":0,
            "아울렛몰":0,
            "대형마트":0,
            "은행":0,
            "병원":10,
            "종합병원":0,
            "공원":100,
            "혐오시설":0,
            "인프라총점":4.0,
            "초등학군":89.99,
            "중학군":45.6,
            "학군총점":54.478,
            "인구수":25.17,
            "인구증감":-123.98,
            "인구총점":-19.575,
            "일자리":13.6,
            "소득수준":82.32,
            "일자리총점":34.216,
            "가치 총점":43.0445,
            "매매실거래년":20220111.0,
            "매매실거래가":24800.0,
            "전세실거래년":20220120.0,
            "전세실거래가":20000.0,
            "전세가율":80.65,
            "장기전세가율평균":62.02,
            "전세가율거품지수":-18.63,
            "검색코드":120600,
            "세대수":1034.0,
            "준공년월":"2018-03-29",
            "준공년차":5.0,
            "가까운역이름":"NA",
            "가까운역거리":"NA",
            "역세권여부":"NA",
            "30분이내주요거점역":"NA",
            "30분거점역이름":"NA",
            "1시간이내주요거점역":"NA",
            "1시간거점역이름":"NA",
            "3km이내백화점수":0,
            "5km이내아울렛몰수":0,
            "1km이내대형먀트수":0,
            "500m이내은행수":0,
            "500m이내병원수":4,
            "5km이내대형병원수":0,
            "500m이내공원수":4,
            "3km이내혐오시설수":0,
            "초등학교학업성취도":89.99,
            "중학교학업성취도":76.0,
            "용적률":193,
            "건폐율":16,
            "Y":35.318158,
            "X":128.581235,
            "rank":18.0,
            "area_info":"25평(84.01), 29평(98.38), 34평(113.3), 36평(121.97)",
            "last_sales":"2022-01-11,24800.0,25평(84.01)",
            "rank_history":[
                [
                    "202202",
                    18
                ],
                [
                    "202201",
                    14
                ]
            ],
            "rank_gap":-4
        },
        {
            "index":225,
            "아파트명":"극동",
            "투자타입":"일반",
            "전용면적(m2)":"72.92",
            "전용면적(평)":"22평",
            "법정동주소":"경상남도 창원시 의창구 팔용동 124-1",
            "도로명주소":"경상남도 창원시 의창구 팔용로 446",
            "세대수":90,
            "입주년차":0,
            "용적률점수":"--",
            "건폐율점수":"--",
            "세대당주차수":0,
            "난방방식":30,
            "공급면적":"--",
            "전용률":"--",
            "욕실수":50,
            "현관타입":10,
            "주거총점":40.5,
            "지역구공급총점":0.0,
            "역세권":"NA",
            "30분내 이동가능 거점":"NA",
            "1시간내 이동가능 거점":"NA",
            "교통총점":"NA",
            "백화점":0,
            "아울렛몰":0,
            "대형마트":0,
            "은행":70,
            "병원":60,
            "종합병원":100,
            "공원":100,
            "혐오시설":0,
            "인프라총점":36.0,
            "초등학군":90.0,
            "중학군":49.74,
            "학군총점":57.792,
            "인구수":25.17,
            "인구증감":-123.98,
            "인구총점":-19.575,
            "일자리":13.6,
            "소득수준":82.32,
            "일자리총점":34.216,
            "가치 총점":43.023,
            "매매실거래년":20220121.0,
            "매매실거래가":34500.0,
            "전세실거래년":20220128.0,
            "전세실거래가":15000.0,
            "전세가율":86.71,
            "장기전세가율평균":62.02,
            "전세가율거품지수":-24.69,
            "검색코드":7816,
            "세대수":1059.0,
            "준공년월":"1994-12-07",
            "준공년차":29.0,
            "가까운역이름":"NA",
            "가까운역거리":"NA",
            "역세권여부":"NA",
            "30분이내주요거점역":"NA",
            "30분거점역이름":"NA",
            "1시간이내주요거점역":"NA",
            "1시간거점역이름":"NA",
            "3km이내백화점수":0,
            "5km이내아울렛몰수":0,
            "1km이내대형먀트수":0,
            "500m이내은행수":3,
            "500m이내병원수":26,
            "5km이내대형병원수":2,
            "500m이내공원수":4,
            "3km이내혐오시설수":0,
            "초등학교학업성취도":90.0,
            "중학교학업성취도":81.9,
            "용적률":321,
            "건폐율":23,
            "Y":35.255348,
            "X":128.614726,
            "rank":19.0,
            "area_info":"22평(72.92), 26평(86.71), 31평(105.49), 40평(135.12)",
            "last_sales":"2022-01-21,34500.0,40평(135.12)",
            "rank_history":[
                [
                    "202202",
                    19
                ],
                [
                    "202201",
                    16
                ]
            ],
            "rank_gap":-3
        },
        {
            "index":147,
            "아파트명":"창원감계힐스테이트4차",
            "투자타입":"일반",
            "전용면적(m2)":"85.74",
            "전용면적(평)":"25평",
            "법정동주소":"경상남도 창원시 의창구 북면 감계리 225-1",
            "도로명주소":"경상남도 창원시 의창구 감계로 233",
            "세대수":100,
            "입주년차":80,
            "용적률점수":"--",
            "건폐율점수":"--",
            "세대당주차수":30,
            "난방방식":30,
            "공급면적":"--",
            "전용률":"--",
            "욕실수":100,
            "현관타입":100,
            "주거총점":78.5,
            "지역구공급총점":0.0,
            "역세권":"NA",
            "30분내 이동가능 거점":"NA",
            "1시간내 이동가능 거점":"NA",
            "교통총점":"NA",
            "백화점":0,
            "아울렛몰":0,
            "대형마트":0,
            "은행":0,
            "병원":0,
            "종합병원":0,
            "공원":100,
            "혐오시설":0,
            "인프라총점":3.0,
            "초등학군":90.0,
            "중학군":45.6,
            "학군총점":54.48,
            "인구수":25.17,
            "인구증감":-123.98,
            "인구총점":-19.575,
            "일자리":13.6,
            "소득수준":82.32,
            "일자리총점":34.216,
            "가치 총점":42.295,
            "매매실거래년":20211211.0,
            "매매실거래가":45000.0,
            "전세실거래년":20211221.0,
            "전세실거래가":22000.0,
            "전세가율":94.83,
            "장기전세가율평균":62.02,
            "전세가율거품지수":-32.81,
            "검색코드":108772,
            "세대수":1665.0,
            "준공년월":"2017-04-21",
            "준공년차":6.0,
            "가까운역이름":"NA",
            "가까운역거리":"NA",
            "역세권여부":"NA",
            "30분이내주요거점역":"NA",
            "30분거점역이름":"NA",
            "1시간이내주요거점역":"NA",
            "1시간거점역이름":"NA",
            "3km이내백화점수":0,
            "5km이내아울렛몰수":0,
            "1km이내대형먀트수":0,
            "500m이내은행수":0,
            "500m이내병원수":0,
            "5km이내대형병원수":0,
            "500m이내공원수":3,
            "3km이내혐오시설수":0,
            "초등학교학업성취도":90.0,
            "중학교학업성취도":76.0,
            "용적률":213,
            "건폐율":14,
            "Y":35.301694,
            "X":128.583931,
            "rank":20.0,
            "area_info":"25평(85.74), 25평(85.4), 28평(95.25), 28평(95.83), 32평(108.12), 32평(108.28), 34평(115.65), 39평(131.77)",
            "last_sales":"2021-12-11,45000.0,39평(131.77)",
            "rank_history":[
                [
                    "202202",
                    20
                ],
                [
                    "202201",
                    15
                ]
            ],
            "rank_gap":-5
        },
        {
            "index":97,
            "아파트명":"늘푸른마을코오롱",
            "투자타입":"일반",
            "전용면적(m2)":"77.53",
            "전용면적(평)":"23평",
            "법정동주소":"경상남도 창원시 의창구 봉곡동 66",
            "도로명주소":"경상남도 창원시 의창구 지귀로95번길 7",
            "세대수":50,
            "입주년차":20,
            "용적률점수":"--",
            "건폐율점수":"--",
            "세대당주차수":0,
            "난방방식":30,
            "공급면적":"--",
            "전용률":"--",
            "욕실수":50,
            "현관타입":100,
            "주거총점":39.5,
            "지역구공급총점":0.0,
            "역세권":"NA",
            "30분내 이동가능 거점":"NA",
            "1시간내 이동가능 거점":"NA",
            "교통총점":"NA",
            "백화점":0,
            "아울렛몰":0,
            "대형마트":100,
            "은행":0,
            "병원":30,
            "종합병원":100,
            "공원":100,
            "혐오시설":0,
            "인프라총점":41.0,
            "초등학군":89.99,
            "중학군":36.72,
            "학군총점":47.374,
            "인구수":25.17,
            "인구증감":-123.98,
            "인구총점":-19.575,
            "일자리":13.6,
            "소득수준":82.32,
            "일자리총점":34.216,
            "가치 총점":42.0685,
            "매매실거래년":20220125.0,
            "매매실거래가":25000.0,
            "전세실거래년":20211119.0,
            "전세실거래가":20000.0,
            "전세가율":86.96,
            "장기전세가율평균":62.02,
            "전세가율거품지수":-24.94,
            "검색코드":7756,
            "세대수":426.0,
            "준공년월":"1999-11-29",
            "준공년차":24.0,
            "가까운역이름":"NA",
            "가까운역거리":"NA",
            "역세권여부":"NA",
            "30분이내주요거점역":"NA",
            "30분거점역이름":"NA",
            "1시간이내주요거점역":"NA",
            "1시간거점역이름":"NA",
            "3km이내백화점수":0,
            "5km이내아울렛몰수":0,
            "1km이내대형먀트수":2,
            "500m이내은행수":0,
            "500m이내병원수":5,
            "5km이내대형병원수":3,
            "500m이내공원수":2,
            "3km이내혐오시설수":0,
            "초등학교학업성취도":89.99,
            "중학교학업성취도":61.2,
            "용적률":185,
            "건폐율":23,
            "Y":35.247977,
            "X":128.657151,
            "rank":21.0,
            "area_info":"23평(77.53), 23평(77.85), 31평(103.4)",
            "last_sales":"2022-01-25,25000.0,31평(103.4)",
            "rank_history":[
                [
                    "202202",
                    21
                ],
                [
                    "202201",
                    22
                ]
            ],
            "rank_gap":1
        },
        {
            "index":100,
            "아파트명":"엘에이치피닉스포레",
            "투자타입":"일반",
            "전용면적(m2)":"108.42",
            "전용면적(평)":"32평",
            "법정동주소":"경상남도 창원시 의창구 봉림동 715",
            "도로명주소":"경상남도 창원시 의창구 대봉로 27",
            "세대수":50,
            "입주년차":60,
            "용적률점수":"--",
            "건폐율점수":"--",
            "세대당주차수":30,
            "난방방식":30,
            "공급면적":"--",
            "전용률":"--",
            "욕실수":100,
            "현관타입":100,
            "주거총점":57.0,
            "지역구공급총점":0.0,
            "역세권":"NA",
            "30분내 이동가능 거점":"NA",
            "1시간내 이동가능 거점":"NA",
            "교통총점":"NA",
            "백화점":0,
            "아울렛몰":0,
            "대형마트":0,
            "은행":0,
            "병원":10,
            "종합병원":100,
            "공원":100,
            "혐오시설":0,
            "인프라총점":24.0,
            "초등학군":89.99,
            "중학군":36.72,
            "학군총점":47.374,
            "인구수":25.17,
            "인구증감":-123.98,
            "인구총점":-19.575,
            "일자리":13.6,
            "소득수준":82.32,
            "일자리총점":34.216,
            "가치 총점":41.3935,
            "매매실거래년":20220120.0,
            "매매실거래가":42500.0,
            "전세실거래년":20210925.0,
            "전세실거래가":34000.0,
            "전세가율":80.0,
            "장기전세가율평균":62.02,
            "전세가율거품지수":-17.98,
            "검색코드":106231,
            "세대수":507.0,
            "준공년월":"2011-10-14",
            "준공년차":12.0,
            "가까운역이름":"NA",
            "가까운역거리":"NA",
            "역세권여부":"NA",
            "30분이내주요거점역":"NA",
            "30분거점역이름":"NA",
            "1시간이내주요거점역":"NA",
            "1시간거점역이름":"NA",
            "3km이내백화점수":0,
            "5km이내아울렛몰수":0,
            "1km이내대형먀트수":0,
            "500m이내은행수":0,
            "500m이내병원수":3,
            "5km이내대형병원수":3,
            "500m이내공원수":6,
            "3km이내혐오시설수":0,
            "초등학교학업성취도":89.99,
            "중학교학업성취도":61.2,
            "용적률":164,
            "건폐율":19,
            "Y":35.252385,
            "X":128.665318,
            "rank":22.0,
            "area_info":"32평(108.42), 32평(108.33), 39평(129.83), 39평(129.65), 47평(155.52), 47평(155.51), 47평(155.39), 51평(171.29), 51평(171.33), 52평(172.2)",
            "last_sales":"2022-01-20,42500.0,32평(108.42)",
            "rank_history":[
                [
                    "202202",
                    22
                ],
                [
                    "202201",
                    20
                ]
            ],
            "rank_gap":-2
        },
        {
            "index":160,
            "아파트명":"창원무동STX칸1차",
            "투자타입":"일반",
            "전용면적(m2)":"83.46",
            "전용면적(평)":"25평",
            "법정동주소":"경상남도 창원시 의창구 북면 무동리 104-1",
            "도로명주소":"경상남도 창원시 의창구 무동서로 76",
            "세대수":80,
            "입주년차":80,
            "용적률점수":"--",
            "건폐율점수":"--",
            "세대당주차수":30,
            "난방방식":30,
            "공급면적":"--",
            "전용률":"--",
            "욕실수":100,
            "현관타입":100,
            "주거총점":71.5,
            "지역구공급총점":0.0,
            "역세권":"NA",
            "30분내 이동가능 거점":"NA",
            "1시간내 이동가능 거점":"NA",
            "교통총점":"NA",
            "백화점":0,
            "아울렛몰":0,
            "대형마트":0,
            "은행":0,
            "병원":0,
            "종합병원":0,
            "공원":80,
            "혐오시설":0,
            "인프라총점":2.4,
            "초등학군":89.99,
            "중학군":45.6,
            "학군총점":54.478,
            "인구수":25.17,
            "인구증감":-123.98,
            "인구총점":-19.575,
            "일자리":13.6,
            "소득수준":82.32,
            "일자리총점":34.216,
            "가치 총점":39.6045,
            "매매실거래년":20220119.0,
            "매매실거래가":25700.0,
            "전세실거래년":null,
            "전세실거래가":null,
            "전세가율":null,
            "장기전세가율평균":62.02,
            "전세가율거품지수":null,
            "검색코드":105440,
            "세대수":854.0,
            "준공년월":"2015-01-28",
            "준공년차":8.0,
            "가까운역이름":"NA",
            "가까운역거리":"NA",
            "역세권여부":"NA",
            "30분이내주요거점역":"NA",
            "30분거점역이름":"NA",
            "1시간이내주요거점역":"NA",
            "1시간거점역이름":"NA",
            "3km이내백화점수":0,
            "5km이내아울렛몰수":0,
            "1km이내대형먀트수":0,
            "500m이내은행수":0,
            "500m이내병원수":0,
            "5km이내대형병원수":0,
            "500m이내공원수":1,
            "3km이내혐오시설수":0,
            "초등학교학업성취도":89.99,
            "중학교학업성취도":76.0,
            "용적률":199,
            "건폐율":18,
            "Y":35.322448,
            "X":128.581948,
            "rank":23.0,
            "area_info":"25평(83.46), 25평(84.05), 34평(112.59), 34평(113.29)",
            "last_sales":"2022-01-19,25700.0,34평(112.59)",
            "rank_history":[
                [
                    "202202",
                    23
                ],
                [
                    "202201",
                    23
                ]
            ],
            "rank_gap":0
        },
        {
            "index":39,
            "아파트명":"삼진",
            "투자타입":"재건축",
            "전용면적(m2)":"48.75",
            "전용면적(평)":"14평",
            "법정동주소":"경상남도 창원시 의창구 동읍 용잠리 250",
            "도로명주소":"경상남도 창원시 의창구 의창대로915번길 8",
            "세대수":30,
            "입주년차":"--",
            "용적률점수":80,
            "건폐율점수":60,
            "세대당주차수":"--",
            "난방방식":"--",
            "공급면적":50,
            "전용률":80,
            "욕실수":"--",
            "현관타입":"--",
            "주거총점":59.5,
            "지역구공급총점":0.0,
            "역세권":"NA",
            "30분내 이동가능 거점":"NA",
            "1시간내 이동가능 거점":"NA",
            "교통총점":"NA",
            "백화점":0,
            "아울렛몰":0,
            "대형마트":80,
            "은행":0,
            "병원":10,
            "종합병원":0,
            "공원":0,
            "혐오시설":0,
            "인프라총점":13.0,
            "초등학군":89.98,
            "중학군":43.46,
            "학군총점":52.764,
            "인구수":25.17,
            "인구증감":-123.98,
            "인구총점":-19.575,
            "일자리":13.6,
            "소득수준":82.32,
            "일자리총점":34.216,
            "가치 총점":39.216,
            "매매실거래년":20220117.0,
            "매매실거래가":5000.0,
            "전세실거래년":20180226.0,
            "전세실거래가":3500.0,
            "전세가율":84.34,
            "장기전세가율평균":62.02,
            "전세가율거품지수":-22.32,
            "검색코드":7711,
            "세대수":325.0,
            "준공년월":"1989-03-07",
            "준공년차":34.0,
            "가까운역이름":"NA",
            "가까운역거리":"NA",
            "역세권여부":"NA",
            "30분이내주요거점역":"NA",
            "30분거점역이름":"NA",
            "1시간이내주요거점역":"NA",
            "1시간거점역이름":"NA",
            "3km이내백화점수":0,
            "5km이내아울렛몰수":0,
            "1km이내대형먀트수":1,
            "500m이내은행수":0,
            "500m이내병원수":3,
            "5km이내대형병원수":0,
            "500m이내공원수":0,
            "3km이내혐오시설수":0,
            "초등학교학업성취도":89.98,
            "중학교학업성취도":72.1,
            "용적률":153,
            "건폐율":31,
            "Y":35.279984,
            "X":128.691332,
            "rank":24.0,
            "area_info":"14평(48.75), 16평(55.71), 17평(58.67), 20평(69.3)",
            "last_sales":"2022-01-17,5000.0,17평(58.67)",
            "rank_history":[
                [
                    "202202",
                    24
                ],
                [
                    "202201",
                    24
                ]
            ],
            "rank_gap":0
        },
        {
            "index":239,
            "아파트명":"원풍",
            "투자타입":"일반",
            "전용면적(m2)":"114.29",
            "전용면적(평)":"34평",
            "법정동주소":"경상남도 창원시 의창구 팔용동 76",
            "도로명주소":"경상남도 창원시 의창구 사화로90번길 6",
            "세대수":0,
            "입주년차":20,
            "용적률점수":"--",
            "건폐율점수":"--",
            "세대당주차수":0,
            "난방방식":30,
            "공급면적":"--",
            "전용률":"--",
            "욕실수":100,
            "현관타입":100,
            "주거총점":27.0,
            "지역구공급총점":0.0,
            "역세권":"NA",
            "30분내 이동가능 거점":"NA",
            "1시간내 이동가능 거점":"NA",
            "교통총점":"NA",
            "백화점":0,
            "아울렛몰":0,
            "대형마트":0,
            "은행":70,
            "병원":80,
            "종합병원":100,
            "공원":100,
            "혐오시설":0,
            "인프라총점":38.0,
            "초등학군":90.0,
            "중학군":49.74,
            "학군총점":57.792,
            "인구수":25.17,
            "인구증감":-123.98,
            "인구총점":-19.575,
            "일자리":13.6,
            "소득수준":82.32,
            "일자리총점":34.216,
            "가치 총점":39.098,
            "매매실거래년":20211110.0,
            "매매실거래가":32500.0,
            "전세실거래년":20211208.0,
            "전세실거래가":29000.0,
            "전세가율":89.23,
            "장기전세가율평균":62.02,
            "전세가율거품지수":-27.21,
            "검색코드":16849,
            "세대수":143.0,
            "준공년월":"2000-09-30",
            "준공년차":23.0,
            "가까운역이름":"NA",
            "가까운역거리":"NA",
            "역세권여부":"NA",
            "30분이내주요거점역":"NA",
            "30분거점역이름":"NA",
            "1시간이내주요거점역":"NA",
            "1시간거점역이름":"NA",
            "3km이내백화점수":0,
            "5km이내아울렛몰수":0,
            "1km이내대형먀트수":0,
            "500m이내은행수":4,
            "500m이내병원수":31,
            "5km이내대형병원수":2,
            "500m이내공원수":2,
            "3km이내혐오시설수":0,
            "초등학교학업성취도":90.0,
            "중학교학업성취도":81.9,
            "용적률":219,
            "건폐율":24,
            "Y":35.252388,
            "X":128.615352,
            "rank":25.0,
            "area_info":"34평(114.29)",
            "last_sales":"2021-11-10,32500.0,34평(114.29)",
            "rank_history":[
                [
                    "202202",
                    25
                ],
                [
                    "202201",
                    26
                ]
            ],
            "rank_gap":1
        },
        {
            "index":14,
            "아파트명":"한효해바라기",
            "투자타입":"재건축",
            "전용면적(m2)":"98.35",
            "전용면적(평)":"29평",
            "법정동주소":"경상남도 창원시 의창구 도계동 339",
            "도로명주소":"경상남도 창원시 의창구 도계로50번길 6-33",
            "세대수":0,
            "입주년차":"--",
            "용적률점수":60,
            "건폐율점수":40,
            "세대당주차수":"--",
            "난방방식":"--",
            "공급면적":70,
            "전용률":80,
            "욕실수":"--",
            "현관타입":"--",
            "주거총점":39.5,
            "지역구공급총점":0.0,
            "역세권":"NA",
            "30분내 이동가능 거점":"NA",
            "1시간내 이동가능 거점":"NA",
            "교통총점":"NA",
            "백화점":0,
            "아울렛몰":0,
            "대형마트":0,
            "은행":0,
            "병원":60,
            "종합병원":100,
            "공원":100,
            "혐오시설":0,
            "인프라총점":29.0,
            "초등학군":90.0,
            "중학군":41.66,
            "학군총점":51.328,
            "인구수":25.17,
            "인구증감":-123.98,
            "인구총점":-19.575,
            "일자리":13.6,
            "소득수준":82.32,
            "일자리총점":34.216,
            "가치 총점":38.257,
            "매매실거래년":20211016.0,
            "매매실거래가":23500.0,
            "전세실거래년":20210710.0,
            "전세실거래가":16000.0,
            "전세가율":68.09,
            "장기전세가율평균":62.02,
            "전세가율거품지수":-6.07,
            "검색코드":101217,
            "세대수":100.0,
            "준공년월":"1990-12-29",
            "준공년차":33.0,
            "가까운역이름":"NA",
            "가까운역거리":"NA",
            "역세권여부":"NA",
            "30분이내주요거점역":"NA",
            "30분거점역이름":"NA",
            "1시간이내주요거점역":"NA",
            "1시간거점역이름":"NA",
            "3km이내백화점수":0,
            "5km이내아울렛몰수":0,
            "1km이내대형먀트수":0,
            "500m이내은행수":1,
            "500m이내병원수":19,
            "5km이내대형병원수":2,
            "500m이내공원수":6,
            "3km이내혐오시설수":0,
            "초등학교학업성취도":90.0,
            "중학교학업성취도":68.3,
            "용적률":191,
            "건폐율":38,
            "Y":35.25971,
            "X":128.635683,
            "rank":26.0,
            "area_info":"29평(98.35)",
            "last_sales":"2021-10-16,23500.0,29평(98.35)",
            "rank_history":[
                [
                    "202202",
                    26
                ],
                [
                    "202201",
                    25
                ]
            ],
            "rank_gap":-1
        },
        {
            "index":76,
            "아파트명":"동정오성",
            "투자타입":"일반",
            "전용면적(m2)":"56.19",
            "전용면적(평)":"16평",
            "법정동주소":"경상남도 창원시 의창구 동정동 288",
            "도로명주소":"경상남도 창원시 의창구 서상로 27",
            "세대수":0,
            "입주년차":0,
            "용적률점수":"--",
            "건폐율점수":"--",
            "세대당주차수":0,
            "난방방식":30,
            "공급면적":"--",
            "전용률":"--",
            "욕실수":50,
            "현관타입":100,
            "주거총점":18.0,
            "지역구공급총점":0.0,
            "역세권":"NA",
            "30분내 이동가능 거점":"NA",
            "1시간내 이동가능 거점":"NA",
            "교통총점":"NA",
            "백화점":0,
            "아울렛몰":0,
            "대형마트":80,
            "은행":0,
            "병원":60,
            "종합병원":100,
            "공원":100,
            "혐오시설":0,
            "인프라총점":41.0,
            "초등학군":89.98,
            "중학군":53.3,
            "학군총점":60.636,
            "인구수":25.17,
            "인구증감":-123.98,
            "인구총점":-19.575,
            "일자리":13.6,
            "소득수준":82.32,
            "일자리총점":34.216,
            "가치 총점":37.859,
            "매매실거래년":20220105.0,
            "매매실거래가":18900.0,
            "전세실거래년":20180912.0,
            "전세실거래가":7500.0,
            "전세가율":77.32,
            "장기전세가율평균":62.02,
            "전세가율거품지수":-15.3,
            "검색코드":7730,
            "세대수":254.0,
            "준공년월":"1996-03-05",
            "준공년차":27.0,
            "가까운역이름":"NA",
            "가까운역거리":"NA",
            "역세권여부":"NA",
            "30분이내주요거점역":"NA",
            "30분거점역이름":"NA",
            "1시간이내주요거점역":"NA",
            "1시간거점역이름":"NA",
            "3km이내백화점수":0,
            "5km이내아울렛몰수":0,
            "1km이내대형먀트수":1,
            "500m이내은행수":1,
            "500m이내병원수":14,
            "5km이내대형병원수":2,
            "500m이내공원수":3,
            "3km이내혐오시설수":0,
            "초등학교학업성취도":89.98,
            "중학교학업성취도":87.1,
            "용적률":327,
            "건폐율":36,
            "Y":35.26325,
            "X":128.61637,
            "rank":27.0,
            "area_info":"16평(56.19), 20평(67.02), 22평(73.71), 29평(96.6)",
            "last_sales":"2022-01-05,18900.0,29평(96.6)",
            "rank_history":[
                [
                    "202202",
                    27
                ],
                [
                    "202201",
                    27
                ]
            ],
            "rank_gap":0
        },
        {
            "index":186,
            "아파트명":"무학서문마을",
            "투자타입":"일반",
            "전용면적(m2)":"92.43",
            "전용면적(평)":"27평",
            "법정동주소":"경상남도 창원시 의창구 서상동 11-5",
            "도로명주소":"경상남도 창원시 의창구 서상로12번길 83-15",
            "세대수":0,
            "입주년차":20,
            "용적률점수":"--",
            "건폐율점수":"--",
            "세대당주차수":0,
            "난방방식":30,
            "공급면적":"--",
            "전용률":"--",
            "욕실수":50,
            "현관타입":10,
            "주거총점":13.0,
            "지역구공급총점":0.0,
            "역세권":"NA",
            "30분내 이동가능 거점":"NA",
            "1시간내 이동가능 거점":"NA",
            "교통총점":"NA",
            "백화점":0,
            "아울렛몰":0,
            "대형마트":80,
            "은행":20,
            "병원":80,
            "종합병원":100,
            "공원":100,
            "혐오시설":0,
            "인프라총점":45.0,
            "초등학군":90.01,
            "중학군":53.3,
            "학군총점":60.642,
            "인구수":25.17,
            "인구증감":-123.98,
            "인구총점":-19.575,
            "일자리":13.6,
            "소득수준":82.32,
            "일자리총점":34.216,
            "가치 총점":37.7105,
            "매매실거래년":20220112.0,
            "매매실거래가":18000.0,
            "전세실거래년":20211007.0,
            "전세실거래가":13000.0,
            "전세가율":72.22,
            "장기전세가율평균":62.02,
            "전세가율거품지수":-10.2,
            "검색코드":7817,
            "세대수":122.0,
            "준공년월":"1999-03-26",
            "준공년차":24.0,
            "가까운역이름":"NA",
            "가까운역거리":"NA",
            "역세권여부":"NA",
            "30분이내주요거점역":"NA",
            "30분거점역이름":"NA",
            "1시간이내주요거점역":"NA",
            "1시간거점역이름":"NA",
            "3km이내백화점수":0,
            "5km이내아울렛몰수":0,
            "1km이내대형먀트수":1,
            "500m이내은행수":2,
            "500m이내병원수":38,
            "5km이내대형병원수":2,
            "500m이내공원수":3,
            "3km이내혐오시설수":0,
            "초등학교학업성취도":90.01,
            "중학교학업성취도":87.1,
            "용적률":226,
            "건폐율":26,
            "Y":35.26212,
            "X":128.62244,
            "rank":28.0,
            "area_info":"27평(92.43), 31평(105.3)",
            "last_sales":"2022-01-12,18000.0,27평(92.43)",
            "rank_history":[
                [
                    "202202",
                    28
                ],
                [
                    "202201",
                    32
                ]
            ],
            "rank_gap":4
        },
        {
            "index":143,
            "아파트명":"창원감계힐스테이트3차",
            "투자타입":"일반",
            "전용면적(m2)":"114.98",
            "전용면적(평)":"34평",
            "법정동주소":"경상남도 창원시 의창구 북면 감계리 227-1",
            "도로명주소":"경상남도 창원시 의창구 감계로 259",
            "세대수":50,
            "입주년차":80,
            "용적률점수":"--",
            "건폐율점수":"--",
            "세대당주차수":30,
            "난방방식":30,
            "공급면적":"--",
            "전용률":"--",
            "욕실수":100,
            "현관타입":100,
            "주거총점":61.0,
            "지역구공급총점":0.0,
            "역세권":"NA",
            "30분내 이동가능 거점":"NA",
            "1시간내 이동가능 거점":"NA",
            "교통총점":"NA",
            "백화점":0,
            "아울렛몰":0,
            "대형마트":0,
            "은행":0,
            "병원":10,
            "종합병원":0,
            "공원":100,
            "혐오시설":0,
            "인프라총점":4.0,
            "초등학군":90.0,
            "중학군":45.6,
            "학군총점":54.48,
            "인구수":25.17,
            "인구증감":-123.98,
            "인구총점":-19.575,
            "일자리":13.6,
            "소득수준":82.32,
            "일자리총점":34.216,
            "가치 총점":36.57,
            "매매실거래년":20220105.0,
            "매매실거래가":35950.0,
            "전세실거래년":20220105.0,
            "전세실거래가":32000.0,
            "전세가율":89.01,
            "장기전세가율평균":62.02,
            "전세가율거품지수":-26.99,
            "검색코드":105156,
            "세대수":630.0,
            "준공년월":"2014-12-03",
            "준공년차":9.0,
            "가까운역이름":"NA",
            "가까운역거리":"NA",
            "역세권여부":"NA",
            "30분이내주요거점역":"NA",
            "30분거점역이름":"NA",
            "1시간이내주요거점역":"NA",
            "1시간거점역이름":"NA",
            "3km이내백화점수":0,
            "5km이내아울렛몰수":0,
            "1km이내대형먀트수":0,
            "500m이내은행수":0,
            "500m이내병원수":3,
            "5km이내대형병원수":0,
            "500m이내공원수":3,
            "3km이내혐오시설수":0,
            "초등학교학업성취도":90.0,
            "중학교학업성취도":76.0,
            "용적률":210,
            "건폐율":18,
            "Y":35.303138,
            "X":128.588427,
            "rank":29.0,
            "area_info":"34평(114.98), 34평(114.74), 34평(114.55), 39평(132.15)",
            "last_sales":"2022-01-05,35950.0,34평(114.98)",
            "rank_history":[
                [
                    "202202",
                    29
                ],
                [
                    "202201",
                    28
                ]
            ],
            "rank_gap":-1
        },
        {
            "index":171,
            "아파트명":"창원무동지구휴먼빌3단지",
            "투자타입":"일반",
            "전용면적(m2)":"81.69",
            "전용면적(평)":"24평",
            "법정동주소":"경상남도 창원시 의창구 북면 무동리 144-1",
            "도로명주소":"경상남도 창원시 의창구 무동로226번길 19",
            "세대수":50,
            "입주년차":80,
            "용적률점수":"--",
            "건폐율점수":"--",
            "세대당주차수":30,
            "난방방식":30,
            "공급면적":"--",
            "전용률":"--",
            "욕실수":100,
            "현관타입":100,
            "주거총점":61.0,
            "지역구공급총점":0.0,
            "역세권":"NA",
            "30분내 이동가능 거점":"NA",
            "1시간내 이동가능 거점":"NA",
            "교통총점":"NA",
            "백화점":0,
            "아울렛몰":0,
            "대형마트":0,
            "은행":0,
            "병원":10,
            "종합병원":0,
            "공원":100,
            "혐오시설":0,
            "인프라총점":4.0,
            "초등학군":89.99,
            "중학군":45.6,
            "학군총점":54.478,
            "인구수":25.17,
            "인구증감":-123.98,
            "인구총점":-19.575,
            "일자리":13.6,
            "소득수준":82.32,
            "일자리총점":34.216,
            "가치 총점":36.5695,
            "매매실거래년":20211227.0,
            "매매실거래가":20500.0,
            "전세실거래년":20220117.0,
            "전세실거래가":19000.0,
            "전세가율":92.68,
            "장기전세가율평균":62.02,
            "전세가율거품지수":-30.66,
            "검색코드":105152,
            "세대수":451.0,
            "준공년월":"2014-12-09",
            "준공년차":9.0,
            "가까운역이름":"NA",
            "가까운역거리":"NA",
            "역세권여부":"NA",
            "30분이내주요거점역":"NA",
            "30분거점역이름":"NA",
            "1시간이내주요거점역":"NA",
            "1시간거점역이름":"NA",
            "3km이내백화점수":0,
            "5km이내아울렛몰수":0,
            "1km이내대형먀트수":0,
            "500m이내은행수":0,
            "500m이내병원수":4,
            "5km이내대형병원수":0,
            "500m이내공원수":4,
            "3km이내혐오시설수":0,
            "초등학교학업성취도":89.99,
            "중학교학업성취도":76.0,
            "용적률":195,
            "건폐율":16,
            "Y":35.317573,
            "X":128.583512,
            "rank":30.0,
            "area_info":"24평(81.69), 34평(115.49), 34평(115.6)",
            "last_sales":"2021-12-27,20500.0,24평(81.69)",
            "rank_history":[
                [
                    "202202",
                    30
                ],
                [
                    "202201",
                    29
                ]
            ],
            "rank_gap":-1
        },
        {
            "index":130,
            "아파트명":"창원감계푸르지오",
            "투자타입":"일반",
            "전용면적(m2)":"85.77",
            "전용면적(평)":"25평",
            "법정동주소":"경상남도 창원시 의창구 북면 감계리 225-2",
            "도로명주소":"경상남도 창원시 의창구 감계로 221",
            "세대수":50,
            "입주년차":80,
            "용적률점수":"--",
            "건폐율점수":"--",
            "세대당주차수":30,
            "난방방식":30,
            "공급면적":"--",
            "전용률":"--",
            "욕실수":100,
            "현관타입":100,
            "주거총점":61.0,
            "지역구공급총점":0.0,
            "역세권":"NA",
            "30분내 이동가능 거점":"NA",
            "1시간내 이동가능 거점":"NA",
            "교통총점":"NA",
            "백화점":0,
            "아울렛몰":0,
            "대형마트":0,
            "은행":0,
            "병원":0,
            "종합병원":0,
            "공원":100,
            "혐오시설":0,
            "인프라총점":3.0,
            "초등학군":90.0,
            "중학군":45.6,
            "학군총점":54.48,
            "인구수":25.17,
            "인구증감":-123.98,
            "인구총점":-19.575,
            "일자리":13.6,
            "소득수준":82.32,
            "일자리총점":34.216,
            "가치 총점":36.17,
            "매매실거래년":20220110.0,
            "매매실거래가":38000.0,
            "전세실거래년":20210908.0,
            "전세실거래가":21000.0,
            "전세가율":83.67,
            "장기전세가율평균":62.02,
            "전세가율거품지수":-21.65,
            "검색코드":109629,
            "세대수":583.0,
            "준공년월":"2017-02-16",
            "준공년차":6.0,
            "가까운역이름":"NA",
            "가까운역거리":"NA",
            "역세권여부":"NA",
            "30분이내주요거점역":"NA",
            "30분거점역이름":"NA",
            "1시간이내주요거점역":"NA",
            "1시간거점역이름":"NA",
            "3km이내백화점수":0,
            "5km이내아울렛몰수":0,
            "1km이내대형먀트수":0,
            "500m이내은행수":0,
            "500m이내병원수":0,
            "5km이내대형병원수":0,
            "500m이내공원수":3,
            "3km이내혐오시설수":0,
            "초등학교학업성취도":90.0,
            "중학교학업성취도":76.0,
            "용적률":212,
            "건폐율":18,
            "Y":35.300883,
            "X":128.585466,
            "rank":31.0,
            "area_info":"25평(85.77), 29평(97.87), 34평(113.36)",
            "last_sales":"2022-01-10,38000.0,34평(113.36)",
            "rank_history":[
                [
                    "202202",
                    31
                ],
                [
                    "202201",
                    30
                ]
            ],
            "rank_gap":-1
        },
        {
            "index":74,
            "아파트명":"남아그린",
            "투자타입":"일반",
            "전용면적(m2)":"75.82",
            "전용면적(평)":"22평",
            "법정동주소":"경상남도 창원시 의창구 동정동 536-2",
            "도로명주소":"경상남도 창원시 의창구 동정길 7",
            "세대수":0,
            "입주년차":0,
            "용적률점수":"--",
            "건폐율점수":"--",
            "세대당주차수":0,
            "난방방식":30,
            "공급면적":"--",
            "전용률":"--",
            "욕실수":50,
            "현관타입":100,
            "주거총점":18.0,
            "지역구공급총점":0.0,
            "역세권":"NA",
            "30분내 이동가능 거점":"NA",
            "1시간내 이동가능 거점":"NA",
            "교통총점":"NA",
            "백화점":0,
            "아울렛몰":0,
            "대형마트":80,
            "은행":0,
            "병원":10,
            "종합병원":100,
            "공원":100,
            "혐오시설":0,
            "인프라총점":36.0,
            "초등학군":89.98,
            "중학군":53.3,
            "학군총점":60.636,
            "인구수":25.17,
            "인구증감":-123.98,
            "인구총점":-19.575,
            "일자리":13.6,
            "소득수준":82.32,
            "일자리총점":34.216,
            "가치 총점":35.859,
            "매매실거래년":20211230.0,
            "매매실거래가":12300.0,
            "전세실거래년":20210110.0,
            "전세실거래가":10000.0,
            "전세가율":81.3,
            "장기전세가율평균":62.02,
            "전세가율거품지수":-19.28,
            "검색코드":7726,
            "세대수":150.0,
            "준공년월":"1997-12-19",
            "준공년차":26.0,
            "가까운역이름":"NA",
            "가까운역거리":"NA",
            "역세권여부":"NA",
            "30분이내주요거점역":"NA",
            "30분거점역이름":"NA",
            "1시간이내주요거점역":"NA",
            "1시간거점역이름":"NA",
            "3km이내백화점수":0,
            "5km이내아울렛몰수":0,
            "1km이내대형먀트수":1,
            "500m이내은행수":0,
            "500m이내병원수":4,
            "5km이내대형병원수":2,
            "500m이내공원수":4,
            "3km이내혐오시설수":0,
            "초등학교학업성취도":89.98,
            "중학교학업성취도":87.1,
            "용적률":372,
            "건폐율":34,
            "Y":35.2625,
            "X":128.6125,
            "rank":32.0,
            "area_info":"22평(75.82), 30평(100.86)",
            "last_sales":"2021-12-30,12300.0,22평(75.82)",
            "rank_history":[
                [
                    "202202",
                    32
                ],
                [
                    "202201",
                    31
                ]
            ],
            "rank_gap":-1
        },
        {
            "index":34,
            "아파트명":"동읍다숲",
            "투자타입":"일반",
            "전용면적(m2)":"86.67",
            "전용면적(평)":"26평",
            "법정동주소":"경상남도 창원시 의창구 동읍 용잠리 468",
            "도로명주소":"경상남도 창원시 의창구 용잠로 19",
            "세대수":0,
            "입주년차":80,
            "용적률점수":"--",
            "건폐율점수":"--",
            "세대당주차수":30,
            "난방방식":30,
            "공급면적":"--",
            "전용률":"--",
            "욕실수":100,
            "현관타입":100,
            "주거총점":43.5,
            "지역구공급총점":0.0,
            "역세권":"NA",
            "30분내 이동가능 거점":"NA",
            "1시간내 이동가능 거점":"NA",
            "교통총점":"NA",
            "백화점":0,
            "아울렛몰":0,
            "대형마트":80,
            "은행":0,
            "병원":60,
            "종합병원":0,
            "공원":0,
            "혐오시설":0,
            "인프라총점":18.0,
            "초등학군":89.98,
            "중학군":43.46,
            "학군총점":52.764,
            "인구수":25.17,
            "인구증감":-123.98,
            "인구총점":-19.575,
            "일자리":13.6,
            "소득수준":82.32,
            "일자리총점":34.216,
            "가치 총점":35.616,
            "매매실거래년":20210923.0,
            "매매실거래가":18300.0,
            "전세실거래년":20211202.0,
            "전세실거래가":15000.0,
            "전세가율":81.97,
            "장기전세가율평균":62.02,
            "전세가율거품지수":-19.95,
            "검색코드":115998,
            "세대수":109.0,
            "준공년월":"2016-09-02",
            "준공년차":7.0,
            "가까운역이름":"NA",
            "가까운역거리":"NA",
            "역세권여부":"NA",
            "30분이내주요거점역":"NA",
            "30분거점역이름":"NA",
            "1시간이내주요거점역":"NA",
            "1시간거점역이름":"NA",
            "3km이내백화점수":0,
            "5km이내아울렛몰수":0,
            "1km이내대형먀트수":1,
            "500m이내은행수":0,
            "500m이내병원수":12,
            "5km이내대형병원수":0,
            "500m이내공원수":0,
            "3km이내혐오시설수":0,
            "초등학교학업성취도":89.98,
            "중학교학업성취도":72.1,
            "용적률":351,
            "건폐율":24,
            "Y":35.279314,
            "X":128.685928,
            "rank":33.0,
            "area_info":"26평(86.67), 30평(100.43)",
            "last_sales":"2021-09-23,18300.0,26평(86.67)",
            "rank_history":[
                [
                    "202202",
                    33
                ],
                [
                    "202201",
                    34
                ]
            ],
            "rank_gap":1
        },
        {
            "index":175,
            "아파트명":"창원무동휴먼빌1단지",
            "투자타입":"일반",
            "전용면적(m2)":"80.29",
            "전용면적(평)":"24평",
            "법정동주소":"경상남도 창원시 의창구 북면 무동리 123-1",
            "도로명주소":"경상남도 창원시 의창구 동곡로 33",
            "세대수":50,
            "입주년차":60,
            "용적률점수":"--",
            "건폐율점수":"--",
            "세대당주차수":30,
            "난방방식":30,
            "공급면적":"--",
            "전용률":"--",
            "욕실수":100,
            "현관타입":100,
            "주거총점":57.0,
            "지역구공급총점":0.0,
            "역세권":"NA",
            "30분내 이동가능 거점":"NA",
            "1시간내 이동가능 거점":"NA",
            "교통총점":"NA",
            "백화점":0,
            "아울렛몰":0,
            "대형마트":0,
            "은행":0,
            "병원":10,
            "종합병원":0,
            "공원":100,
            "혐오시설":0,
            "인프라총점":4.0,
            "초등학군":89.99,
            "중학군":45.6,
            "학군총점":54.478,
            "인구수":25.17,
            "인구증감":-123.98,
            "인구총점":-19.575,
            "일자리":13.6,
            "소득수준":82.32,
            "일자리총점":34.216,
            "가치 총점":35.1695,
            "매매실거래년":20211202.0,
            "매매실거래가":25300.0,
            "전세실거래년":20220114.0,
            "전세실거래가":17000.0,
            "전세가율":89.47,
            "장기전세가율평균":62.02,
            "전세가율거품지수":-27.45,
            "검색코드":102512,
            "세대수":546.0,
            "준공년월":"2013-06-14",
            "준공년차":10.0,
            "가까운역이름":"NA",
            "가까운역거리":"NA",
            "역세권여부":"NA",
            "30분이내주요거점역":"NA",
            "30분거점역이름":"NA",
            "1시간이내주요거점역":"NA",
            "1시간거점역이름":"NA",
            "3km이내백화점수":0,
            "5km이내아울렛몰수":0,
            "1km이내대형먀트수":0,
            "500m이내은행수":0,
            "500m이내병원수":4,
            "5km이내대형병원수":0,
            "500m이내공원수":4,
            "3km이내혐오시설수":0,
            "초등학교학업성취도":89.99,
            "중학교학업성취도":76.0,
            "용적률":193,
            "건폐율":16,
            "Y":35.319103,
            "X":128.584084,
            "rank":34.0,
            "area_info":"24평(80.29), 34평(113.82), 34평(113.51)",
            "last_sales":"2021-12-02,25300.0,34평(113.82)",
            "rank_history":[
                [
                    "202202",
                    34
                ],
                [
                    "202201",
                    33
                ]
            ],
            "rank_gap":-1
        },
        {
            "index":196,
            "아파트명":"보람",
            "투자타입":"일반",
            "전용면적(m2)":"75.86",
            "전용면적(평)":"22평",
            "법정동주소":"경상남도 창원시 의창구 소답동 144-2",
            "도로명주소":"경상남도 창원시 의창구 읍성로89번길 8",
            "세대수":0,
            "입주년차":0,
            "용적률점수":"--",
            "건폐율점수":"--",
            "세대당주차수":0,
            "난방방식":30,
            "공급면적":"--",
            "전용률":"--",
            "욕실수":50,
            "현관타입":10,
            "주거총점":9.0,
            "지역구공급총점":0.0,
            "역세권":"NA",
            "30분내 이동가능 거점":"NA",
            "1시간내 이동가능 거점":"NA",
            "교통총점":"NA",
            "백화점":0,
            "아울렛몰":0,
            "대형마트":80,
            "은행":0,
            "병원":60,
            "종합병원":100,
            "공원":100,
            "혐오시설":0,
            "인프라총점":41.0,
            "초등학군":89.97,
            "중학군":53.3,
            "학군총점":60.634,
            "인구수":25.17,
            "인구증감":-123.98,
            "인구총점":-19.575,
            "일자리":13.6,
            "소득수준":82.32,
            "일자리총점":34.216,
            "가치 총점":34.7085,
            "매매실거래년":20210807.0,
            "매매실거래가":9900.0,
            "전세실거래년":20211121.0,
            "전세실거래가":9500.0,
            "전세가율":95.96,
            "장기전세가율평균":62.02,
            "전세가율거품지수":-33.94,
            "검색코드":7840,
            "세대수":111.0,
            "준공년월":"1996-03-05",
            "준공년차":27.0,
            "가까운역이름":"NA",
            "가까운역거리":"NA",
            "역세권여부":"NA",
            "30분이내주요거점역":"NA",
            "30분거점역이름":"NA",
            "1시간이내주요거점역":"NA",
            "1시간거점역이름":"NA",
            "3km이내백화점수":0,
            "5km이내아울렛몰수":0,
            "1km이내대형먀트수":1,
            "500m이내은행수":1,
            "500m이내병원수":18,
            "5km이내대형병원수":2,
            "500m이내공원수":6,
            "3km이내혐오시설수":0,
            "초등학교학업성취도":89.97,
            "중학교학업성취도":87.1,
            "용적률":215,
            "건폐율":25,
            "Y":35.26562,
            "X":128.62833,
            "rank":35.0,
            "area_info":"22평(75.86), 23평(78.41), 24평(80.21)",
            "last_sales":"2021-08-07,9900.0,22평(75.86)",
            "rank_history":[
                [
                    "202202",
                    35
                ],
                [
                    "202201",
                    36
                ]
            ],
            "rank_gap":1
        },
        {
            "index":82,
            "아파트명":"무학",
            "투자타입":"재건축",
            "전용면적(m2)":"97.06",
            "전용면적(평)":"29평",
            "법정동주소":"경상남도 창원시 의창구 동정동 305-3",
            "도로명주소":"경상남도 창원시 의창구 의창대로139번길 23",
            "세대수":0,
            "입주년차":"--",
            "용적률점수":0,
            "건폐율점수":0,
            "세대당주차수":"--",
            "난방방식":"--",
            "공급면적":70,
            "전용률":80,
            "욕실수":"--",
            "현관타입":"--",
            "주거총점":7.5,
            "지역구공급총점":0.0,
            "역세권":"NA",
            "30분내 이동가능 거점":"NA",
            "1시간내 이동가능 거점":"NA",
            "교통총점":"NA",
            "백화점":0,
            "아울렛몰":0,
            "대형마트":80,
            "은행":0,
            "병원":30,
            "종합병원":100,
            "공원":100,
            "혐오시설":0,
            "인프라총점":38.0,
            "초등학군":89.98,
            "중학군":53.3,
            "학군총점":60.636,
            "인구수":25.17,
            "인구증감":-123.98,
            "인구총점":-19.575,
            "일자리":13.6,
            "소득수준":82.32,
            "일자리총점":34.216,
            "가치 총점":32.984,
            "매매실거래년":20211125.0,
            "매매실거래가":15000.0,
            "전세실거래년":20210826.0,
            "전세실거래가":11000.0,
            "전세가율":73.33,
            "장기전세가율평균":62.02,
            "전세가율거품지수":-11.31,
            "검색코드":7727,
            "세대수":132.0,
            "준공년월":"1990-05-30",
            "준공년차":33.0,
            "가까운역이름":"NA",
            "가까운역거리":"NA",
            "역세권여부":"NA",
            "30분이내주요거점역":"NA",
            "30분거점역이름":"NA",
            "1시간이내주요거점역":"NA",
            "1시간거점역이름":"NA",
            "3km이내백화점수":0,
            "5km이내아울렛몰수":0,
            "1km이내대형먀트수":1,
            "500m이내은행수":1,
            "500m이내병원수":5,
            "5km이내대형병원수":2,
            "500m이내공원수":3,
            "3km이내혐오시설수":0,
            "초등학교학업성취도":89.98,
            "중학교학업성취도":87.1,
            "용적률":0,
            "건폐율":0,
            "Y":35.263824,
            "X":128.614141,
            "rank":36.0,
            "area_info":"29평(97.06), 31평(102.51)",
            "last_sales":"2021-11-25,15000.0,29평(97.06)",
            "rank_history":[
                [
                    "202202",
                    36
                ],
                [
                    "202201",
                    37
                ]
            ],
            "rank_gap":1
        },
        {
            "index":232,
            "아파트명":"대동차룡",
            "투자타입":"일반",
            "전용면적(m2)":"69.05",
            "전용면적(평)":"20평",
            "법정동주소":"경상남도 창원시 의창구 팔용동 124-3",
            "도로명주소":"경상남도 창원시 의창구 반계로 95",
            "세대수":0,
            "입주년차":0,
            "용적률점수":"--",
            "건폐율점수":"--",
            "세대당주차수":0,
            "난방방식":30,
            "공급면적":"--",
            "전용률":"--",
            "욕실수":50,
            "현관타입":10,
            "주거총점":9.0,
            "지역구공급총점":0.0,
            "역세권":"NA",
            "30분내 이동가능 거점":"NA",
            "1시간내 이동가능 거점":"NA",
            "교통총점":"NA",
            "백화점":0,
            "아울렛몰":0,
            "대형마트":0,
            "은행":70,
            "병원":80,
            "종합병원":100,
            "공원":100,
            "혐오시설":0,
            "인프라총점":38.0,
            "초등학군":90.0,
            "중학군":49.74,
            "학군총점":57.792,
            "인구수":25.17,
            "인구증감":-123.98,
            "인구총점":-19.575,
            "일자리":13.6,
            "소득수준":82.32,
            "일자리총점":34.216,
            "가치 총점":32.798,
            "매매실거래년":20211203.0,
            "매매실거래가":18000.0,
            "전세실거래년":20220110.0,
            "전세실거래가":15000.0,
            "전세가율":83.33,
            "장기전세가율평균":62.02,
            "전세가율거품지수":-21.31,
            "검색코드":16847,
            "세대수":192.0,
            "준공년월":"1994-09-12",
            "준공년차":29.0,
            "가까운역이름":"NA",
            "가까운역거리":"NA",
            "역세권여부":"NA",
            "30분이내주요거점역":"NA",
            "30분거점역이름":"NA",
            "1시간이내주요거점역":"NA",
            "1시간거점역이름":"NA",
            "3km이내백화점수":0,
            "5km이내아울렛몰수":0,
            "1km이내대형먀트수":0,
            "500m이내은행수":4,
            "500m이내병원수":31,
            "5km이내대형병원수":2,
            "500m이내공원수":3,
            "3km이내혐오시설수":0,
            "초등학교학업성취도":90.0,
            "중학교학업성취도":81.9,
            "용적률":248,
            "건폐율":27,
            "Y":35.253975,
            "X":128.615265,
            "rank":37.0,
            "area_info":"20평(69.05)",
            "last_sales":"2021-12-03,18000.0,20평(69.05)",
            "rank_history":[
                [
                    "202202",
                    37
                ],
                [
                    "202201",
                    40
                ]
            ],
            "rank_gap":3
        },
        {
            "index":178,
            "아파트명":"창원무동휴먼빌2단지",
            "투자타입":"일반",
            "전용면적(m2)":"80.28",
            "전용면적(평)":"24평",
            "법정동주소":"경상남도 창원시 의창구 북면 무동리 122-1",
            "도로명주소":"경상남도 창원시 의창구 동곡로 35",
            "세대수":30,
            "입주년차":60,
            "용적률점수":"--",
            "건폐율점수":"--",
            "세대당주차수":30,
            "난방방식":30,
            "공급면적":"--",
            "전용률":"--",
            "욕실수":100,
            "현관타입":100,
            "주거총점":50.0,
            "지역구공급총점":0.0,
            "역세권":"NA",
            "30분내 이동가능 거점":"NA",
            "1시간내 이동가능 거점":"NA",
            "교통총점":"NA",
            "백화점":0,
            "아울렛몰":0,
            "대형마트":0,
            "은행":0,
            "병원":10,
            "종합병원":0,
            "공원":100,
            "혐오시설":0,
            "인프라총점":4.0,
            "초등학군":89.99,
            "중학군":45.6,
            "학군총점":54.478,
            "인구수":25.17,
            "인구증감":-123.98,
            "인구총점":-19.575,
            "일자리":13.6,
            "소득수준":82.32,
            "일자리총점":34.216,
            "가치 총점":32.7195,
            "매매실거래년":20211231.0,
            "매매실거래가":23400.0,
            "전세실거래년":20211010.0,
            "전세실거래가":10000.0,
            "전세가율":62.5,
            "장기전세가율평균":62.02,
            "전세가율거품지수":-0.48,
            "검색코드":102513,
            "세대수":315.0,
            "준공년월":"2013-06-14",
            "준공년차":10.0,
            "가까운역이름":"NA",
            "가까운역거리":"NA",
            "역세권여부":"NA",
            "30분이내주요거점역":"NA",
            "30분거점역이름":"NA",
            "1시간이내주요거점역":"NA",
            "1시간거점역이름":"NA",
            "3km이내백화점수":0,
            "5km이내아울렛몰수":0,
            "1km이내대형먀트수":0,
            "500m이내은행수":0,
            "500m이내병원수":4,
            "5km이내대형병원수":0,
            "500m이내공원수":3,
            "3km이내혐오시설수":0,
            "초등학교학업성취도":89.99,
            "중학교학업성취도":76.0,
            "용적률":148,
            "건폐율":16,
            "Y":35.320557,
            "X":128.583478,
            "rank":38.0,
            "area_info":"24평(80.28), 34평(113.81), 34평(113.49)",
            "last_sales":"2021-12-31,23400.0,34평(113.81)",
            "rank_history":[
                [
                    "202202",
                    38
                ],
                [
                    "202201",
                    35
                ]
            ],
            "rank_gap":-3
        },
        {
            "index":6,
            "아파트명":"상강한주맨션",
            "투자타입":"일반",
            "전용면적(m2)":"67.06",
            "전용면적(평)":"20평",
            "법정동주소":"경상남도 창원시 의창구 도계동 395-2",
            "도로명주소":"경상남도 창원시 의창구 하남천동길16번길 11",
            "세대수":0,
            "입주년차":0,
            "용적률점수":"--",
            "건폐율점수":"--",
            "세대당주차수":0,
            "난방방식":30,
            "공급면적":"--",
            "전용률":"--",
            "욕실수":50,
            "현관타입":100,
            "주거총점":18.0,
            "지역구공급총점":0.0,
            "역세권":"NA",
            "30분내 이동가능 거점":"NA",
            "1시간내 이동가능 거점":"NA",
            "교통총점":"NA",
            "백화점":0,
            "아울렛몰":0,
            "대형마트":0,
            "은행":0,
            "병원":60,
            "종합병원":100,
            "공원":100,
            "혐오시설":0,
            "인프라총점":29.0,
            "초등학군":90.0,
            "중학군":48.26,
            "학군총점":56.608,
            "인구수":25.17,
            "인구증감":-123.98,
            "인구총점":-19.575,
            "일자리":13.6,
            "소득수준":82.32,
            "일자리총점":34.216,
            "가치 총점":32.052,
            "매매실거래년":20211213.0,
            "매매실거래가":12800.0,
            "전세실거래년":20140421.0,
            "전세실거래가":11000.0,
            "전세가율":85.94,
            "장기전세가율평균":62.02,
            "전세가율거품지수":-23.92,
            "검색코드":15751,
            "세대수":123.0,
            "준공년월":"1993-03-26",
            "준공년차":30.0,
            "가까운역이름":"NA",
            "가까운역거리":"NA",
            "역세권여부":"NA",
            "30분이내주요거점역":"NA",
            "30분거점역이름":"NA",
            "1시간이내주요거점역":"NA",
            "1시간거점역이름":"NA",
            "3km이내백화점수":0,
            "5km이내아울렛몰수":0,
            "1km이내대형먀트수":0,
            "500m이내은행수":1,
            "500m이내병원수":18,
            "5km이내대형병원수":2,
            "500m이내공원수":8,
            "3km이내혐오시설수":0,
            "초등학교학업성취도":90.0,
            "중학교학업성취도":79.9,
            "용적률":287,
            "건폐율":34,
            "Y":35.25938,
            "X":128.640154,
            "rank":39.0,
            "area_info":"20평(67.06), 21평(72.58), 23평(79.0), 25평(85.82), 27평(90.2), 29평(98.98)",
            "last_sales":"2021-12-13,12800.0,20평(67.06)",
            "rank_history":[
                [
                    "202202",
                    39
                ],
                [
                    "202201",
                    38
                ]
            ],
            "rank_gap":-1
        },
        {
            "index":12,
            "아파트명":"한마음코아",
            "투자타입":"재건축",
            "전용면적(m2)":"63.95",
            "전용면적(평)":"19평",
            "법정동주소":"경상남도 창원시 의창구 도계동 329",
            "도로명주소":"경상남도 창원시 의창구 도계로50번길 6-46",
            "세대수":0,
            "입주년차":"--",
            "용적률점수":0,
            "건폐율점수":80,
            "세대당주차수":"--",
            "난방방식":"--",
            "공급면적":50,
            "전용률":60,
            "욕실수":"--",
            "현관타입":"--",
            "주거총점":21.5,
            "지역구공급총점":0.0,
            "역세권":"NA",
            "30분내 이동가능 거점":"NA",
            "1시간내 이동가능 거점":"NA",
            "교통총점":"NA",
            "백화점":0,
            "아울렛몰":0,
            "대형마트":0,
            "은행":0,
            "병원":60,
            "종합병원":100,
            "공원":100,
            "혐오시설":0,
            "인프라총점":29.0,
            "초등학군":90.0,
            "중학군":41.66,
            "학군총점":51.328,
            "인구수":25.17,
            "인구증감":-123.98,
            "인구총점":-19.575,
            "일자리":13.6,
            "소득수준":82.32,
            "일자리총점":34.216,
            "가치 총점":31.957,
            "매매실거래년":20211201.0,
            "매매실거래가":11800.0,
            "전세실거래년":20210106.0,
            "전세실거래가":10000.0,
            "전세가율":84.75,
            "장기전세가율평균":62.02,
            "전세가율거품지수":-22.73,
            "검색코드":7706,
            "세대수":225.0,
            "준공년월":"1992-08-08",
            "준공년차":31.0,
            "가까운역이름":"NA",
            "가까운역거리":"NA",
            "역세권여부":"NA",
            "30분이내주요거점역":"NA",
            "30분거점역이름":"NA",
            "1시간이내주요거점역":"NA",
            "1시간거점역이름":"NA",
            "3km이내백화점수":0,
            "5km이내아울렛몰수":0,
            "1km이내대형먀트수":0,
            "500m이내은행수":0,
            "500m이내병원수":18,
            "5km이내대형병원수":2,
            "500m이내공원수":6,
            "3km이내혐오시설수":0,
            "초등학교학업성취도":90.0,
            "중학교학업성취도":68.3,
            "용적률":295,
            "건폐율":27,
            "Y":35.260462,
            "X":128.635107,
            "rank":40.0,
            "area_info":"19평(63.95)",
            "last_sales":"2021-12-01,11800.0,19평(63.95)",
            "rank_history":[
                [
                    "202202",
                    40
                ],
                [
                    "202201",
                    39
                ]
            ],
            "rank_gap":-1
        },
        {
            "index":15,
            "아파트명":"해바라기맨션(340-1)",
            "투자타입":"재건축",
            "전용면적(m2)":"56.94",
            "전용면적(평)":"17평",
            "법정동주소":"경상남도 창원시 의창구 도계동 340-1",
            "도로명주소":"경상남도 창원시 의창구 도계로50번길 6-25",
            "세대수":0,
            "입주년차":"--",
            "용적률점수":20,
            "건폐율점수":20,
            "세대당주차수":"--",
            "난방방식":"--",
            "공급면적":50,
            "전용률":80,
            "욕실수":"--",
            "현관타입":"--",
            "주거총점":18.5,
            "지역구공급총점":0.0,
            "역세권":"NA",
            "30분내 이동가능 거점":"NA",
            "1시간내 이동가능 거점":"NA",
            "교통총점":"NA",
            "백화점":0,
            "아울렛몰":0,
            "대형마트":0,
            "은행":0,
            "병원":60,
            "종합병원":100,
            "공원":100,
            "혐오시설":0,
            "인프라총점":29.0,
            "초등학군":90.0,
            "중학군":41.66,
            "학군총점":51.328,
            "인구수":25.17,
            "인구증감":-123.98,
            "인구총점":-19.575,
            "일자리":13.6,
            "소득수준":82.32,
            "일자리총점":34.216,
            "가치 총점":30.907,
            "매매실거래년":20210806.0,
            "매매실거래가":16500.0,
            "전세실거래년":20191202.0,
            "전세실거래가":7000.0,
            "전세가율":59.32,
            "장기전세가율평균":62.02,
            "전세가율거품지수":2.7,
            "검색코드":101216,
            "세대수":100.0,
            "준공년월":"1989-11-13",
            "준공년차":34.0,
            "가까운역이름":"NA",
            "가까운역거리":"NA",
            "역세권여부":"NA",
            "30분이내주요거점역":"NA",
            "30분거점역이름":"NA",
            "1시간이내주요거점역":"NA",
            "1시간거점역이름":"NA",
            "3km이내백화점수":0,
            "5km이내아울렛몰수":0,
            "1km이내대형먀트수":0,
            "500m이내은행수":1,
            "500m이내병원수":19,
            "5km이내대형병원수":2,
            "500m이내공원수":7,
            "3km이내혐오시설수":0,
            "초등학교학업성취도":90.0,
            "중학교학업성취도":68.3,
            "용적률":212,
            "건폐율":44,
            "Y":35.259934,
            "X":128.636092,
            "rank":41.0,
            "area_info":"17평(56.94), 19평(65.19), 26평(86.1)",
            "last_sales":"2021-08-06,16500.0,26평(86.1)",
            "rank_history":[
                [
                    "202202",
                    41
                ],
                [
                    "202201",
                    41
                ]
            ],
            "rank_gap":0
        },
        {
            "index":174,
            "아파트명":"창원무동코아루파크",
            "투자타입":"일반",
            "전용면적(m2)":"98.29",
            "전용면적(평)":"29평",
            "법정동주소":"경상남도 창원시 의창구 북면 무동리 149-1",
            "도로명주소":"경상남도 창원시 의창구 무동로 213",
            "세대수":0,
            "입주년차":80,
            "용적률점수":"--",
            "건폐율점수":"--",
            "세대당주차수":30,
            "난방방식":30,
            "공급면적":"--",
            "전용률":"--",
            "욕실수":100,
            "현관타입":100,
            "주거총점":43.5,
            "지역구공급총점":0.0,
            "역세권":"NA",
            "30분내 이동가능 거점":"NA",
            "1시간내 이동가능 거점":"NA",
            "교통총점":"NA",
            "백화점":0,
            "아울렛몰":0,
            "대형마트":0,
            "은행":0,
            "병원":10,
            "종합병원":0,
            "공원":100,
            "혐오시설":0,
            "인프라총점":4.0,
            "초등학군":89.99,
            "중학군":45.6,
            "학군총점":54.478,
            "인구수":25.17,
            "인구증감":-123.98,
            "인구총점":-19.575,
            "일자리":13.6,
            "소득수준":82.32,
            "일자리총점":34.216,
            "가치 총점":30.4445,
            "매매실거래년":20211219.0,
            "매매실거래가":24500.0,
            "전세실거래년":20220125.0,
            "전세실거래가":10500.0,
            "전세가율":42.86,
            "장기전세가율평균":62.02,
            "전세가율거품지수":19.16,
            "검색코드":112711,
            "세대수":253.0,
            "준공년월":"2018-02-13",
            "준공년차":5.0,
            "가까운역이름":"NA",
            "가까운역거리":"NA",
            "역세권여부":"NA",
            "30분이내주요거점역":"NA",
            "30분거점역이름":"NA",
            "1시간이내주요거점역":"NA",
            "1시간거점역이름":"NA",
            "3km이내백화점수":0,
            "5km이내아울렛몰수":0,
            "1km이내대형먀트수":0,
            "500m이내은행수":0,
            "500m이내병원수":4,
            "5km이내대형병원수":0,
            "500m이내공원수":3,
            "3km이내혐오시설수":0,
            "초등학교학업성취도":89.99,
            "중학교학업성취도":76.0,
            "용적률":149,
            "건폐율":16,
            "Y":35.315617,
            "X":128.586716,
            "rank":42.0,
            "area_info":"29평(98.29)",
            "last_sales":"2021-12-19,24500.0,29평(98.29)",
            "rank_history":[
                [
                    "202202",
                    42
                ],
                [
                    "202201",
                    42
                ]
            ],
            "rank_gap":0
        },
        {
            "index":155,
            "아파트명":"창원동전월드메르디앙",
            "투자타입":"일반",
            "전용면적(m2)":"86.69",
            "전용면적(평)":"26평",
            "법정동주소":"경상남도 창원시 의창구 북면 동전리 128",
            "도로명주소":"경상남도 창원시 의창구 동전로224번길 3",
            "세대수":0,
            "입주년차":80,
            "용적률점수":"--",
            "건폐율점수":"--",
            "세대당주차수":30,
            "난방방식":30,
            "공급면적":"--",
            "전용률":"--",
            "욕실수":100,
            "현관타입":100,
            "주거총점":43.5,
            "지역구공급총점":0.0,
            "역세권":"NA",
            "30분내 이동가능 거점":"NA",
            "1시간내 이동가능 거점":"NA",
            "교통총점":"NA",
            "백화점":0,
            "아울렛몰":0,
            "대형마트":0,
            "은행":0,
            "병원":0,
            "종합병원":0,
            "공원":100,
            "혐오시설":0,
            "인프라총점":3.0,
            "초등학군":90.01,
            "중학군":45.6,
            "학군총점":54.482,
            "인구수":25.17,
            "인구증감":-123.98,
            "인구총점":-19.575,
            "일자리":13.6,
            "소득수준":82.32,
            "일자리총점":34.216,
            "가치 총점":30.0455,
            "매매실거래년":20211221.0,
            "매매실거래가":17000.0,
            "전세실거래년":20211019.0,
            "전세실거래가":13000.0,
            "전세가율":76.47,
            "장기전세가율평균":62.02,
            "전세가율거품지수":-14.45,
            "검색코드":117126,
            "세대수":217.0,
            "준공년월":"2016-10-18",
            "준공년차":7.0,
            "가까운역이름":"NA",
            "가까운역거리":"NA",
            "역세권여부":"NA",
            "30분이내주요거점역":"NA",
            "30분거점역이름":"NA",
            "1시간이내주요거점역":"NA",
            "1시간거점역이름":"NA",
            "3km이내백화점수":0,
            "5km이내아울렛몰수":0,
            "1km이내대형먀트수":0,
            "500m이내은행수":0,
            "500m이내병원수":0,
            "5km이내대형병원수":0,
            "500m이내공원수":4,
            "3km이내혐오시설수":0,
            "초등학교학업성취도":90.01,
            "중학교학업성취도":76.0,
            "용적률":129,
            "건폐율":27,
            "Y":35.315055,
            "X":128.60076,
            "rank":43.0,
            "area_info":"26평(86.69), 26평(86.69), 27평(89.56), 27평(90.19), 30평(100.58)",
            "last_sales":"2021-12-21,17000.0,26평(86.69)",
            "rank_history":[
                [
                    "202202",
                    43
                ],
                [
                    "202201",
                    44
                ]
            ],
            "rank_gap":1
        },
        {
            "index":164,
            "아파트명":"창원무동STX칸2차",
            "투자타입":"일반",
            "전용면적(m2)":"84.28",
            "전용면적(평)":"25평",
            "법정동주소":"경상남도 창원시 의창구 북면 무동리 155-1",
            "도로명주소":"경상남도 창원시 의창구 무동로267번길 10",
            "세대수":0,
            "입주년차":80,
            "용적률점수":"--",
            "건폐율점수":"--",
            "세대당주차수":30,
            "난방방식":30,
            "공급면적":"--",
            "전용률":"--",
            "욕실수":100,
            "현관타입":100,
            "주거총점":43.5,
            "지역구공급총점":0.0,
            "역세권":"NA",
            "30분내 이동가능 거점":"NA",
            "1시간내 이동가능 거점":"NA",
            "교통총점":"NA",
            "백화점":0,
            "아울렛몰":0,
            "대형마트":0,
            "은행":0,
            "병원":0,
            "종합병원":0,
            "공원":100,
            "혐오시설":0,
            "인프라총점":3.0,
            "초등학군":89.99,
            "중학군":45.6,
            "학군총점":54.478,
            "인구수":25.17,
            "인구증감":-123.98,
            "인구총점":-19.575,
            "일자리":13.6,
            "소득수준":82.32,
            "일자리총점":34.216,
            "가치 총점":30.0445,
            "매매실거래년":20211227.0,
            "매매실거래가":22900.0,
            "전세실거래년":20170728.0,
            "전세실거래가":9000.0,
            "전세가율":54.55,
            "장기전세가율평균":62.02,
            "전세가율거품지수":7.47,
            "검색코드":105439,
            "세대수":231.0,
            "준공년월":"2015-01-28",
            "준공년차":8.0,
            "가까운역이름":"NA",
            "가까운역거리":"NA",
            "역세권여부":"NA",
            "30분이내주요거점역":"NA",
            "30분거점역이름":"NA",
            "1시간이내주요거점역":"NA",
            "1시간거점역이름":"NA",
            "3km이내백화점수":0,
            "5km이내아울렛몰수":0,
            "1km이내대형먀트수":0,
            "500m이내은행수":0,
            "500m이내병원수":0,
            "5km이내대형병원수":0,
            "500m이내공원수":2,
            "3km이내혐오시설수":0,
            "초등학교학업성취도":89.99,
            "중학교학업성취도":76.0,
            "용적률":149,
            "건폐율":19,
            "Y":35.315743,
            "X":128.577901,
            "rank":44.0,
            "area_info":"25평(84.28), 34평(113.14), 34평(113.83)",
            "last_sales":"2021-12-27,22900.0,34평(113.14)",
            "rank_history":[
                [
                    "202202",
                    44
                ],
                [
                    "202201",
                    43
                ]
            ],
            "rank_gap":-1
        },
        {
            "index":47,
            "아파트명":"성진까치1차",
            "투자타입":"재건축",
            "전용면적(m2)":"70.42",
            "전용면적(평)":"21평",
            "법정동주소":"경상남도 창원시 의창구 동읍 용정리 19-3",
            "도로명주소":"경상남도 창원시 의창구 단계로 84",
            "세대수":0,
            "입주년차":"--",
            "용적률점수":80,
            "건폐율점수":40,
            "세대당주차수":"--",
            "난방방식":"--",
            "공급면적":50,
            "전용률":80,
            "욕실수":"--",
            "현관타입":"--",
            "주거총점":46.5,
            "지역구공급총점":0.0,
            "역세권":"NA",
            "30분내 이동가능 거점":"NA",
            "1시간내 이동가능 거점":"NA",
            "교통총점":"NA",
            "백화점":0,
            "아울렛몰":0,
            "대형마트":0,
            "은행":0,
            "병원":10,
            "종합병원":0,
            "공원":0,
            "혐오시설":0,
            "인프라총점":1.0,
            "초등학군":90.01,
            "중학군":43.46,
            "학군총점":52.77,
            "인구수":25.17,
            "인구증감":-123.98,
            "인구총점":-19.575,
            "일자리":13.6,
            "소득수준":82.32,
            "일자리총점":34.216,
            "가치 총점":29.8675,
            "매매실거래년":20220115.0,
            "매매실거래가":5300.0,
            "전세실거래년":20210820.0,
            "전세실거래가":4000.0,
            "전세가율":83.33,
            "장기전세가율평균":62.02,
            "전세가율거품지수":-21.31,
            "검색코드":15767,
            "세대수":140.0,
            "준공년월":"1992-06-16",
            "준공년차":31.0,
            "가까운역이름":"NA",
            "가까운역거리":"NA",
            "역세권여부":"NA",
            "30분이내주요거점역":"NA",
            "30분거점역이름":"NA",
            "1시간이내주요거점역":"NA",
            "1시간거점역이름":"NA",
            "3km이내백화점수":0,
            "5km이내아울렛몰수":0,
            "1km이내대형먀트수":0,
            "500m이내은행수":0,
            "500m이내병원수":2,
            "5km이내대형병원수":0,
            "500m이내공원수":0,
            "3km이내혐오시설수":0,
            "초등학교학업성취도":90.01,
            "중학교학업성취도":72.1,
            "용적률":176,
            "건폐율":38,
            "Y":35.27721,
            "X":128.70506,
            "rank":45.0,
            "area_info":"21평(70.42), 29평(96.35), 29평(96.2)",
            "last_sales":"2022-01-15,5300.0,29평(96.2)",
            "rank_history":[
                [
                    "202202",
                    45
                ],
                [
                    "202201",
                    45
                ]
            ],
            "rank_gap":0
        },
        {
            "index":69,
            "아파트명":"원창호수",
            "투자타입":"일반",
            "전용면적(m2)":"73.47",
            "전용면적(평)":"22평",
            "법정동주소":"경상남도 창원시 의창구 동읍 용잠리 372-1",
            "도로명주소":"경상남도 창원시 의창구 의창대로 856",
            "세대수":0,
            "입주년차":20,
            "용적률점수":"--",
            "건폐율점수":"--",
            "세대당주차수":0,
            "난방방식":30,
            "공급면적":"--",
            "전용률":"--",
            "욕실수":50,
            "현관타입":100,
            "주거총점":22.0,
            "지역구공급총점":0.0,
            "역세권":"NA",
            "30분내 이동가능 거점":"NA",
            "1시간내 이동가능 거점":"NA",
            "교통총점":"NA",
            "백화점":0,
            "아울렛몰":0,
            "대형마트":80,
            "은행":0,
            "병원":60,
            "종합병원":0,
            "공원":0,
            "혐오시설":0,
            "인프라총점":18.0,
            "초등학군":89.98,
            "중학군":43.46,
            "학군총점":52.764,
            "인구수":25.17,
            "인구증감":-123.98,
            "인구총점":-19.575,
            "일자리":13.6,
            "소득수준":82.32,
            "일자리총점":34.216,
            "가치 총점":28.091,
            "매매실거래년":20220112.0,
            "매매실거래가":12500.0,
            "전세실거래년":20110503.0,
            "전세실거래가":4800.0,
            "전세가율":60.0,
            "장기전세가율평균":62.02,
            "전세가율거품지수":2.02,
            "검색코드":15773,
            "세대수":176.0,
            "준공년월":"2001-05-04",
            "준공년차":22.0,
            "가까운역이름":"NA",
            "가까운역거리":"NA",
            "역세권여부":"NA",
            "30분이내주요거점역":"NA",
            "30분거점역이름":"NA",
            "1시간이내주요거점역":"NA",
            "1시간거점역이름":"NA",
            "3km이내백화점수":0,
            "5km이내아울렛몰수":0,
            "1km이내대형먀트수":1,
            "500m이내은행수":0,
            "500m이내병원수":11,
            "5km이내대형병원수":0,
            "500m이내공원수":0,
            "3km이내혐오시설수":0,
            "초등학교학업성취도":89.98,
            "중학교학업성취도":72.1,
            "용적률":379,
            "건폐율":38,
            "Y":35.276864,
            "X":128.685271,
            "rank":46.0,
            "area_info":"22평(73.47), 25평(85.22), 26평(86.2), 26평(88.31), 31평(103.99)",
            "last_sales":"2022-01-12,12500.0,31평(103.99)",
            "rank_history":[
                [
                    "202202",
                    46
                ],
                [
                    "202201",
                    47
                ]
            ],
            "rank_gap":1
        },
        {
            "index":115,
            "아파트명":"신우",
            "투자타입":"일반",
            "전용면적(m2)":"70.28",
            "전용면적(평)":"21평",
            "법정동주소":"경상남도 창원시 의창구 북면 신촌리 905-6",
            "도로명주소":"경상남도 창원시 의창구 신촌본포로 12-10",
            "세대수":0,
            "입주년차":20,
            "용적률점수":"--",
            "건폐율점수":"--",
            "세대당주차수":0,
            "난방방식":30,
            "공급면적":"--",
            "전용률":"--",
            "욕실수":50,
            "현관타입":100,
            "주거총점":22.0,
            "지역구공급총점":0.0,
            "역세권":"NA",
            "30분내 이동가능 거점":"NA",
            "1시간내 이동가능 거점":"NA",
            "교통총점":"NA",
            "백화점":0,
            "아울렛몰":0,
            "대형마트":80,
            "은행":0,
            "병원":10,
            "종합병원":0,
            "공원":80,
            "혐오시설":0,
            "인프라총점":15.4,
            "초등학군":90.03,
            "중학군":45.6,
            "학군총점":54.486,
            "인구수":25.17,
            "인구증감":-123.98,
            "인구총점":-19.575,
            "일자리":13.6,
            "소득수준":82.32,
            "일자리총점":34.216,
            "가치 총점":27.4815,
            "매매실거래년":20220126.0,
            "매매실거래가":16500.0,
            "전세실거래년":null,
            "전세실거래가":null,
            "전세가율":null,
            "장기전세가율평균":62.02,
            "전세가율거품지수":null,
            "검색코드":7761,
            "세대수":146.0,
            "준공년월":"1999-05-08",
            "준공년차":24.0,
            "가까운역이름":"NA",
            "가까운역거리":"NA",
            "역세권여부":"NA",
            "30분이내주요거점역":"NA",
            "30분거점역이름":"NA",
            "1시간이내주요거점역":"NA",
            "1시간거점역이름":"NA",
            "3km이내백화점수":0,
            "5km이내아울렛몰수":0,
            "1km이내대형먀트수":1,
            "500m이내은행수":0,
            "500m이내병원수":4,
            "5km이내대형병원수":0,
            "500m이내공원수":1,
            "3km이내혐오시설수":0,
            "초등학교학업성취도":90.03,
            "중학교학업성취도":76.0,
            "용적률":247,
            "건폐율":19,
            "Y":35.347097,
            "X":128.608489,
            "rank":47.0,
            "area_info":"21평(70.28), 23평(77.84), 31평(104.9)",
            "last_sales":"2022-01-26,16500.0,31평(104.9)",
            "rank_history":[
                [
                    "202202",
                    47
                ],
                [
                    "202201",
                    46
                ]
            ],
            "rank_gap":-1
        },
        {
            "index":57,
            "아파트명":"신안맨션",
            "투자타입":"일반",
            "전용면적(m2)":"92.05",
            "전용면적(평)":"27평",
            "법정동주소":"경상남도 창원시 의창구 동읍 용잠리 419",
            "도로명주소":"경상남도 창원시 의창구 동읍로 7",
            "세대수":0,
            "입주년차":0,
            "용적률점수":"--",
            "건폐율점수":"--",
            "세대당주차수":0,
            "난방방식":30,
            "공급면적":"--",
            "전용률":"--",
            "욕실수":50,
            "현관타입":100,
            "주거총점":18.0,
            "지역구공급총점":0.0,
            "역세권":"NA",
            "30분내 이동가능 거점":"NA",
            "1시간내 이동가능 거점":"NA",
            "교통총점":"NA",
            "백화점":0,
            "아울렛몰":0,
            "대형마트":80,
            "은행":0,
            "병원":60,
            "종합병원":0,
            "공원":0,
            "혐오시설":0,
            "인프라총점":18.0,
            "초등학군":89.98,
            "중학군":43.46,
            "학군총점":52.764,
            "인구수":25.17,
            "인구증감":-123.98,
            "인구총점":-19.575,
            "일자리":13.6,
            "소득수준":82.32,
            "일자리총점":34.216,
            "가치 총점":26.691,
            "매매실거래년":20211018.0,
            "매매실거래가":10500.0,
            "전세실거래년":20171201.0,
            "전세실거래가":7000.0,
            "전세가율":63.64,
            "장기전세가율평균":62.02,
            "전세가율거품지수":-1.62,
            "검색코드":15771,
            "세대수":165.0,
            "준공년월":"1997-11-03",
            "준공년차":26.0,
            "가까운역이름":"NA",
            "가까운역거리":"NA",
            "역세권여부":"NA",
            "30분이내주요거점역":"NA",
            "30분거점역이름":"NA",
            "1시간이내주요거점역":"NA",
            "1시간거점역이름":"NA",
            "3km이내백화점수":0,
            "5km이내아울렛몰수":0,
            "1km이내대형먀트수":1,
            "500m이내은행수":0,
            "500m이내병원수":11,
            "5km이내대형병원수":0,
            "500m이내공원수":0,
            "3km이내혐오시설수":0,
            "초등학교학업성취도":89.98,
            "중학교학업성취도":72.1,
            "용적률":258,
            "건폐율":23,
            "Y":35.277901,
            "X":128.683565,
            "rank":48.0,
            "area_info":"27평(92.05), 30평(101.67), 31평(102.75), 34평(113.15)",
            "last_sales":"2021-10-18,10500.0,31평(102.75)",
            "rank_history":[
                [
                    "202202",
                    48
                ],
                [
                    "202201",
                    51
                ]
            ],
            "rank_gap":3
        },
        {
            "index":13,
            "아파트명":"한효로얄코아",
            "투자타입":"재건축",
            "전용면적(m2)":"63.85",
            "전용면적(평)":"19평",
            "법정동주소":"경상남도 창원시 의창구 도계동 328-1",
            "도로명주소":"경상남도 창원시 의창구 도계로50번길 6-18",
            "세대수":0,
            "입주년차":"--",
            "용적률점수":0,
            "건폐율점수":0,
            "세대당주차수":"--",
            "난방방식":"--",
            "공급면적":50,
            "전용률":60,
            "욕실수":"--",
            "현관타입":"--",
            "주거총점":5.5,
            "지역구공급총점":0.0,
            "역세권":"NA",
            "30분내 이동가능 거점":"NA",
            "1시간내 이동가능 거점":"NA",
            "교통총점":"NA",
            "백화점":0,
            "아울렛몰":0,
            "대형마트":0,
            "은행":0,
            "병원":60,
            "종합병원":100,
            "공원":100,
            "혐오시설":0,
            "인프라총점":29.0,
            "초등학군":90.0,
            "중학군":41.66,
            "학군총점":51.328,
            "인구수":25.17,
            "인구증감":-123.98,
            "인구총점":-19.575,
            "일자리":13.6,
            "소득수준":82.32,
            "일자리총점":34.216,
            "가치 총점":26.357,
            "매매실거래년":20220108.0,
            "매매실거래가":11000.0,
            "전세실거래년":20210603.0,
            "전세실거래가":3000.0,
            "전세가율":27.27,
            "장기전세가율평균":62.02,
            "전세가율거품지수":34.75,
            "검색코드":15750,
            "세대수":102.0,
            "준공년월":"1992-08-08",
            "준공년차":31.0,
            "가까운역이름":"NA",
            "가까운역거리":"NA",
            "역세권여부":"NA",
            "30분이내주요거점역":"NA",
            "30분거점역이름":"NA",
            "1시간이내주요거점역":"NA",
            "1시간거점역이름":"NA",
            "3km이내백화점수":0,
            "5km이내아울렛몰수":0,
            "1km이내대형먀트수":0,
            "500m이내은행수":1,
            "500m이내병원수":19,
            "5km이내대형병원수":2,
            "500m이내공원수":7,
            "3km이내혐오시설수":0,
            "초등학교학업성취도":90.0,
            "중학교학업성취도":68.3,
            "용적률":0,
            "건폐율":0,
            "Y":35.26042,
            "X":128.63634,
            "rank":49.0,
            "area_info":"19평(63.85)",
            "last_sales":"2022-01-08,11000.0,19평(63.85)",
            "rank_history":[
                [
                    "202202",
                    49
                ],
                [
                    "202201",
                    48
                ]
            ],
            "rank_gap":-1
        },
        {
            "index":113,
            "아파트명":"대호",
            "투자타입":"일반",
            "전용면적(m2)":"69.4",
            "전용면적(평)":"20평",
            "법정동주소":"경상남도 창원시 의창구 북면 신촌리 995-1",
            "도로명주소":"경상남도 창원시 의창구 천주로 1053",
            "세대수":0,
            "입주년차":0,
            "용적률점수":"--",
            "건폐율점수":"--",
            "세대당주차수":0,
            "난방방식":30,
            "공급면적":"--",
            "전용률":"--",
            "욕실수":50,
            "현관타입":100,
            "주거총점":18.0,
            "지역구공급총점":0.0,
            "역세권":"NA",
            "30분내 이동가능 거점":"NA",
            "1시간내 이동가능 거점":"NA",
            "교통총점":"NA",
            "백화점":0,
            "아울렛몰":0,
            "대형마트":80,
            "은행":0,
            "병원":10,
            "종합병원":0,
            "공원":80,
            "혐오시설":0,
            "인프라총점":15.4,
            "초등학군":90.03,
            "중학군":45.6,
            "학군총점":54.486,
            "인구수":25.17,
            "인구증감":-123.98,
            "인구총점":-19.575,
            "일자리":13.6,
            "소득수준":82.32,
            "일자리총점":34.216,
            "가치 총점":26.0815,
            "매매실거래년":20211207.0,
            "매매실거래가":5800.0,
            "전세실거래년":null,
            "전세실거래가":null,
            "전세가율":null,
            "장기전세가율평균":62.02,
            "전세가율거품지수":null,
            "검색코드":7759,
            "세대수":294.0,
            "준공년월":"1998-06-30",
            "준공년차":25.0,
            "가까운역이름":"NA",
            "가까운역거리":"NA",
            "역세권여부":"NA",
            "30분이내주요거점역":"NA",
            "30분거점역이름":"NA",
            "1시간이내주요거점역":"NA",
            "1시간거점역이름":"NA",
            "3km이내백화점수":0,
            "5km이내아울렛몰수":0,
            "1km이내대형먀트수":1,
            "500m이내은행수":0,
            "500m이내병원수":4,
            "5km이내대형병원수":0,
            "500m이내공원수":1,
            "3km이내혐오시설수":0,
            "초등학교학업성취도":90.03,
            "중학교학업성취도":76.0,
            "용적률":221,
            "건폐율":26,
            "Y":35.345425,
            "X":128.60577,
            "rank":50.0,
            "area_info":"20평(69.4), 20평(69.19)",
            "last_sales":"2021-12-07,5800.0,20평(69.19)",
            "rank_history":[
                [
                    "202202",
                    50
                ],
                [
                    "202201",
                    49
                ]
            ],
            "rank_gap":-1
        },
        {
            "index":120,
            "아파트명":"신한그린파크맨션",
            "투자타입":"일반",
            "전용면적(m2)":"74.17",
            "전용면적(평)":"22평",
            "법정동주소":"경상남도 창원시 의창구 북면 신촌리 561-1",
            "도로명주소":"경상남도 창원시 의창구 천주로 1104",
            "세대수":0,
            "입주년차":0,
            "용적률점수":"--",
            "건폐율점수":"--",
            "세대당주차수":0,
            "난방방식":30,
            "공급면적":"--",
            "전용률":"--",
            "욕실수":50,
            "현관타입":100,
            "주거총점":18.0,
            "지역구공급총점":0.0,
            "역세권":"NA",
            "30분내 이동가능 거점":"NA",
            "1시간내 이동가능 거점":"NA",
            "교통총점":"NA",
            "백화점":0,
            "아울렛몰":0,
            "대형마트":80,
            "은행":0,
            "병원":10,
            "종합병원":0,
            "공원":80,
            "혐오시설":0,
            "인프라총점":15.4,
            "초등학군":90.03,
            "중학군":45.6,
            "학군총점":54.486,
            "인구수":25.17,
            "인구증감":-123.98,
            "인구총점":-19.575,
            "일자리":13.6,
            "소득수준":82.32,
            "일자리총점":34.216,
            "가치 총점":26.0815,
            "매매실거래년":20220113.0,
            "매매실거래가":8800.0,
            "전세실거래년":20210202.0,
            "전세실거래가":4000.0,
            "전세가율":80.0,
            "장기전세가율평균":62.02,
            "전세가율거품지수":-17.98,
            "검색코드":101102,
            "세대수":127.0,
            "준공년월":"1994-04-19",
            "준공년차":29.0,
            "가까운역이름":"NA",
            "가까운역거리":"NA",
            "역세권여부":"NA",
            "30분이내주요거점역":"NA",
            "30분거점역이름":"NA",
            "1시간이내주요거점역":"NA",
            "1시간거점역이름":"NA",
            "3km이내백화점수":0,
            "5km이내아울렛몰수":0,
            "1km이내대형먀트수":1,
            "500m이내은행수":0,
            "500m이내병원수":4,
            "5km이내대형병원수":0,
            "500m이내공원수":1,
            "3km이내혐오시설수":0,
            "초등학교학업성취도":90.03,
            "중학교학업성취도":76.0,
            "용적률":0,
            "건폐율":0,
            "Y":35.349246,
            "X":128.607647,
            "rank":50.0,
            "area_info":"22평(74.17), 31평(104.96)",
            "last_sales":"2022-01-13,8800.0,31평(104.96)",
            "rank_history":[
                [
                    "202202",
                    50
                ],
                [
                    "202201",
                    49
                ]
            ],
            "rank_gap":-1
        },
        {
            "index":181,
            "아파트명":"춘광1차",
            "투자타입":"재건축",
            "전용면적(m2)":"78.54",
            "전용면적(평)":"23평",
            "법정동주소":"경상남도 창원시 의창구 북면 신촌리 905-3",
            "도로명주소":"경상남도 창원시 의창구 신촌본포로 14",
            "세대수":0,
            "입주년차":"--",
            "용적률점수":0,
            "건폐율점수":60,
            "세대당주차수":"--",
            "난방방식":"--",
            "공급면적":50,
            "전용률":60,
            "욕실수":"--",
            "현관타입":"--",
            "주거총점":17.5,
            "지역구공급총점":0.0,
            "역세권":"NA",
            "30분내 이동가능 거점":"NA",
            "1시간내 이동가능 거점":"NA",
            "교통총점":"NA",
            "백화점":0,
            "아울렛몰":0,
            "대형마트":80,
            "은행":0,
            "병원":10,
            "종합병원":0,
            "공원":80,
            "혐오시설":0,
            "인프라총점":15.4,
            "초등학군":90.03,
            "중학군":45.6,
            "학군총점":54.486,
            "인구수":25.17,
            "인구증감":-123.98,
            "인구총점":-19.575,
            "일자리":13.6,
            "소득수준":82.32,
            "일자리총점":34.216,
            "가치 총점":25.9065,
            "매매실거래년":20210828.0,
            "매매실거래가":7500.0,
            "전세실거래년":20210706.0,
            "전세실거래가":5500.0,
            "전세가율":103.77,
            "장기전세가율평균":62.02,
            "전세가율거품지수":-41.75,
            "검색코드":15780,
            "세대수":113.0,
            "준공년월":"1992-10-30",
            "준공년차":31.0,
            "가까운역이름":"NA",
            "가까운역거리":"NA",
            "역세권여부":"NA",
            "30분이내주요거점역":"NA",
            "30분거점역이름":"NA",
            "1시간이내주요거점역":"NA",
            "1시간거점역이름":"NA",
            "3km이내백화점수":0,
            "5km이내아울렛몰수":0,
            "1km이내대형먀트수":1,
            "500m이내은행수":0,
            "500m이내병원수":4,
            "5km이내대형병원수":0,
            "500m이내공원수":1,
            "3km이내혐오시설수":0,
            "초등학교학업성취도":90.03,
            "중학교학업성취도":76.0,
            "용적률":283,
            "건폐율":30,
            "Y":35.347273,
            "X":128.609337,
            "rank":51.0,
            "area_info":"23평(78.54), 27평(91.7)",
            "last_sales":"2021-08-28,7500.0,27평(91.7)",
            "rank_history":[
                [
                    "202202",
                    51
                ],
                [
                    "202201",
                    50
                ]
            ],
            "rank_gap":-1
        },
        {
            "index":36,
            "아파트명":"동읍대한",
            "투자타입":"일반",
            "전용면적(m2)":"76.75",
            "전용면적(평)":"23평",
            "법정동주소":"경상남도 창원시 의창구 동읍 신방리 52",
            "도로명주소":"경상남도 창원시 의창구 신방로 17",
            "세대수":0,
            "입주년차":0,
            "용적률점수":"--",
            "건폐율점수":"--",
            "세대당주차수":0,
            "난방방식":30,
            "공급면적":"--",
            "전용률":"--",
            "욕실수":50,
            "현관타입":100,
            "주거총점":18.0,
            "지역구공급총점":0.0,
            "역세권":"NA",
            "30분내 이동가능 거점":"NA",
            "1시간내 이동가능 거점":"NA",
            "교통총점":"NA",
            "백화점":0,
            "아울렛몰":0,
            "대형마트":80,
            "은행":0,
            "병원":0,
            "종합병원":0,
            "공원":0,
            "혐오시설":0,
            "인프라총점":12.0,
            "초등학군":89.98,
            "중학군":46.8,
            "학군총점":55.436,
            "인구수":25.17,
            "인구증감":-123.98,
            "인구총점":-19.575,
            "일자리":13.6,
            "소득수준":82.32,
            "일자리총점":34.216,
            "가치 총점":24.959,
            "매매실거래년":20211016.0,
            "매매실거래가":8000.0,
            "전세실거래년":20180829.0,
            "전세실거래가":7000.0,
            "전세가율":87.5,
            "장기전세가율평균":62.02,
            "전세가율거품지수":-25.48,
            "검색코드":7715,
            "세대수":275.0,
            "준공년월":"1997-02-20",
            "준공년차":26.0,
            "가까운역이름":"NA",
            "가까운역거리":"NA",
            "역세권여부":"NA",
            "30분이내주요거점역":"NA",
            "30분거점역이름":"NA",
            "1시간이내주요거점역":"NA",
            "1시간거점역이름":"NA",
            "3km이내백화점수":0,
            "5km이내아울렛몰수":0,
            "1km이내대형먀트수":1,
            "500m이내은행수":0,
            "500m이내병원수":0,
            "5km이내대형병원수":0,
            "500m이내공원수":0,
            "3km이내혐오시설수":0,
            "초등학교학업성취도":89.98,
            "중학교학업성취도":78.0,
            "용적률":280,
            "건폐율":25,
            "Y":35.28587,
            "X":128.683434,
            "rank":52.0,
            "area_info":"23평(76.75), 30평(101.29), 32평(108.89)",
            "last_sales":"2021-10-16,8000.0,23평(76.75)",
            "rank_history":[
                [
                    "202202",
                    52
                ],
                [
                    "202201",
                    52
                ]
            ],
            "rank_gap":0
        },
        {
            "index":18,
            "아파트명":"덕산서광",
            "투자타입":"일반",
            "전용면적(m2)":"71.56",
            "전용면적(평)":"21평",
            "법정동주소":"경상남도 창원시 의창구 동읍 용잠리 130",
            "도로명주소":"경상남도 창원시 의창구 의창대로915번길 29",
            "세대수":0,
            "입주년차":0,
            "용적률점수":"--",
            "건폐율점수":"--",
            "세대당주차수":0,
            "난방방식":30,
            "공급면적":"--",
            "전용률":"--",
            "욕실수":50,
            "현관타입":100,
            "주거총점":18.0,
            "지역구공급총점":0.0,
            "역세권":"NA",
            "30분내 이동가능 거점":"NA",
            "1시간내 이동가능 거점":"NA",
            "교통총점":"NA",
            "백화점":0,
            "아울렛몰":0,
            "대형마트":80,
            "은행":0,
            "병원":10,
            "종합병원":0,
            "공원":0,
            "혐오시설":0,
            "인프라총점":13.0,
            "초등학군":89.98,
            "중학군":43.46,
            "학군총점":52.764,
            "인구수":25.17,
            "인구증감":-123.98,
            "인구총점":-19.575,
            "일자리":13.6,
            "소득수준":82.32,
            "일자리총점":34.216,
            "가치 총점":24.691,
            "매매실거래년":20220102.0,
            "매매실거래가":7300.0,
            "전세실거래년":null,
            "전세실거래가":null,
            "전세가율":null,
            "장기전세가율평균":62.02,
            "전세가율거품지수":null,
            "검색코드":15764,
            "세대수":159.0,
            "준공년월":"1994-06-01",
            "준공년차":29.0,
            "가까운역이름":"NA",
            "가까운역거리":"NA",
            "역세권여부":"NA",
            "30분이내주요거점역":"NA",
            "30분거점역이름":"NA",
            "1시간이내주요거점역":"NA",
            "1시간거점역이름":"NA",
            "3km이내백화점수":0,
            "5km이내아울렛몰수":0,
            "1km이내대형먀트수":1,
            "500m이내은행수":0,
            "500m이내병원수":3,
            "5km이내대형병원수":0,
            "500m이내공원수":0,
            "3km이내혐오시설수":0,
            "초등학교학업성취도":89.98,
            "중학교학업성취도":72.1,
            "용적률":343,
            "건폐율":62,
            "Y":35.281669,
            "X":128.689808,
            "rank":53.0,
            "area_info":"21평(71.56), 22평(73.59), 24평(79.84), 25평(84.59), 26평(87.13), 30평(101.85)",
            "last_sales":"2022-01-02,7300.0,24평(79.84)",
            "rank_history":[
                [
                    "202202",
                    53
                ],
                [
                    "202201",
                    53
                ]
            ],
            "rank_gap":0
        },
        {
            "index":193,
            "아파트명":"소계럭키",
            "투자타입":"재건축",
            "전용면적(m2)":"65.76",
            "전용면적(평)":"19평",
            "법정동주소":"경상남도 창원시 의창구 소계동 468-1",
            "도로명주소":"경상남도 창원시 의창구 금강로379번길 16-9",
            "세대수":0,
            "입주년차":"--",
            "용적률점수":0,
            "건폐율점수":0,
            "세대당주차수":"--",
            "난방방식":"--",
            "공급면적":50,
            "전용률":60,
            "욕실수":"--",
            "현관타입":"--",
            "주거총점":5.5,
            "지역구공급총점":0.0,
            "역세권":"NA",
            "30분내 이동가능 거점":"NA",
            "1시간내 이동가능 거점":"NA",
            "교통총점":"NA",
            "백화점":0,
            "아울렛몰":0,
            "대형마트":0,
            "은행":0,
            "병원":30,
            "종합병원":100,
            "공원":100,
            "혐오시설":0,
            "인프라총점":26.0,
            "초등학군":90.03,
            "중학군":37.62,
            "학군총점":48.102,
            "인구수":25.17,
            "인구증감":-123.98,
            "인구총점":-19.575,
            "일자리":13.6,
            "소득수준":82.32,
            "일자리총점":34.216,
            "가치 총점":24.3505,
            "매매실거래년":20220108.0,
            "매매실거래가":10500.0,
            "전세실거래년":20200210.0,
            "전세실거래가":6500.0,
            "전세가율":106.56,
            "장기전세가율평균":62.02,
            "전세가율거품지수":-44.54,
            "검색코드":7825,
            "세대수":243.0,
            "준공년월":"1991-03-11",
            "준공년차":32.0,
            "가까운역이름":"NA",
            "가까운역거리":"NA",
            "역세권여부":"NA",
            "30분이내주요거점역":"NA",
            "30분거점역이름":"NA",
            "1시간이내주요거점역":"NA",
            "1시간거점역이름":"NA",
            "3km이내백화점수":0,
            "5km이내아울렛몰수":0,
            "1km이내대형먀트수":0,
            "500m이내은행수":1,
            "500m이내병원수":8,
            "5km이내대형병원수":2,
            "500m이내공원수":2,
            "3km이내혐오시설수":0,
            "초등학교학업성취도":90.03,
            "중학교학업성취도":62.7,
            "용적률":0,
            "건폐율":0,
            "Y":35.260429,
            "X":128.600807,
            "rank":54.0,
            "area_info":"19평(65.76), 21평(71.43), 23평(79.27)",
            "last_sales":"2022-01-08,10500.0,23평(79.27)",
            "rank_history":[
                [
                    "202202",
                    54
                ],
                [
                    "202201",
                    54
                ]
            ],
            "rank_gap":0
        },
        {
            "index":0,
            "아파트명":"해강그린",
            "투자타입":"일반",
            "전용면적(m2)":"70.5",
            "전용면적(평)":"21평",
            "법정동주소":"경상남도 창원시 의창구 대산면 가술리 108-1",
            "도로명주소":"경상남도 창원시 의창구 진산대로 437",
            "세대수":0,
            "입주년차":0,
            "용적률점수":"--",
            "건폐율점수":"--",
            "세대당주차수":0,
            "난방방식":30,
            "공급면적":"--",
            "전용률":"--",
            "욕실수":50,
            "현관타입":100,
            "주거총점":18.0,
            "지역구공급총점":0.0,
            "역세권":"NA",
            "30분내 이동가능 거점":"NA",
            "1시간내 이동가능 거점":"NA",
            "교통총점":"NA",
            "백화점":0,
            "아울렛몰":0,
            "대형마트":80,
            "은행":0,
            "병원":10,
            "종합병원":0,
            "공원":100,
            "혐오시설":0,
            "인프라총점":16.0,
            "초등학군":90.03,
            "중학군":34.2,
            "학군총점":45.366,
            "인구수":25.17,
            "인구증감":-123.98,
            "인구총점":-19.575,
            "일자리":13.6,
            "소득수준":82.32,
            "일자리총점":34.216,
            "가치 총점":24.0415,
            "매매실거래년":20210714.0,
            "매매실거래가":8800.0,
            "전세실거래년":null,
            "전세실거래가":null,
            "전세가율":null,
            "장기전세가율평균":62.02,
            "전세가율거품지수":null,
            "검색코드":15738,
            "세대수":120.0,
            "준공년월":"1994-08-02",
            "준공년차":29.0,
            "가까운역이름":"NA",
            "가까운역거리":"NA",
            "역세권여부":"NA",
            "30분이내주요거점역":"NA",
            "30분거점역이름":"NA",
            "1시간이내주요거점역":"NA",
            "1시간거점역이름":"NA",
            "3km이내백화점수":0,
            "5km이내아울렛몰수":0,
            "1km이내대형먀트수":1,
            "500m이내은행수":0,
            "500m이내병원수":3,
            "5km이내대형병원수":0,
            "500m이내공원수":2,
            "3km이내혐오시설수":0,
            "초등학교학업성취도":90.03,
            "중학교학업성취도":57.0,
            "용적률":236,
            "건폐율":22,
            "Y":35.33872,
            "X":128.70833,
            "rank":55.0,
            "area_info":"21평(70.5), 21평(71.41), 21평(71.83), 21평(71.82), 31평(102.94), 31평(103.9)",
            "last_sales":"2021-07-14,8800.0,31평(103.9)",
            "rank_history":[
                [
                    "202202",
                    55
                ],
                [
                    "202201",
                    56
                ]
            ],
            "rank_gap":1
        },
        {
            "index":118,
            "아파트명":"신한2차",
            "투자타입":"일반",
            "전용면적(m2)":"82.82",
            "전용면적(평)":"25평",
            "법정동주소":"경상남도 창원시 의창구 북면 신촌리 960-1",
            "도로명주소":"경상남도 창원시 의창구 천주로 1103",
            "세대수":0,
            "입주년차":0,
            "용적률점수":"--",
            "건폐율점수":"--",
            "세대당주차수":0,
            "난방방식":30,
            "공급면적":"--",
            "전용률":"--",
            "욕실수":50,
            "현관타입":10,
            "주거총점":9.0,
            "지역구공급총점":0.0,
            "역세권":"NA",
            "30분내 이동가능 거점":"NA",
            "1시간내 이동가능 거점":"NA",
            "교통총점":"NA",
            "백화점":0,
            "아울렛몰":0,
            "대형마트":80,
            "은행":0,
            "병원":10,
            "종합병원":0,
            "공원":80,
            "혐오시설":0,
            "인프라총점":15.4,
            "초등학군":90.03,
            "중학군":45.6,
            "학군총점":54.486,
            "인구수":25.17,
            "인구증감":-123.98,
            "인구총점":-19.575,
            "일자리":13.6,
            "소득수준":82.32,
            "일자리총점":34.216,
            "가치 총점":22.9315,
            "매매실거래년":20220117.0,
            "매매실거래가":6500.0,
            "전세실거래년":20211019.0,
            "전세실거래가":5000.0,
            "전세가율":76.92,
            "장기전세가율평균":62.02,
            "전세가율거품지수":-14.9,
            "검색코드":16807,
            "세대수":146.0,
            "준공년월":"1998-09-12",
            "준공년차":25.0,
            "가까운역이름":"NA",
            "가까운역거리":"NA",
            "역세권여부":"NA",
            "30분이내주요거점역":"NA",
            "30분거점역이름":"NA",
            "1시간이내주요거점역":"NA",
            "1시간거점역이름":"NA",
            "3km이내백화점수":0,
            "5km이내아울렛몰수":0,
            "1km이내대형먀트수":1,
            "500m이내은행수":0,
            "500m이내병원수":4,
            "5km이내대형병원수":0,
            "500m이내공원수":1,
            "3km이내혐오시설수":0,
            "초등학교학업성취도":90.03,
            "중학교학업성취도":76.0,
            "용적률":326,
            "건폐율":27,
            "Y":35.348628,
            "X":128.606883,
            "rank":56.0,
            "area_info":"25평(82.82), 30평(100.13)",
            "last_sales":"2022-01-17,6500.0,25평(82.82)",
            "rank_history":[
                [
                    "202202",
                    56
                ],
                [
                    "202201",
                    55
                ]
            ],
            "rank_gap":-1
        },
        {
            "index":183,
            "아파트명":"춘광2차",
            "투자타입":"일반",
            "전용면적(m2)":"51.78",
            "전용면적(평)":"15평",
            "법정동주소":"경상남도 창원시 의창구 북면 신촌리 905-24",
            "도로명주소":"경상남도 창원시 의창구 신촌본포로 12-13",
            "세대수":0,
            "입주년차":0,
            "용적률점수":"--",
            "건폐율점수":"--",
            "세대당주차수":0,
            "난방방식":30,
            "공급면적":"--",
            "전용률":"--",
            "욕실수":50,
            "현관타입":10,
            "주거총점":9.0,
            "지역구공급총점":0.0,
            "역세권":"NA",
            "30분내 이동가능 거점":"NA",
            "1시간내 이동가능 거점":"NA",
            "교통총점":"NA",
            "백화점":0,
            "아울렛몰":0,
            "대형마트":80,
            "은행":0,
            "병원":10,
            "종합병원":0,
            "공원":80,
            "혐오시설":0,
            "인프라총점":15.4,
            "초등학군":90.03,
            "중학군":45.6,
            "학군총점":54.486,
            "인구수":25.17,
            "인구증감":-123.98,
            "인구총점":-19.575,
            "일자리":13.6,
            "소득수준":82.32,
            "일자리총점":34.216,
            "가치 총점":22.9315,
            "매매실거래년":20211023.0,
            "매매실거래가":5800.0,
            "전세실거래년":20181010.0,
            "전세실거래가":3000.0,
            "전세가율":61.22,
            "장기전세가율평균":62.02,
            "전세가율거품지수":0.8,
            "검색코드":7764,
            "세대수":218.0,
            "준공년월":"1995-12-01",
            "준공년차":28.0,
            "가까운역이름":"NA",
            "가까운역거리":"NA",
            "역세권여부":"NA",
            "30분이내주요거점역":"NA",
            "30분거점역이름":"NA",
            "1시간이내주요거점역":"NA",
            "1시간거점역이름":"NA",
            "3km이내백화점수":0,
            "5km이내아울렛몰수":0,
            "1km이내대형먀트수":1,
            "500m이내은행수":0,
            "500m이내병원수":4,
            "5km이내대형병원수":0,
            "500m이내공원수":1,
            "3km이내혐오시설수":0,
            "초등학교학업성취도":90.03,
            "중학교학업성취도":76.0,
            "용적률":0,
            "건폐율":0,
            "Y":35.347237,
            "X":128.609337,
            "rank":56.0,
            "area_info":"15평(51.78), 23평(76.1), 23평(78.58)",
            "last_sales":"2021-10-23,5800.0,23평(78.58)",
            "rank_history":[
                [
                    "202202",
                    56
                ],
                [
                    "202201",
                    55
                ]
            ],
            "rank_gap":-1
        },
        {
            "index":27,
            "아파트명":"동부산훼미리타운2차",
            "투자타입":"일반",
            "전용면적(m2)":"53.62",
            "전용면적(평)":"16평",
            "법정동주소":"경상남도 창원시 의창구 동읍 송정리 23-1",
            "도로명주소":"경상남도 창원시 의창구 용정길32번길 14",
            "세대수":0,
            "입주년차":0,
            "용적률점수":"--",
            "건폐율점수":"--",
            "세대당주차수":0,
            "난방방식":30,
            "공급면적":"--",
            "전용률":"--",
            "욕실수":50,
            "현관타입":100,
            "주거총점":18.0,
            "지역구공급총점":0.0,
            "역세권":"NA",
            "30분내 이동가능 거점":"NA",
            "1시간내 이동가능 거점":"NA",
            "교통총점":"NA",
            "백화점":0,
            "아울렛몰":0,
            "대형마트":0,
            "은행":0,
            "병원":10,
            "종합병원":0,
            "공원":0,
            "혐오시설":0,
            "인프라총점":1.0,
            "초등학군":90.01,
            "중학군":43.46,
            "학군총점":52.77,
            "인구수":25.17,
            "인구증감":-123.98,
            "인구총점":-19.575,
            "일자리":13.6,
            "소득수준":82.32,
            "일자리총점":34.216,
            "가치 총점":19.8925,
            "매매실거래년":20220125.0,
            "매매실거래가":6500.0,
            "전세실거래년":20161219.0,
            "전세실거래가":6000.0,
            "전세가율":92.31,
            "장기전세가율평균":62.02,
            "전세가율거품지수":-30.29,
            "검색코드":15754,
            "세대수":148.0,
            "준공년월":"1998-10-24",
            "준공년차":25.0,
            "가까운역이름":"NA",
            "가까운역거리":"NA",
            "역세권여부":"NA",
            "30분이내주요거점역":"NA",
            "30분거점역이름":"NA",
            "1시간이내주요거점역":"NA",
            "1시간거점역이름":"NA",
            "3km이내백화점수":0,
            "5km이내아울렛몰수":0,
            "1km이내대형먀트수":0,
            "500m이내은행수":0,
            "500m이내병원수":2,
            "5km이내대형병원수":0,
            "500m이내공원수":0,
            "3km이내혐오시설수":0,
            "초등학교학업성취도":90.01,
            "중학교학업성취도":72.1,
            "용적률":253,
            "건폐율":21,
            "Y":35.277349,
            "X":128.702841,
            "rank":57.0,
            "area_info":"16평(53.62), 24평(80.31), 27평(91.66), 38평(126.29), 44평(145.67)",
            "last_sales":"2022-01-25,6500.0,16평(53.62)",
            "rank_history":[
                [
                    "202202",
                    57
                ],
                [
                    "202201",
                    57
                ]
            ],
            "rank_gap":0
        },
        {
            "index":43,
            "아파트명":"성진3차",
            "투자타입":"일반",
            "전용면적(m2)":"63.81",
            "전용면적(평)":"19평",
            "법정동주소":"경상남도 창원시 의창구 동읍 용정리 20-9",
            "도로명주소":"경상남도 창원시 의창구 용정길46번길 49-1",
            "세대수":0,
            "입주년차":0,
            "용적률점수":"--",
            "건폐율점수":"--",
            "세대당주차수":0,
            "난방방식":30,
            "공급면적":"--",
            "전용률":"--",
            "욕실수":50,
            "현관타입":100,
            "주거총점":18.0,
            "지역구공급총점":0.0,
            "역세권":"NA",
            "30분내 이동가능 거점":"NA",
            "1시간내 이동가능 거점":"NA",
            "교통총점":"NA",
            "백화점":0,
            "아울렛몰":0,
            "대형마트":0,
            "은행":0,
            "병원":10,
            "종합병원":0,
            "공원":0,
            "혐오시설":0,
            "인프라총점":1.0,
            "초등학군":90.01,
            "중학군":43.46,
            "학군총점":52.77,
            "인구수":25.17,
            "인구증감":-123.98,
            "인구총점":-19.575,
            "일자리":13.6,
            "소득수준":82.32,
            "일자리총점":34.216,
            "가치 총점":19.8925,
            "매매실거래년":20211029.0,
            "매매실거래가":10900.0,
            "전세실거래년":20201124.0,
            "전세실거래가":6000.0,
            "전세가율":101.69,
            "장기전세가율평균":62.02,
            "전세가율거품지수":-39.67,
            "검색코드":16800,
            "세대수":165.0,
            "준공년월":"1995-09-18",
            "준공년차":28.0,
            "가까운역이름":"NA",
            "가까운역거리":"NA",
            "역세권여부":"NA",
            "30분이내주요거점역":"NA",
            "30분거점역이름":"NA",
            "1시간이내주요거점역":"NA",
            "1시간거점역이름":"NA",
            "3km이내백화점수":0,
            "5km이내아울렛몰수":0,
            "1km이내대형먀트수":0,
            "500m이내은행수":0,
            "500m이내병원수":2,
            "5km이내대형병원수":0,
            "500m이내공원수":0,
            "3km이내혐오시설수":0,
            "초등학교학업성취도":90.01,
            "중학교학업성취도":72.1,
            "용적률":751,
            "건폐율":75,
            "Y":35.274815,
            "X":128.706051,
            "rank":57.0,
            "area_info":"19평(63.81), 20평(68.44), 24평(79.38), 29평(96.91)",
            "last_sales":"2021-10-29,10900.0,29평(96.91)",
            "rank_history":[
                [
                    "202202",
                    57
                ],
                [
                    "202201",
                    57
                ]
            ],
            "rank_gap":0
        },
        {
            "index":32,
            "아파트명":"동부산훼미리타운5차",
            "투자타입":"일반",
            "전용면적(m2)":"65.67",
            "전용면적(평)":"19평",
            "법정동주소":"경상남도 창원시 의창구 동읍 용정리 21-7",
            "도로명주소":"경상남도 창원시 의창구 용정길46번길 24",
            "세대수":0,
            "입주년차":20,
            "용적률점수":"--",
            "건폐율점수":"--",
            "세대당주차수":0,
            "난방방식":30,
            "공급면적":"--",
            "전용률":"--",
            "욕실수":50,
            "현관타입":10,
            "주거총점":13.0,
            "지역구공급총점":0.0,
            "역세권":"NA",
            "30분내 이동가능 거점":"NA",
            "1시간내 이동가능 거점":"NA",
            "교통총점":"NA",
            "백화점":0,
            "아울렛몰":0,
            "대형마트":0,
            "은행":0,
            "병원":10,
            "종합병원":0,
            "공원":0,
            "혐오시설":0,
            "인프라총점":1.0,
            "초등학군":90.01,
            "중학군":43.46,
            "학군총점":52.77,
            "인구수":25.17,
            "인구증감":-123.98,
            "인구총점":-19.575,
            "일자리":13.6,
            "소득수준":82.32,
            "일자리총점":34.216,
            "가치 총점":18.1425,
            "매매실거래년":20211111.0,
            "매매실거래가":6000.0,
            "전세실거래년":20191114.0,
            "전세실거래가":4000.0,
            "전세가율":66.67,
            "장기전세가율평균":62.02,
            "전세가율거품지수":-4.65,
            "검색코드":15761,
            "세대수":172.0,
            "준공년월":"2000-04-28",
            "준공년차":23.0,
            "가까운역이름":"NA",
            "가까운역거리":"NA",
            "역세권여부":"NA",
            "30분이내주요거점역":"NA",
            "30분거점역이름":"NA",
            "1시간이내주요거점역":"NA",
            "1시간거점역이름":"NA",
            "3km이내백화점수":0,
            "5km이내아울렛몰수":0,
            "1km이내대형먀트수":0,
            "500m이내은행수":0,
            "500m이내병원수":2,
            "5km이내대형병원수":0,
            "500m이내공원수":0,
            "3km이내혐오시설수":0,
            "초등학교학업성취도":90.01,
            "중학교학업성취도":72.1,
            "용적률":232,
            "건폐율":26,
            "Y":35.276339,
            "X":128.704371,
            "rank":58.0,
            "area_info":"19평(65.67), 23평(77.73)",
            "last_sales":"2021-11-11,6000.0,19평(65.67)",
            "rank_history":[
                [
                    "202202",
                    58
                ],
                [
                    "202201",
                    58
                ]
            ],
            "rank_gap":0
        },
        {
            "index":61,
            "아파트명":"우성전원",
            "투자타입":"재건축",
            "전용면적(m2)":"65.62",
            "전용면적(평)":"19평",
            "법정동주소":"경상남도 창원시 의창구 동읍 무성리 152",
            "도로명주소":"경상남도 창원시 의창구 무성길47번길 9",
            "세대수":0,
            "입주년차":"--",
            "용적률점수":0,
            "건폐율점수":0,
            "세대당주차수":"--",
            "난방방식":"--",
            "공급면적":50,
            "전용률":100,
            "욕실수":"--",
            "현관타입":"--",
            "주거총점":7.5,
            "지역구공급총점":0.0,
            "역세권":"NA",
            "30분내 이동가능 거점":"NA",
            "1시간내 이동가능 거점":"NA",
            "교통총점":"NA",
            "백화점":0,
            "아울렛몰":0,
            "대형마트":0,
            "은행":0,
            "병원":0,
            "종합병원":0,
            "공원":80,
            "혐오시설":0,
            "인프라총점":2.4,
            "초등학군":90.0,
            "중학군":43.46,
            "학군총점":52.768,
            "인구수":25.17,
            "인구증감":-123.98,
            "인구총점":-19.575,
            "일자리":13.6,
            "소득수준":82.32,
            "일자리총점":34.216,
            "가치 총점":16.777,
            "매매실거래년":20200601.0,
            "매매실거래가":4900.0,
            "전세실거래년":null,
            "전세실거래가":null,
            "전세가율":null,
            "장기전세가율평균":62.02,
            "전세가율거품지수":null,
            "검색코드":7720,
            "세대수":220.0,
            "준공년월":"1991-12-26",
            "준공년차":32.0,
            "가까운역이름":"NA",
            "가까운역거리":"NA",
            "역세권여부":"NA",
            "30분이내주요거점역":"NA",
            "30분거점역이름":"NA",
            "1시간이내주요거점역":"NA",
            "1시간거점역이름":"NA",
            "3km이내백화점수":0,
            "5km이내아울렛몰수":0,
            "1km이내대형먀트수":0,
            "500m이내은행수":0,
            "500m이내병원수":0,
            "5km이내대형병원수":0,
            "500m이내공원수":1,
            "3km이내혐오시설수":0,
            "초등학교학업성취도":90.0,
            "중학교학업성취도":72.1,
            "용적률":0,
            "건폐율":0,
            "Y":35.289301,
            "X":128.698272,
            "rank":59.0,
            "area_info":"19평(65.62), 21평(72.62), 22평(75.8), 24평(81.68), 25평(85.56), 26평(86.63), 26평(87.4), 28평(93.67)",
            "last_sales":"2020-06-01,4900.0,28평(93.67)",
            "rank_history":[
                [
                    "202202",
                    59
                ],
                [
                    "202201",
                    59
                ]
            ],
            "rank_gap":0
        },
        {
            "index":52,
            "아파트명":"성진까치빌라트5차",
            "투자타입":"일반",
            "전용면적(m2)":"69.33",
            "전용면적(평)":"20평",
            "법정동주소":"경상남도 창원시 의창구 동읍 용정리 20-13",
            "도로명주소":"경상남도 창원시 의창구 용정길46번길 53",
            "세대수":0,
            "입주년차":0,
            "용적률점수":"--",
            "건폐율점수":"--",
            "세대당주차수":0,
            "난방방식":30,
            "공급면적":"--",
            "전용률":"--",
            "욕실수":50,
            "현관타입":10,
            "주거총점":9.0,
            "지역구공급총점":0.0,
            "역세권":"NA",
            "30분내 이동가능 거점":"NA",
            "1시간내 이동가능 거점":"NA",
            "교통총점":"NA",
            "백화점":0,
            "아울렛몰":0,
            "대형마트":0,
            "은행":0,
            "병원":10,
            "종합병원":0,
            "공원":0,
            "혐오시설":0,
            "인프라총점":1.0,
            "초등학군":90.01,
            "중학군":43.46,
            "학군총점":52.77,
            "인구수":25.17,
            "인구증감":-123.98,
            "인구총점":-19.575,
            "일자리":13.6,
            "소득수준":82.32,
            "일자리총점":34.216,
            "가치 총점":16.7425,
            "매매실거래년":20210313.0,
            "매매실거래가":9000.0,
            "전세실거래년":20210430.0,
            "전세실거래가":5500.0,
            "전세가율":96.49,
            "장기전세가율평균":62.02,
            "전세가율거품지수":-34.47,
            "검색코드":15769,
            "세대수":180.0,
            "준공년월":"1997-12-31",
            "준공년차":26.0,
            "가까운역이름":"NA",
            "가까운역거리":"NA",
            "역세권여부":"NA",
            "30분이내주요거점역":"NA",
            "30분거점역이름":"NA",
            "1시간이내주요거점역":"NA",
            "1시간거점역이름":"NA",
            "3km이내백화점수":0,
            "5km이내아울렛몰수":0,
            "1km이내대형먀트수":0,
            "500m이내은행수":0,
            "500m이내병원수":2,
            "5km이내대형병원수":0,
            "500m이내공원수":0,
            "3km이내혐오시설수":0,
            "초등학교학업성취도":90.01,
            "중학교학업성취도":72.1,
            "용적률":0,
            "건폐율":0,
            "Y":35.274004,
            "X":128.706099,
            "rank":60.0,
            "area_info":"20평(69.33), 20평(69.35), 21평(71.81), 28평(93.35), 28평(95.42)",
            "last_sales":"2021-03-13,9000.0,28평(95.42)",
            "rank_history":[
                [
                    "202202",
                    60
                ],
                [
                    "202201",
                    60
                ]
            ],
            "rank_gap":0
        },
        {
            "index":24,
            "아파트명":"동부산훼미리타운1차",
            "투자타입":"일반",
            "전용면적(m2)":"70.48",
            "전용면적(평)":"21평",
            "법정동주소":"경상남도 창원시 의창구 동읍 용정리 20-1",
            "도로명주소":"경상남도 창원시 의창구 용정길46번길 29",
            "세대수":0,
            "입주년차":0,
            "용적률점수":"--",
            "건폐율점수":"--",
            "세대당주차수":0,
            "난방방식":30,
            "공급면적":"--",
            "전용률":"--",
            "욕실수":50,
            "현관타입":10,
            "주거총점":9.0,
            "지역구공급총점":0.0,
            "역세권":"NA",
            "30분내 이동가능 거점":"NA",
            "1시간내 이동가능 거점":"NA",
            "교통총점":"NA",
            "백화점":0,
            "아울렛몰":0,
            "대형마트":0,
            "은행":0,
            "병원":10,
            "종합병원":0,
            "공원":0,
            "혐오시설":0,
            "인프라총점":1.0,
            "초등학군":90.01,
            "중학군":43.46,
            "학군총점":52.77,
            "인구수":25.17,
            "인구증감":-123.98,
            "인구총점":-19.575,
            "일자리":13.6,
            "소득수준":82.32,
            "일자리총점":34.216,
            "가치 총점":16.7425,
            "매매실거래년":20211103.0,
            "매매실거래가":6800.0,
            "전세실거래년":20200212.0,
            "전세실거래가":7000.0,
            "전세가율":102.94,
            "장기전세가율평균":62.02,
            "전세가율거품지수":-40.92,
            "검색코드":15753,
            "세대수":133.0,
            "준공년월":"1997-12-31",
            "준공년차":26.0,
            "가까운역이름":"NA",
            "가까운역거리":"NA",
            "역세권여부":"NA",
            "30분이내주요거점역":"NA",
            "30분거점역이름":"NA",
            "1시간이내주요거점역":"NA",
            "1시간거점역이름":"NA",
            "3km이내백화점수":0,
            "5km이내아울렛몰수":0,
            "1km이내대형먀트수":0,
            "500m이내은행수":0,
            "500m이내병원수":2,
            "5km이내대형병원수":0,
            "500m이내공원수":0,
            "3km이내혐오시설수":0,
            "초등학교학업성취도":90.01,
            "중학교학업성취도":72.1,
            "용적률":383,
            "건폐율":34,
            "Y":35.2761,
            "X":128.70536,
            "rank":60.0,
            "area_info":"21평(70.48), 21평(70.88), 23평(79.18)",
            "last_sales":"2021-11-03,6800.0,21평(70.48)",
            "rank_history":[
                [
                    "202202",
                    60
                ],
                [
                    "202201",
                    60
                ]
            ],
            "rank_gap":0
        },
        {
            "index":50,
            "아파트명":"성진까치빌라트2차",
            "투자타입":"일반",
            "전용면적(m2)":"86.39",
            "전용면적(평)":"26평",
            "법정동주소":"경상남도 창원시 의창구 동읍 용정리 20-3",
            "도로명주소":"경상남도 창원시 의창구 용정길46번길 35",
            "세대수":0,
            "입주년차":0,
            "용적률점수":"--",
            "건폐율점수":"--",
            "세대당주차수":0,
            "난방방식":30,
            "공급면적":"--",
            "전용률":"--",
            "욕실수":50,
            "현관타입":10,
            "주거총점":9.0,
            "지역구공급총점":0.0,
            "역세권":"NA",
            "30분내 이동가능 거점":"NA",
            "1시간내 이동가능 거점":"NA",
            "교통총점":"NA",
            "백화점":0,
            "아울렛몰":0,
            "대형마트":0,
            "은행":0,
            "병원":10,
            "종합병원":0,
            "공원":0,
            "혐오시설":0,
            "인프라총점":1.0,
            "초등학군":90.01,
            "중학군":43.46,
            "학군총점":52.77,
            "인구수":25.17,
            "인구증감":-123.98,
            "인구총점":-19.575,
            "일자리":13.6,
            "소득수준":82.32,
            "일자리총점":34.216,
            "가치 총점":16.7425,
            "매매실거래년":20210521.0,
            "매매실거래가":7500.0,
            "전세실거래년":20211201.0,
            "전세실거래가":5000.0,
            "전세가율":94.34,
            "장기전세가율평균":62.02,
            "전세가율거품지수":-32.32,
            "검색코드":16798,
            "세대수":131.0,
            "준공년월":"1993-12-30",
            "준공년차":30.0,
            "가까운역이름":"NA",
            "가까운역거리":"NA",
            "역세권여부":"NA",
            "30분이내주요거점역":"NA",
            "30분거점역이름":"NA",
            "1시간이내주요거점역":"NA",
            "1시간거점역이름":"NA",
            "3km이내백화점수":0,
            "5km이내아울렛몰수":0,
            "1km이내대형먀트수":0,
            "500m이내은행수":0,
            "500m이내병원수":2,
            "5km이내대형병원수":0,
            "500m이내공원수":0,
            "3km이내혐오시설수":0,
            "초등학교학업성취도":90.01,
            "중학교학업성취도":72.1,
            "용적률":387,
            "건폐율":37,
            "Y":35.27553,
            "X":128.705606,
            "rank":60.0,
            "area_info":"26평(86.39), 33평(111.43)",
            "last_sales":"2021-05-21,7500.0,33평(111.43)",
            "rank_history":[
                [
                    "202202",
                    60
                ],
                [
                    "202201",
                    60
                ]
            ],
            "rank_gap":0
        }
    ]
}