{
    "schema":{
        "fields":[
            {
                "name":"index",
                "type":"integer"
            },
            {
                "name":"아파트명",
                "type":"string"
            },
            {
                "name":"투자타입",
                "type":"string"
            },
            {
                "name":"전용면적(m2)",
                "type":"string"
            },
            {
                "name":"전용면적(평)",
                "type":"string"
            },
            {
                "name":"법정동주소",
                "type":"string"
            },
            {
                "name":"도로명주소",
                "type":"string"
            },
            {
                "name":"세대수",
                "type":"integer"
            },
            {
                "name":"입주년차",
                "type":"string"
            },
            {
                "name":"용적률점수",
                "type":"string"
            },
            {
                "name":"건폐율점수",
                "type":"string"
            },
            {
                "name":"세대당주차수",
                "type":"string"
            },
            {
                "name":"난방방식",
                "type":"string"
            },
            {
                "name":"공급면적",
                "type":"string"
            },
            {
                "name":"전용률",
                "type":"string"
            },
            {
                "name":"욕실수",
                "type":"string"
            },
            {
                "name":"현관타입",
                "type":"string"
            },
            {
                "name":"주거총점",
                "type":"number"
            },
            {
                "name":"지역구공급총점",
                "type":"number"
            },
            {
                "name":"역세권",
                "type":"string"
            },
            {
                "name":"30분내 이동가능 거점",
                "type":"string"
            },
            {
                "name":"1시간내 이동가능 거점",
                "type":"string"
            },
            {
                "name":"교통총점",
                "type":"string"
            },
            {
                "name":"백화점",
                "type":"integer"
            },
            {
                "name":"아울렛몰",
                "type":"integer"
            },
            {
                "name":"대형마트",
                "type":"integer"
            },
            {
                "name":"은행",
                "type":"integer"
            },
            {
                "name":"병원",
                "type":"integer"
            },
            {
                "name":"종합병원",
                "type":"integer"
            },
            {
                "name":"공원",
                "type":"integer"
            },
            {
                "name":"혐오시설",
                "type":"integer"
            },
            {
                "name":"인프라총점",
                "type":"number"
            },
            {
                "name":"초등학군",
                "type":"number"
            },
            {
                "name":"중학군",
                "type":"number"
            },
            {
                "name":"학군총점",
                "type":"number"
            },
            {
                "name":"인구수",
                "type":"number"
            },
            {
                "name":"인구증감",
                "type":"number"
            },
            {
                "name":"인구총점",
                "type":"number"
            },
            {
                "name":"일자리",
                "type":"number"
            },
            {
                "name":"소득수준",
                "type":"number"
            },
            {
                "name":"일자리총점",
                "type":"number"
            },
            {
                "name":"가치 총점",
                "type":"number"
            },
            {
                "name":"매매실거래년",
                "type":"string"
            },
            {
                "name":"매매실거래가",
                "type":"number"
            },
            {
                "name":"전세실거래년",
                "type":"number"
            },
            {
                "name":"전세실거래가",
                "type":"number"
            },
            {
                "name":"전세가율",
                "type":"number"
            },
            {
                "name":"장기전세가율평균",
                "type":"number"
            },
            {
                "name":"전세가율거품지수",
                "type":"number"
            },
            {
                "name":"검색코드",
                "type":"integer"
            },
            {
                "name":"세대수",
                "type":"number"
            },
            {
                "name":"준공년월",
                "type":"string"
            },
            {
                "name":"준공년차",
                "type":"number"
            },
            {
                "name":"가까운역이름",
                "type":"string"
            },
            {
                "name":"가까운역거리",
                "type":"string"
            },
            {
                "name":"역세권여부",
                "type":"string"
            },
            {
                "name":"30분이내주요거점역",
                "type":"string"
            },
            {
                "name":"30분거점역이름",
                "type":"string"
            },
            {
                "name":"1시간이내주요거점역",
                "type":"string"
            },
            {
                "name":"1시간거점역이름",
                "type":"string"
            },
            {
                "name":"3km이내백화점수",
                "type":"integer"
            },
            {
                "name":"5km이내아울렛몰수",
                "type":"integer"
            },
            {
                "name":"1km이내대형먀트수",
                "type":"integer"
            },
            {
                "name":"500m이내은행수",
                "type":"integer"
            },
            {
                "name":"500m이내병원수",
                "type":"integer"
            },
            {
                "name":"5km이내대형병원수",
                "type":"integer"
            },
            {
                "name":"500m이내공원수",
                "type":"integer"
            },
            {
                "name":"3km이내혐오시설수",
                "type":"integer"
            },
            {
                "name":"초등학교학업성취도",
                "type":"number"
            },
            {
                "name":"중학교학업성취도",
                "type":"number"
            },
            {
                "name":"용적률",
                "type":"integer"
            },
            {
                "name":"건폐율",
                "type":"integer"
            },
            {
                "name":"Y",
                "type":"number"
            },
            {
                "name":"X",
                "type":"number"
            },
            {
                "name":"rank",
                "type":"number"
            },
            {
                "name":"area_info",
                "type":"string"
            },
            {
                "name":"last_sales",
                "type":"string"
            },
            {
                "name":"rank_history",
                "type":"string"
            },
            {
                "name":"rank_gap",
                "type":"integer"
            }
        ],
        "primaryKey":[
            "index"
        ],
        "pandas_version":"1.4.0"
    },
    "data":[
        {
            "index":93,
            "아파트명":"주공",
            "투자타입":"재건축",
            "전용면적(m2)":"42.4",
            "전용면적(평)":"12평",
            "법정동주소":"경상남도 창원시 진해구 석동 90-1",
            "도로명주소":"경상남도 창원시 진해구 냉천로 52",
            "세대수":80,
            "입주년차":"--",
            "용적률점수":100,
            "건폐율점수":80,
            "세대당주차수":"--",
            "난방방식":"--",
            "공급면적":50,
            "전용률":60,
            "욕실수":"--",
            "현관타입":"--",
            "주거총점":85.5,
            "지역구공급총점":100.0,
            "역세권":"NA",
            "30분내 이동가능 거점":"NA",
            "1시간내 이동가능 거점":"NA",
            "교통총점":"NA",
            "백화점":0,
            "아울렛몰":0,
            "대형마트":100,
            "은행":0,
            "병원":60,
            "종합병원":80,
            "공원":100,
            "혐오시설":0,
            "인프라총점":40.0,
            "초등학군":90.02,
            "중학군":43.96,
            "학군총점":53.172,
            "인구수":20.68,
            "인구증감":-9.78,
            "인구총점":11.542,
            "일자리":11.71,
            "소득수준":82.32,
            "일자리총점":32.893,
            "가치 총점":59.218,
            "매매실거래년":20220125.0,
            "매매실거래가":11000.0,
            "전세실거래년":20220107.0,
            "전세실거래가":6500.0,
            "전세가율":63.11,
            "장기전세가율평균":70.66,
            "전세가율거품지수":7.55,
            "검색코드":7555,
            "세대수":750.0,
            "준공년월":"1991-11-19",
            "준공년차":32.0,
            "가까운역이름":"NA",
            "가까운역거리":"NA",
            "역세권여부":"NA",
            "30분이내주요거점역":"NA",
            "30분거점역이름":"NA",
            "1시간이내주요거점역":"NA",
            "1시간거점역이름":"NA",
            "3km이내백화점수":0,
            "5km이내아울렛몰수":0,
            "1km이내대형먀트수":2,
            "500m이내은행수":1,
            "500m이내병원수":18,
            "5km이내대형병원수":1,
            "500m이내공원수":5,
            "3km이내혐오시설수":0,
            "초등학교학업성취도":90.02,
            "중학교학업성취도":72.0,
            "용적률":97,
            "건폐율":20,
            "Y":35.151012,
            "X":128.703619,
            "rank":1.0,
            "area_info":"12평(42.4), 16평(54.8), 16평(55.4), 17평(57.87), 17평(58.23)",
            "last_sales":"2022-01-25,11000.0,17평(57.87)",
            "rank_history":[
                [
                    "202202",
                    1
                ],
                [
                    "202201",
                    1
                ]
            ],
            "rank_gap":0
        },
        {
            "index":2,
            "아파트명":"경화주공",
            "투자타입":"재건축",
            "전용면적(m2)":"37.38",
            "전용면적(평)":"11평",
            "법정동주소":"경상남도 창원시 진해구 경화동 859",
            "도로명주소":"경상남도 창원시 진해구 충장로345번길 50",
            "세대수":50,
            "입주년차":"--",
            "용적률점수":100,
            "건폐율점수":80,
            "세대당주차수":"--",
            "난방방식":"--",
            "공급면적":50,
            "전용률":80,
            "욕실수":"--",
            "현관타입":"--",
            "주거총점":77.5,
            "지역구공급총점":100.0,
            "역세권":"NA",
            "30분내 이동가능 거점":"NA",
            "1시간내 이동가능 거점":"NA",
            "교통총점":"NA",
            "백화점":0,
            "아울렛몰":0,
            "대형마트":100,
            "은행":0,
            "병원":30,
            "종합병원":100,
            "공원":100,
            "혐오시설":0,
            "인프라총점":41.0,
            "초등학군":89.99,
            "중학군":50.2,
            "학군총점":58.158,
            "인구수":20.68,
            "인구증감":-9.78,
            "인구총점":11.542,
            "일자리":11.71,
            "소득수준":82.32,
            "일자리총점":32.893,
            "가치 총점":58.0645,
            "매매실거래년":20220108.0,
            "매매실거래가":9900.0,
            "전세실거래년":20220108.0,
            "전세실거래가":4000.0,
            "전세가율":40.4,
            "장기전세가율평균":70.66,
            "전세가율거품지수":30.26,
            "검색코드":7551,
            "세대수":420.0,
            "준공년월":"1986-11-22",
            "준공년차":37.0,
            "가까운역이름":"NA",
            "가까운역거리":"NA",
            "역세권여부":"NA",
            "30분이내주요거점역":"NA",
            "30분거점역이름":"NA",
            "1시간이내주요거점역":"NA",
            "1시간거점역이름":"NA",
            "3km이내백화점수":0,
            "5km이내아울렛몰수":0,
            "1km이내대형먀트수":3,
            "500m이내은행수":0,
            "500m이내병원수":8,
            "5km이내대형병원수":2,
            "500m이내공원수":3,
            "3km이내혐오시설수":0,
            "초등학교학업성취도":89.99,
            "중학교학업성취도":81.0,
            "용적률":97,
            "건폐율":21,
            "Y":35.158273,
            "X":128.688732,
            "rank":2.0,
            "area_info":"11평(37.38), 13평(45.12)",
            "last_sales":"2022-01-08,9900.0,11평(37.38)",
            "rank_history":[
                [
                    "202202",
                    2
                ],
                [
                    "202201",
                    2
                ]
            ],
            "rank_gap":0
        },
        {
            "index":101,
            "아파트명":"진해석동우림필유",
            "투자타입":"일반",
            "전용면적(m2)":"111.56",
            "전용면적(평)":"33평",
            "법정동주소":"경상남도 창원시 진해구 석동 675",
            "도로명주소":"경상남도 창원시 진해구 해원로 45",
            "세대수":90,
            "입주년차":40,
            "용적률점수":"--",
            "건폐율점수":"--",
            "세대당주차수":60,
            "난방방식":30,
            "공급면적":"--",
            "전용률":"--",
            "욕실수":100,
            "현관타입":100,
            "주거총점":71.5,
            "지역구공급총점":100.0,
            "역세권":"NA",
            "30분내 이동가능 거점":"NA",
            "1시간내 이동가능 거점":"NA",
            "교통총점":"NA",
            "백화점":0,
            "아울렛몰":0,
            "대형마트":100,
            "은행":0,
            "병원":60,
            "종합병원":100,
            "공원":100,
            "혐오시설":0,
            "인프라총점":44.0,
            "초등학군":90.01,
            "중학군":43.96,
            "학군총점":53.17,
            "인구수":20.68,
            "인구증감":-9.78,
            "인구총점":11.542,
            "일자리":11.71,
            "소득수준":82.32,
            "일자리총점":32.893,
            "가치 총점":55.9175,
            "매매실거래년":20211130.0,
            "매매실거래가":57500.0,
            "전세실거래년":20220112.0,
            "전세실거래가":35000.0,
            "전세가율":83.33,
            "장기전세가율평균":70.66,
            "전세가율거품지수":-12.67,
            "검색코드":25487,
            "세대수":1192.0,
            "준공년월":"2008-03-31",
            "준공년차":15.0,
            "가까운역이름":"NA",
            "가까운역거리":"NA",
            "역세권여부":"NA",
            "30분이내주요거점역":"NA",
            "30분거점역이름":"NA",
            "1시간이내주요거점역":"NA",
            "1시간거점역이름":"NA",
            "3km이내백화점수":0,
            "5km이내아울렛몰수":0,
            "1km이내대형먀트수":3,
            "500m이내은행수":1,
            "500m이내병원수":21,
            "5km이내대형병원수":2,
            "500m이내공원수":2,
            "3km이내혐오시설수":0,
            "초등학교학업성취도":90.01,
            "중학교학업성취도":72.0,
            "용적률":159,
            "건폐율":19,
            "Y":35.156798,
            "X":128.695974,
            "rank":3.0,
            "area_info":"33평(111.56), 34평(112.46), 34평(113.52), 49평(163.67), 53평(175.81), 53평(177.26), 59평(195.46), 59평(196.43), 69평(228.88), 93평(307.51), 94평(313.78)",
            "last_sales":"2021-11-30,57500.0,59평(195.46)",
            "rank_history":[
                [
                    "202202",
                    3
                ],
                [
                    "202201",
                    3
                ]
            ],
            "rank_gap":0
        },
        {
            "index":267,
            "아파트명":"창원마린푸르지오1단지",
            "투자타입":"일반",
            "전용면적(m2)":"81.43",
            "전용면적(평)":"24평",
            "법정동주소":"경상남도 창원시 진해구 풍호동 305-8",
            "도로명주소":"경상남도 창원시 진해구 천자로 386",
            "세대수":100,
            "입주년차":80,
            "용적률점수":"--",
            "건폐율점수":"--",
            "세대당주차수":30,
            "난방방식":30,
            "공급면적":"--",
            "전용률":"--",
            "욕실수":100,
            "현관타입":100,
            "주거총점":78.5,
            "지역구공급총점":100.0,
            "역세권":"NA",
            "30분내 이동가능 거점":"NA",
            "1시간내 이동가능 거점":"NA",
            "교통총점":"NA",
            "백화점":0,
            "아울렛몰":0,
            "대형마트":0,
            "은행":70,
            "병원":60,
            "종합병원":80,
            "공원":100,
            "혐오시설":0,
            "인프라총점":32.0,
            "초등학군":90.0,
            "중학군":51.5,
            "학군총점":59.2,
            "인구수":20.68,
            "인구증감":-9.78,
            "인구총점":11.542,
            "일자리":11.71,
            "소득수준":82.32,
            "일자리총점":32.893,
            "가치 총점":55.075,
            "매매실거래년":20220104.0,
            "매매실거래가":48000.0,
            "전세실거래년":20211208.0,
            "전세실거래가":27000.0,
            "전세가율":80.12,
            "장기전세가율평균":70.66,
            "전세가율거품지수":-9.46,
            "검색코드":106560,
            "세대수":1822.0,
            "준공년월":"2015-10-23",
            "준공년차":8.0,
            "가까운역이름":"NA",
            "가까운역거리":"NA",
            "역세권여부":"NA",
            "30분이내주요거점역":"NA",
            "30분거점역이름":"NA",
            "1시간이내주요거점역":"NA",
            "1시간거점역이름":"NA",
            "3km이내백화점수":0,
            "5km이내아울렛몰수":0,
            "1km이내대형먀트수":0,
            "500m이내은행수":3,
            "500m이내병원수":11,
            "5km이내대형병원수":1,
            "500m이내공원수":2,
            "3km이내혐오시설수":0,
            "초등학교학업성취도":90.0,
            "중학교학업성취도":82.5,
            "용적률":214,
            "건폐율":15,
            "Y":35.133315,
            "X":128.707109,
            "rank":4.0,
            "area_info":"24평(81.43), 26평(89.06), 29평(97.97), 29평(98.25), 29평(98.72), 29평(98.1), 31평(104.26), 31평(104.73), 34평(113.82), 34평(113.31), 34평(114.0), 39평(129.25), 42평(142.13)",
            "last_sales":"2022-01-04,48000.0,34평(113.82)",
            "rank_history":[
                [
                    "202202",
                    4
                ],
                [
                    "202201",
                    4
                ]
            ],
            "rank_gap":0
        },
        {
            "index":112,
            "아파트명":"진해석동푸르지오",
            "투자타입":"일반",
            "전용면적(m2)":"116.86",
            "전용면적(평)":"35평",
            "법정동주소":"경상남도 창원시 진해구 석동 551-1",
            "도로명주소":"경상남도 창원시 진해구 진해대로 727",
            "세대수":50,
            "입주년차":40,
            "용적률점수":"--",
            "건폐율점수":"--",
            "세대당주차수":60,
            "난방방식":30,
            "공급면적":"--",
            "전용률":"--",
            "욕실수":100,
            "현관타입":100,
            "주거총점":57.5,
            "지역구공급총점":100.0,
            "역세권":"NA",
            "30분내 이동가능 거점":"NA",
            "1시간내 이동가능 거점":"NA",
            "교통총점":"NA",
            "백화점":0,
            "아울렛몰":0,
            "대형마트":100,
            "은행":0,
            "병원":30,
            "종합병원":100,
            "공원":100,
            "혐오시설":0,
            "인프라총점":41.0,
            "초등학군":90.01,
            "중학군":50.2,
            "학군총점":58.162,
            "인구수":20.68,
            "인구증감":-9.78,
            "인구총점":11.542,
            "일자리":11.71,
            "소득수준":82.32,
            "일자리총점":32.893,
            "가치 총점":51.0655,
            "매매실거래년":20211220.0,
            "매매실거래가":33700.0,
            "전세실거래년":20220123.0,
            "전세실거래가":28000.0,
            "전세가율":114.29,
            "장기전세가율평균":70.66,
            "전세가율거품지수":-43.63,
            "검색코드":19439,
            "세대수":647.0,
            "준공년월":"2006-08-31",
            "준공년차":17.0,
            "가까운역이름":"NA",
            "가까운역거리":"NA",
            "역세권여부":"NA",
            "30분이내주요거점역":"NA",
            "30분거점역이름":"NA",
            "1시간이내주요거점역":"NA",
            "1시간거점역이름":"NA",
            "3km이내백화점수":0,
            "5km이내아울렛몰수":0,
            "1km이내대형먀트수":3,
            "500m이내은행수":1,
            "500m이내병원수":8,
            "5km이내대형병원수":2,
            "500m이내공원수":2,
            "3km이내혐오시설수":0,
            "초등학교학업성취도":90.01,
            "중학교학업성취도":81.0,
            "용적률":215,
            "건폐율":23,
            "Y":35.160401,
            "X":128.696499,
            "rank":5.0,
            "area_info":"35평(116.86), 35평(116.86), 45평(149.08), 52평(172.06)",
            "last_sales":"2021-12-20,33700.0,45평(149.08)",
            "rank_history":[
                [
                    "202202",
                    5
                ],
                [
                    "202201",
                    5
                ]
            ],
            "rank_gap":0
        },
        {
            "index":6,
            "아파트명":"두산위브",
            "투자타입":"일반",
            "전용면적(m2)":"80.33",
            "전용면적(평)":"24평",
            "법정동주소":"경상남도 창원시 진해구 경화동 1334",
            "도로명주소":"경상남도 창원시 진해구 조천로 30",
            "세대수":50,
            "입주년차":80,
            "용적률점수":"--",
            "건폐율점수":"--",
            "세대당주차수":30,
            "난방방식":30,
            "공급면적":"--",
            "전용률":"--",
            "욕실수":100,
            "현관타입":100,
            "주거총점":61.0,
            "지역구공급총점":100.0,
            "역세권":"NA",
            "30분내 이동가능 거점":"NA",
            "1시간내 이동가능 거점":"NA",
            "교통총점":"NA",
            "백화점":0,
            "아울렛몰":0,
            "대형마트":80,
            "은행":0,
            "병원":10,
            "종합병원":100,
            "공원":100,
            "혐오시설":0,
            "인프라총점":36.0,
            "초등학군":89.99,
            "중학군":50.2,
            "학군총점":58.158,
            "인구수":20.68,
            "인구증감":-9.78,
            "인구총점":11.542,
            "일자리":11.71,
            "소득수준":82.32,
            "일자리총점":32.893,
            "가치 총점":50.2895,
            "매매실거래년":20220113.0,
            "매매실거래가":35500.0,
            "전세실거래년":20210427.0,
            "전세실거래가":20000.0,
            "전세가율":80.0,
            "장기전세가율평균":70.66,
            "전세가율거품지수":-9.34,
            "검색코드":116297,
            "세대수":462.0,
            "준공년월":"2017-02-17",
            "준공년차":6.0,
            "가까운역이름":"NA",
            "가까운역거리":"NA",
            "역세권여부":"NA",
            "30분이내주요거점역":"NA",
            "30분거점역이름":"NA",
            "1시간이내주요거점역":"NA",
            "1시간거점역이름":"NA",
            "3km이내백화점수":0,
            "5km이내아울렛몰수":0,
            "1km이내대형먀트수":1,
            "500m이내은행수":0,
            "500m이내병원수":2,
            "5km이내대형병원수":2,
            "500m이내공원수":4,
            "3km이내혐오시설수":0,
            "초등학교학업성취도":89.99,
            "중학교학업성취도":81.0,
            "용적률":201,
            "건폐율":21,
            "Y":35.160239,
            "X":128.685731,
            "rank":6.0,
            "area_info":"24평(80.33), 29평(98.57), 29평(98.2), 30평(99.42), 34평(112.78), 34평(112.56), 34평(113.19), 34평(113.18)",
            "last_sales":"2022-01-13,35500.0,30평(99.42)",
            "rank_history":[
                [
                    "202202",
                    6
                ],
                [
                    "202201",
                    7
                ]
            ],
            "rank_gap":1
        },
        {
            "index":156,
            "아파트명":"남흥",
            "투자타입":"재건축",
            "전용면적(m2)":"89.26",
            "전용면적(평)":"27평",
            "법정동주소":"경상남도 창원시 진해구 이동 418-1",
            "도로명주소":"경상남도 창원시 진해구 해원로 5",
            "세대수":0,
            "입주년차":"--",
            "용적률점수":100,
            "건폐율점수":60,
            "세대당주차수":"--",
            "난방방식":"--",
            "공급면적":70,
            "전용률":80,
            "욕실수":"--",
            "현관타입":"--",
            "주거총점":59.5,
            "지역구공급총점":100.0,
            "역세권":"NA",
            "30분내 이동가능 거점":"NA",
            "1시간내 이동가능 거점":"NA",
            "교통총점":"NA",
            "백화점":0,
            "아울렛몰":0,
            "대형마트":100,
            "은행":0,
            "병원":60,
            "종합병원":80,
            "공원":100,
            "혐오시설":0,
            "인프라총점":40.0,
            "초등학군":90.01,
            "중학군":43.96,
            "학군총점":53.17,
            "인구수":20.68,
            "인구증감":-9.78,
            "인구총점":11.542,
            "일자리":11.71,
            "소득수준":82.32,
            "일자리총점":32.893,
            "가치 총점":50.1175,
            "매매실거래년":20220103.0,
            "매매실거래가":13600.0,
            "전세실거래년":20220110.0,
            "전세실거래가":11000.0,
            "전세가율":80.88,
            "장기전세가율평균":70.66,
            "전세가율거품지수":-10.22,
            "검색코드":7568,
            "세대수":268.0,
            "준공년월":"1991-12-18",
            "준공년차":32.0,
            "가까운역이름":"NA",
            "가까운역거리":"NA",
            "역세권여부":"NA",
            "30분이내주요거점역":"NA",
            "30분거점역이름":"NA",
            "1시간이내주요거점역":"NA",
            "1시간거점역이름":"NA",
            "3km이내백화점수":0,
            "5km이내아울렛몰수":0,
            "1km이내대형먀트수":3,
            "500m이내은행수":1,
            "500m이내병원수":25,
            "5km이내대형병원수":1,
            "500m이내공원수":2,
            "3km이내혐오시설수":0,
            "초등학교학업성취도":90.01,
            "중학교학업성취도":72.0,
            "용적률":140,
            "건폐율":30,
            "Y":35.153825,
            "X":128.694863,
            "rank":7.0,
            "area_info":"27평(89.26), 29평(99.17), 44평(145.73)",
            "last_sales":"2022-01-03,13600.0,27평(89.26)",
            "rank_history":[
                [
                    "202202",
                    7
                ],
                [
                    "202201",
                    6
                ]
            ],
            "rank_gap":-1
        },
        {
            "index":218,
            "아파트명":"진해장천대동다숲",
            "투자타입":"일반",
            "전용면적(m2)":"85.77",
            "전용면적(평)":"25평",
            "법정동주소":"경상남도 창원시 진해구 장천동 119-12",
            "도로명주소":"경상남도 창원시 진해구 행암로 25",
            "세대수":90,
            "입주년차":40,
            "용적률점수":"--",
            "건폐율점수":"--",
            "세대당주차수":60,
            "난방방식":30,
            "공급면적":"--",
            "전용률":"--",
            "욕실수":100,
            "현관타입":100,
            "주거총점":71.5,
            "지역구공급총점":100.0,
            "역세권":"NA",
            "30분내 이동가능 거점":"NA",
            "1시간내 이동가능 거점":"NA",
            "교통총점":"NA",
            "백화점":0,
            "아울렛몰":0,
            "대형마트":0,
            "은행":20,
            "병원":60,
            "종합병원":80,
            "공원":80,
            "혐오시설":-50,
            "인프라총점":25.4,
            "초등학군":90.0,
            "중학군":51.5,
            "학군총점":59.2,
            "인구수":20.68,
            "인구증감":-9.78,
            "인구총점":11.542,
            "일자리":11.71,
            "소득수준":82.32,
            "일자리총점":32.893,
            "가치 총점":49.985,
            "매매실거래년":20220112.0,
            "매매실거래가":31000.0,
            "전세실거래년":20220123.0,
            "전세실거래가":21000.0,
            "전세가율":87.14,
            "장기전세가율평균":70.66,
            "전세가율거품지수":-16.48,
            "검색코드":22971,
            "세대수":1264.0,
            "준공년월":"2007-12-27",
            "준공년차":16.0,
            "가까운역이름":"NA",
            "가까운역거리":"NA",
            "역세권여부":"NA",
            "30분이내주요거점역":"NA",
            "30분거점역이름":"NA",
            "1시간이내주요거점역":"NA",
            "1시간거점역이름":"NA",
            "3km이내백화점수":0,
            "5km이내아울렛몰수":0,
            "1km이내대형먀트수":0,
            "500m이내은행수":2,
            "500m이내병원수":11,
            "5km이내대형병원수":1,
            "500m이내공원수":1,
            "3km이내혐오시설수":1,
            "초등학교학업성취도":90.0,
            "중학교학업성취도":82.5,
            "용적률":167,
            "건폐율":15,
            "Y":35.128495,
            "X":128.706684,
            "rank":8.0,
            "area_info":"25평(85.77), 33평(110.5), 33평(111.33), 35평(117.87), 47평(156.18), 55평(184.06), 64평(213.57), 79평(263.42)",
            "last_sales":"2022-01-12,31000.0,35평(117.87)",
            "rank_history":[
                [
                    "202202",
                    8
                ],
                [
                    "202201",
                    10
                ]
            ],
            "rank_gap":2
        },
        {
            "index":98,
            "아파트명":"진해GS자이",
            "투자타입":"일반",
            "전용면적(m2)":"115.42",
            "전용면적(평)":"34평",
            "법정동주소":"경상남도 창원시 진해구 석동 232",
            "도로명주소":"경상남도 창원시 진해구 동진로21번길 26",
            "세대수":50,
            "입주년차":40,
            "용적률점수":"--",
            "건폐율점수":"--",
            "세대당주차수":30,
            "난방방식":30,
            "공급면적":"--",
            "전용률":"--",
            "욕실수":100,
            "현관타입":100,
            "주거총점":53.0,
            "지역구공급총점":100.0,
            "역세권":"NA",
            "30분내 이동가능 거점":"NA",
            "1시간내 이동가능 거점":"NA",
            "교통총점":"NA",
            "백화점":0,
            "아울렛몰":0,
            "대형마트":100,
            "은행":0,
            "병원":60,
            "종합병원":100,
            "공원":100,
            "혐오시설":0,
            "인프라총점":44.0,
            "초등학군":90.02,
            "중학군":43.96,
            "학군총점":53.172,
            "인구수":20.68,
            "인구증감":-9.78,
            "인구총점":11.542,
            "일자리":11.71,
            "소득수준":82.32,
            "일자리총점":32.893,
            "가치 총점":49.443,
            "매매실거래년":20220111.0,
            "매매실거래가":30700.0,
            "전세실거래년":20211223.0,
            "전세실거래가":30000.0,
            "전세가율":97.72,
            "장기전세가율평균":70.66,
            "전세가율거품지수":-27.06,
            "검색코드":18816,
            "세대수":516.0,
            "준공년월":"2006-04-24",
            "준공년차":17.0,
            "가까운역이름":"NA",
            "가까운역거리":"NA",
            "역세권여부":"NA",
            "30분이내주요거점역":"NA",
            "30분거점역이름":"NA",
            "1시간이내주요거점역":"NA",
            "1시간거점역이름":"NA",
            "3km이내백화점수":0,
            "5km이내아울렛몰수":0,
            "1km이내대형먀트수":3,
            "500m이내은행수":1,
            "500m이내병원수":20,
            "5km이내대형병원수":2,
            "500m이내공원수":4,
            "3km이내혐오시설수":0,
            "초등학교학업성취도":90.02,
            "중학교학업성취도":72.0,
            "용적률":209,
            "건폐율":18,
            "Y":35.1562,
            "X":128.699745,
            "rank":9.0,
            "area_info":"34평(115.42), 47평(158.02), 59평(196.15)",
            "last_sales":"2022-01-11,30700.0,34평(115.42)",
            "rank_history":[
                [
                    "202202",
                    9
                ],
                [
                    "202201",
                    8
                ]
            ],
            "rank_gap":-1
        },
        {
            "index":159,
            "아파트명":"진해이동디에스아이존빌",
            "투자타입":"일반",
            "전용면적(m2)":"121.28",
            "전용면적(평)":"36평",
            "법정동주소":"경상남도 창원시 진해구 이동 445-2",
            "도로명주소":"경상남도 창원시 진해구 병암로 20",
            "세대수":30,
            "입주년차":40,
            "용적률점수":"--",
            "건폐율점수":"--",
            "세대당주차수":30,
            "난방방식":30,
            "공급면적":"--",
            "전용률":"--",
            "욕실수":100,
            "현관타입":100,
            "주거총점":46.0,
            "지역구공급총점":100.0,
            "역세권":"NA",
            "30분내 이동가능 거점":"NA",
            "1시간내 이동가능 거점":"NA",
            "교통총점":"NA",
            "백화점":0,
            "아울렛몰":0,
            "대형마트":100,
            "은행":20,
            "병원":60,
            "종합병원":100,
            "공원":100,
            "혐오시설":0,
            "인프라총점":46.0,
            "초등학군":90.01,
            "중학군":50.2,
            "학군총점":58.162,
            "인구수":20.68,
            "인구증감":-9.78,
            "인구총점":11.542,
            "일자리":11.71,
            "소득수준":82.32,
            "일자리총점":32.893,
            "가치 총점":49.0405,
            "매매실거래년":20220121.0,
            "매매실거래가":33950.0,
            "전세실거래년":20220121.0,
            "전세실거래가":30000.0,
            "전세가율":88.37,
            "장기전세가율평균":70.66,
            "전세가율거품지수":-17.71,
            "검색코드":26752,
            "세대수":328.0,
            "준공년월":"2008-10-31",
            "준공년차":15.0,
            "가까운역이름":"NA",
            "가까운역거리":"NA",
            "역세권여부":"NA",
            "30분이내주요거점역":"NA",
            "30분거점역이름":"NA",
            "1시간이내주요거점역":"NA",
            "1시간거점역이름":"NA",
            "3km이내백화점수":0,
            "5km이내아울렛몰수":0,
            "1km이내대형먀트수":3,
            "500m이내은행수":2,
            "500m이내병원수":26,
            "5km이내대형병원수":2,
            "500m이내공원수":2,
            "3km이내혐오시설수":0,
            "초등학교학업성취도":90.01,
            "중학교학업성취도":81.0,
            "용적률":203,
            "건폐율":30,
            "Y":35.155731,
            "X":128.693529,
            "rank":10.0,
            "area_info":"36평(121.28), 36평(122.13)",
            "last_sales":"2022-01-21,33950.0,36평(121.28)",
            "rank_history":[
                [
                    "202202",
                    10
                ],
                [
                    "202201",
                    9
                ]
            ],
            "rank_gap":-1
        },
        {
            "index":263,
            "아파트명":"주공",
            "투자타입":"재건축",
            "전용면적(m2)":"49.48",
            "전용면적(평)":"14평",
            "법정동주소":"경상남도 창원시 진해구 풍호동 744",
            "도로명주소":"경상남도 창원시 진해구 동진로 166",
            "세대수":30,
            "입주년차":"--",
            "용적률점수":100,
            "건폐율점수":80,
            "세대당주차수":"--",
            "난방방식":"--",
            "공급면적":50,
            "전용률":60,
            "욕실수":"--",
            "현관타입":"--",
            "주거총점":70.5,
            "지역구공급총점":100.0,
            "역세권":"NA",
            "30분내 이동가능 거점":"NA",
            "1시간내 이동가능 거점":"NA",
            "교통총점":"NA",
            "백화점":0,
            "아울렛몰":0,
            "대형마트":0,
            "은행":0,
            "병원":60,
            "종합병원":80,
            "공원":0,
            "혐오시설":0,
            "인프라총점":22.0,
            "초등학군":89.99,
            "중학군":51.5,
            "학군총점":59.198,
            "인구수":20.68,
            "인구증감":-9.78,
            "인구총점":11.542,
            "일자리":11.71,
            "소득수준":82.32,
            "일자리총점":32.893,
            "가치 총점":48.2745,
            "매매실거래년":20220125.0,
            "매매실거래가":8000.0,
            "전세실거래년":20211217.0,
            "전세실거래가":6000.0,
            "전세가율":75.0,
            "장기전세가율평균":70.66,
            "전세가율거품지수":-4.34,
            "검색코드":7593,
            "세대수":390.0,
            "준공년월":"1990-08-08",
            "준공년차":33.0,
            "가까운역이름":"NA",
            "가까운역거리":"NA",
            "역세권여부":"NA",
            "30분이내주요거점역":"NA",
            "30분거점역이름":"NA",
            "1시간이내주요거점역":"NA",
            "1시간거점역이름":"NA",
            "3km이내백화점수":0,
            "5km이내아울렛몰수":0,
            "1km이내대형먀트수":0,
            "500m이내은행수":0,
            "500m이내병원수":12,
            "5km이내대형병원수":1,
            "500m이내공원수":0,
            "3km이내혐오시설수":0,
            "초등학교학업성취도":89.99,
            "중학교학업성취도":82.5,
            "용적률":101,
            "건폐율":21,
            "Y":35.142012,
            "X":128.702707,
            "rank":11.0,
            "area_info":"14평(49.48), 15평(49.91), 17평(57.57), 17평(57.93)",
            "last_sales":"2022-01-25,8000.0,14평(49.48)",
            "rank_history":[
                [
                    "202202",
                    11
                ],
                [
                    "202201",
                    13
                ]
            ],
            "rank_gap":2
        },
        {
            "index":280,
            "아파트명":"창원마린푸르지오2단지",
            "투자타입":"일반",
            "전용면적(m2)":"112.93",
            "전용면적(평)":"34평",
            "법정동주소":"경상남도 창원시 진해구 풍호동 305-17",
            "도로명주소":"경상남도 창원시 진해구 충장로657번길 35",
            "세대수":30,
            "입주년차":80,
            "용적률점수":"--",
            "건폐율점수":"--",
            "세대당주차수":60,
            "난방방식":30,
            "공급면적":"--",
            "전용률":"--",
            "욕실수":100,
            "현관타입":100,
            "주거총점":58.5,
            "지역구공급총점":100.0,
            "역세권":"NA",
            "30분내 이동가능 거점":"NA",
            "1시간내 이동가능 거점":"NA",
            "교통총점":"NA",
            "백화점":0,
            "아울렛몰":0,
            "대형마트":0,
            "은행":70,
            "병원":60,
            "종합병원":80,
            "공원":100,
            "혐오시설":0,
            "인프라총점":32.0,
            "초등학군":90.0,
            "중학군":51.5,
            "학군총점":59.2,
            "인구수":20.68,
            "인구증감":-9.78,
            "인구총점":11.542,
            "일자리":11.71,
            "소득수준":82.32,
            "일자리총점":32.893,
            "가치 총점":48.075,
            "매매실거래년":20220108.0,
            "매매실거래가":43700.0,
            "전세실거래년":20211113.0,
            "전세실거래가":33000.0,
            "전세가율":76.74,
            "장기전세가율평균":70.66,
            "전세가율거품지수":-6.08,
            "검색코드":106561,
            "세대수":310.0,
            "준공년월":"2015-10-23",
            "준공년차":8.0,
            "가까운역이름":"NA",
            "가까운역거리":"NA",
            "역세권여부":"NA",
            "30분이내주요거점역":"NA",
            "30분거점역이름":"NA",
            "1시간이내주요거점역":"NA",
            "1시간거점역이름":"NA",
            "3km이내백화점수":0,
            "5km이내아울렛몰수":0,
            "1km이내대형먀트수":0,
            "500m이내은행수":4,
            "500m이내병원수":11,
            "5km이내대형병원수":1,
            "500m이내공원수":2,
            "3km이내혐오시설수":0,
            "초등학교학업성취도":90.0,
            "중학교학업성취도":82.5,
            "용적률":271,
            "건폐율":50,
            "Y":35.131213,
            "X":128.707366,
            "rank":12.0,
            "area_info":"34평(112.93), 34평(112.89), 34평(113.74)",
            "last_sales":"2022-01-08,43700.0,34평(113.74)",
            "rank_history":[
                [
                    "202202",
                    12
                ],
                [
                    "202201",
                    15
                ]
            ],
            "rank_gap":3
        },
        {
            "index":81,
            "아파트명":"벚꽃그린빌주공3단지",
            "투자타입":"일반",
            "전용면적(m2)":"82.79",
            "전용면적(평)":"25평",
            "법정동주소":"경상남도 창원시 진해구 석동 656",
            "도로명주소":"경상남도 창원시 진해구 석동로 60",
            "세대수":50,
            "입주년차":20,
            "용적률점수":"--",
            "건폐율점수":"--",
            "세대당주차수":30,
            "난방방식":30,
            "공급면적":"--",
            "전용률":"--",
            "욕실수":100,
            "현관타입":100,
            "주거총점":49.0,
            "지역구공급총점":100.0,
            "역세권":"NA",
            "30분내 이동가능 거점":"NA",
            "1시간내 이동가능 거점":"NA",
            "교통총점":"NA",
            "백화점":0,
            "아울렛몰":0,
            "대형마트":100,
            "은행":0,
            "병원":60,
            "종합병원":100,
            "공원":100,
            "혐오시설":0,
            "인프라총점":44.0,
            "초등학군":89.99,
            "중학군":43.96,
            "학군총점":53.166,
            "인구수":20.68,
            "인구증감":-9.78,
            "인구총점":11.542,
            "일자리":11.71,
            "소득수준":82.32,
            "일자리총점":32.893,
            "가치 총점":48.0415,
            "매매실거래년":20220106.0,
            "매매실거래가":27000.0,
            "전세실거래년":20180825.0,
            "전세실거래가":16000.0,
            "전세가율":68.09,
            "장기전세가율평균":70.66,
            "전세가율거품지수":2.57,
            "검색코드":13137,
            "세대수":613.0,
            "준공년월":"2003-03-20",
            "준공년차":20.0,
            "가까운역이름":"NA",
            "가까운역거리":"NA",
            "역세권여부":"NA",
            "30분이내주요거점역":"NA",
            "30분거점역이름":"NA",
            "1시간이내주요거점역":"NA",
            "1시간거점역이름":"NA",
            "3km이내백화점수":0,
            "5km이내아울렛몰수":0,
            "1km이내대형먀트수":2,
            "500m이내은행수":1,
            "500m이내병원수":21,
            "5km이내대형병원수":2,
            "500m이내공원수":8,
            "3km이내혐오시설수":0,
            "초등학교학업성취도":89.99,
            "중학교학업성취도":72.0,
            "용적률":122,
            "건폐율":23,
            "Y":35.154629,
            "X":128.706394,
            "rank":13.0,
            "area_info":"25평(82.79), 31평(105.54), 31평(105.54)",
            "last_sales":"2022-01-06,27000.0,31평(105.54)",
            "rank_history":[
                [
                    "202202",
                    13
                ],
                [
                    "202201",
                    11
                ]
            ],
            "rank_gap":-2
        },
        {
            "index":186,
            "아파트명":"자은중흥S-클래스",
            "투자타입":"일반",
            "전용면적(m2)":"100.94",
            "전용면적(평)":"30평",
            "법정동주소":"경상남도 창원시 진해구 자은동 125",
            "도로명주소":"경상남도 창원시 진해구 냉천로 262",
            "세대수":80,
            "입주년차":80,
            "용적률점수":"--",
            "건폐율점수":"--",
            "세대당주차수":60,
            "난방방식":30,
            "공급면적":"--",
            "전용률":"--",
            "욕실수":100,
            "현관타입":100,
            "주거총점":76.0,
            "지역구공급총점":100.0,
            "역세권":"NA",
            "30분내 이동가능 거점":"NA",
            "1시간내 이동가능 거점":"NA",
            "교통총점":"NA",
            "백화점":0,
            "아울렛몰":0,
            "대형마트":0,
            "은행":0,
            "병원":10,
            "종합병원":80,
            "공원":100,
            "혐오시설":0,
            "인프라총점":20.0,
            "초등학군":89.99,
            "중학군":43.96,
            "학군총점":53.166,
            "인구수":20.68,
            "인구증감":-9.78,
            "인구총점":11.542,
            "일자리":11.71,
            "소득수준":82.32,
            "일자리총점":32.893,
            "가치 총점":47.8915,
            "매매실거래년":20220125.0,
            "매매실거래가":43000.0,
            "전세실거래년":20211213.0,
            "전세실거래가":30000.0,
            "전세가율":65.5,
            "장기전세가율평균":70.66,
            "전세가율거품지수":5.16,
            "검색코드":108775,
            "세대수":767.0,
            "준공년월":"2017-02-01",
            "준공년차":6.0,
            "가까운역이름":"NA",
            "가까운역거리":"NA",
            "역세권여부":"NA",
            "30분이내주요거점역":"NA",
            "30분거점역이름":"NA",
            "1시간이내주요거점역":"NA",
            "1시간거점역이름":"NA",
            "3km이내백화점수":0,
            "5km이내아울렛몰수":0,
            "1km이내대형먀트수":0,
            "500m이내은행수":0,
            "500m이내병원수":3,
            "5km이내대형병원수":1,
            "500m이내공원수":3,
            "3km이내혐오시설수":0,
            "초등학교학업성취도":89.99,
            "중학교학업성취도":72.0,
            "용적률":169,
            "건폐율":15,
            "Y":35.153661,
            "X":128.718391,
            "rank":14.0,
            "area_info":"30평(100.94), 34평(112.42)",
            "last_sales":"2022-01-25,43000.0,34평(112.42)",
            "rank_history":[
                [
                    "202202",
                    14
                ],
                [
                    "202201",
                    12
                ]
            ],
            "rank_gap":-2
        },
        {
            "index":188,
            "아파트명":"자은프라임",
            "투자타입":"일반",
            "전용면적(m2)":"81.14",
            "전용면적(평)":"24평",
            "법정동주소":"경상남도 창원시 진해구 자은동 121",
            "도로명주소":"경상남도 창원시 진해구 냉천로 257",
            "세대수":90,
            "입주년차":80,
            "용적률점수":"--",
            "건폐율점수":"--",
            "세대당주차수":30,
            "난방방식":30,
            "공급면적":"--",
            "전용률":"--",
            "욕실수":100,
            "현관타입":100,
            "주거총점":75.0,
            "지역구공급총점":100.0,
            "역세권":"NA",
            "30분내 이동가능 거점":"NA",
            "1시간내 이동가능 거점":"NA",
            "교통총점":"NA",
            "백화점":0,
            "아울렛몰":0,
            "대형마트":0,
            "은행":0,
            "병원":0,
            "종합병원":80,
            "공원":80,
            "혐오시설":0,
            "인프라총점":18.4,
            "초등학군":89.99,
            "중학군":43.96,
            "학군총점":53.166,
            "인구수":20.68,
            "인구증감":-9.78,
            "인구총점":11.542,
            "일자리":11.71,
            "소득수준":82.32,
            "일자리총점":32.893,
            "가치 총점":46.9015,
            "매매실거래년":20220119.0,
            "매매실거래가":26900.0,
            "전세실거래년":20220110.0,
            "전세실거래가":21000.0,
            "전세가율":78.07,
            "장기전세가율평균":70.66,
            "전세가율거품지수":-7.41,
            "검색코드":106127,
            "세대수":1298.0,
            "준공년월":"2015-05-15",
            "준공년차":8.0,
            "가까운역이름":"NA",
            "가까운역거리":"NA",
            "역세권여부":"NA",
            "30분이내주요거점역":"NA",
            "30분거점역이름":"NA",
            "1시간이내주요거점역":"NA",
            "1시간거점역이름":"NA",
            "3km이내백화점수":0,
            "5km이내아울렛몰수":0,
            "1km이내대형먀트수":0,
            "500m이내은행수":0,
            "500m이내병원수":0,
            "5km이내대형병원수":1,
            "500m이내공원수":1,
            "3km이내혐오시설수":0,
            "초등학교학업성취도":89.99,
            "중학교학업성취도":72.0,
            "용적률":175,
            "건폐율":15,
            "Y":35.152524,
            "X":128.720874,
            "rank":15.0,
            "area_info":"24평(81.14), 24평(81.22), 24평(81.02), 24평(81.25), 30평(101.56), 30평(101.0), 30평(101.37), 34평(114.99), 34평(115.02)",
            "last_sales":"2022-01-19,26900.0,24평(81.14)",
            "rank_history":[
                [
                    "202202",
                    15
                ],
                [
                    "202201",
                    14
                ]
            ],
            "rank_gap":-1
        },
        {
            "index":226,
            "아파트명":"창원한신휴플러스오션파크",
            "투자타입":"일반",
            "전용면적(m2)":"89.67",
            "전용면적(평)":"27평",
            "법정동주소":"경상남도 창원시 진해구 장천동 260",
            "도로명주소":"경상남도 창원시 진해구 행암로 5",
            "세대수":50,
            "입주년차":80,
            "용적률점수":"--",
            "건폐율점수":"--",
            "세대당주차수":30,
            "난방방식":30,
            "공급면적":"--",
            "전용률":"--",
            "욕실수":100,
            "현관타입":100,
            "주거총점":61.0,
            "지역구공급총점":100.0,
            "역세권":"NA",
            "30분내 이동가능 거점":"NA",
            "1시간내 이동가능 거점":"NA",
            "교통총점":"NA",
            "백화점":0,
            "아울렛몰":0,
            "대형마트":0,
            "은행":20,
            "병원":60,
            "종합병원":80,
            "공원":80,
            "혐오시설":-50,
            "인프라총점":25.4,
            "초등학군":90.0,
            "중학군":51.5,
            "학군총점":59.2,
            "인구수":20.68,
            "인구증감":-9.78,
            "인구총점":11.542,
            "일자리":11.71,
            "소득수준":82.32,
            "일자리총점":32.893,
            "가치 총점":46.31,
            "매매실거래년":20220120.0,
            "매매실거래가":31000.0,
            "전세실거래년":20211201.0,
            "전세실거래가":26000.0,
            "전세가율":83.87,
            "장기전세가율평균":70.66,
            "전세가율거품지수":-13.21,
            "검색코드":108397,
            "세대수":684.0,
            "준공년월":"2016-05-16",
            "준공년차":7.0,
            "가까운역이름":"NA",
            "가까운역거리":"NA",
            "역세권여부":"NA",
            "30분이내주요거점역":"NA",
            "30분거점역이름":"NA",
            "1시간이내주요거점역":"NA",
            "1시간거점역이름":"NA",
            "3km이내백화점수":0,
            "5km이내아울렛몰수":0,
            "1km이내대형먀트수":0,
            "500m이내은행수":2,
            "500m이내병원수":11,
            "5km이내대형병원수":1,
            "500m이내공원수":1,
            "3km이내혐오시설수":1,
            "초등학교학업성취도":90.0,
            "중학교학업성취도":82.5,
            "용적률":219,
            "건폐율":18,
            "Y":35.128051,
            "X":128.708397,
            "rank":16.0,
            "area_info":"27평(89.67), 27평(90.58), 33평(109.7), 33평(109.21), 33평(109.69), 33평(109.51), 33평(109.37), 34평(113.76)",
            "last_sales":"2022-01-20,31000.0,27평(89.67)",
            "rank_history":[
                [
                    "202202",
                    16
                ],
                [
                    "202201",
                    19
                ]
            ],
            "rank_gap":3
        },
        {
            "index":51,
            "아파트명":"시티프라디움1차",
            "투자타입":"일반",
            "전용면적(m2)":"83.94",
            "전용면적(평)":"25평",
            "법정동주소":"경상남도 창원시 진해구 남문동 1274-1",
            "도로명주소":"경상남도 창원시 진해구 웅천동로 16",
            "세대수":90,
            "입주년차":80,
            "용적률점수":"--",
            "건폐율점수":"--",
            "세대당주차수":30,
            "난방방식":30,
            "공급면적":"--",
            "전용률":"--",
            "욕실수":100,
            "현관타입":100,
            "주거총점":75.0,
            "지역구공급총점":100.0,
            "역세권":"NA",
            "30분내 이동가능 거점":"NA",
            "1시간내 이동가능 거점":"NA",
            "교통총점":"NA",
            "백화점":0,
            "아울렛몰":0,
            "대형마트":80,
            "은행":0,
            "병원":30,
            "종합병원":0,
            "공원":100,
            "혐오시설":0,
            "인프라총점":18.0,
            "초등학군":90.0,
            "중학군":41.52,
            "학군총점":51.216,
            "인구수":20.68,
            "인구증감":-9.78,
            "인구총점":11.542,
            "일자리":11.71,
            "소득수준":82.32,
            "일자리총점":32.893,
            "가치 총점":46.254,
            "매매실거래년":20220123.0,
            "매매실거래가":19800.0,
            "전세실거래년":20220108.0,
            "전세실거래가":17000.0,
            "전세가율":85.0,
            "장기전세가율평균":70.66,
            "전세가율거품지수":-14.34,
            "검색코드":109939,
            "세대수":1103.0,
            "준공년월":"2017-04-10",
            "준공년차":6.0,
            "가까운역이름":"NA",
            "가까운역거리":"NA",
            "역세권여부":"NA",
            "30분이내주요거점역":"NA",
            "30분거점역이름":"NA",
            "1시간이내주요거점역":"NA",
            "1시간거점역이름":"NA",
            "3km이내백화점수":0,
            "5km이내아울렛몰수":0,
            "1km이내대형먀트수":1,
            "500m이내은행수":0,
            "500m이내병원수":6,
            "5km이내대형병원수":0,
            "500m이내공원수":5,
            "3km이내혐오시설수":0,
            "초등학교학업성취도":90.0,
            "중학교학업성취도":69.2,
            "용적률":207,
            "건폐율":13,
            "Y":35.106747,
            "X":128.755536,
            "rank":17.0,
            "area_info":"25평(83.94), 25평(83.3), 25평(83.75)",
            "last_sales":"2022-01-23,19800.0,25평(83.75)",
            "rank_history":[
                [
                    "202202",
                    17
                ],
                [
                    "202201",
                    24
                ]
            ],
            "rank_gap":7
        },
        {
            "index":211,
            "아파트명":"협성DS이아이존빌",
            "투자타입":"일반",
            "전용면적(m2)":"79.71",
            "전용면적(평)":"24평",
            "법정동주소":"경상남도 창원시 진해구 자은동 663",
            "도로명주소":"경상남도 창원시 진해구 풍호로35번길 11",
            "세대수":50,
            "입주년차":80,
            "용적률점수":"--",
            "건폐율점수":"--",
            "세대당주차수":30,
            "난방방식":30,
            "공급면적":"--",
            "전용률":"--",
            "욕실수":100,
            "현관타입":100,
            "주거총점":61.0,
            "지역구공급총점":100.0,
            "역세권":"NA",
            "30분내 이동가능 거점":"NA",
            "1시간내 이동가능 거점":"NA",
            "교통총점":"NA",
            "백화점":0,
            "아울렛몰":0,
            "대형마트":0,
            "은행":0,
            "병원":60,
            "종합병원":80,
            "공원":80,
            "혐오시설":0,
            "인프라총점":24.4,
            "초등학군":89.99,
            "중학군":51.5,
            "학군총점":59.198,
            "인구수":20.68,
            "인구증감":-9.78,
            "인구총점":11.542,
            "일자리":11.71,
            "소득수준":82.32,
            "일자리총점":32.893,
            "가치 총점":45.9095,
            "매매실거래년":20220115.0,
            "매매실거래가":35000.0,
            "전세실거래년":20200627.0,
            "전세실거래가":18000.0,
            "전세가율":73.17,
            "장기전세가율평균":70.66,
            "전세가율거품지수":-2.51,
            "검색코드":105297,
            "세대수":433.0,
            "준공년월":"2014-06-26",
            "준공년차":9.0,
            "가까운역이름":"NA",
            "가까운역거리":"NA",
            "역세권여부":"NA",
            "30분이내주요거점역":"NA",
            "30분거점역이름":"NA",
            "1시간이내주요거점역":"NA",
            "1시간거점역이름":"NA",
            "3km이내백화점수":0,
            "5km이내아울렛몰수":0,
            "1km이내대형먀트수":0,
            "500m이내은행수":0,
            "500m이내병원수":16,
            "5km이내대형병원수":1,
            "500m이내공원수":1,
            "3km이내혐오시설수":0,
            "초등학교학업성취도":89.99,
            "중학교학업성취도":82.5,
            "용적률":216,
            "건폐율":23,
            "Y":35.140876,
            "X":128.704376,
            "rank":18.0,
            "area_info":"24평(79.71), 24평(80.96), 33평(112.33), 34평(113.87)",
            "last_sales":"2022-01-15,35000.0,34평(113.87)",
            "rank_history":[
                [
                    "202202",
                    18
                ],
                [
                    "202201",
                    16
                ]
            ],
            "rank_gap":-2
        },
        {
            "index":116,
            "아파트명":"진해석동한솔솔파크1단지",
            "투자타입":"일반",
            "전용면적(m2)":"143.63",
            "전용면적(평)":"43평",
            "법정동주소":"경상남도 창원시 진해구 석동 351",
            "도로명주소":"경상남도 창원시 진해구 진해대로789번길 24",
            "세대수":0,
            "입주년차":60,
            "용적률점수":"--",
            "건폐율점수":"--",
            "세대당주차수":80,
            "난방방식":30,
            "공급면적":"--",
            "전용률":"--",
            "욕실수":100,
            "현관타입":100,
            "주거총점":47.0,
            "지역구공급총점":100.0,
            "역세권":"NA",
            "30분내 이동가능 거점":"NA",
            "1시간내 이동가능 거점":"NA",
            "교통총점":"NA",
            "백화점":0,
            "아울렛몰":0,
            "대형마트":100,
            "은행":0,
            "병원":10,
            "종합병원":100,
            "공원":100,
            "혐오시설":0,
            "인프라총점":39.0,
            "초등학군":89.99,
            "중학군":43.96,
            "학군총점":53.166,
            "인구수":20.68,
            "인구증감":-9.78,
            "인구총점":11.542,
            "일자리":11.71,
            "소득수준":82.32,
            "일자리총점":32.893,
            "가치 총점":45.3415,
            "매매실거래년":20211218.0,
            "매매실거래가":42500.0,
            "전세실거래년":20210325.0,
            "전세실거래가":28000.0,
            "전세가율":87.5,
            "장기전세가율평균":70.66,
            "전세가율거품지수":-16.84,
            "검색코드":27779,
            "세대수":264.0,
            "준공년월":"2009-02-06",
            "준공년차":14.0,
            "가까운역이름":"NA",
            "가까운역거리":"NA",
            "역세권여부":"NA",
            "30분이내주요거점역":"NA",
            "30분거점역이름":"NA",
            "1시간이내주요거점역":"NA",
            "1시간거점역이름":"NA",
            "3km이내백화점수":0,
            "5km이내아울렛몰수":0,
            "1km이내대형먀트수":2,
            "500m이내은행수":0,
            "500m이내병원수":4,
            "5km이내대형병원수":2,
            "500m이내공원수":2,
            "3km이내혐오시설수":0,
            "초등학교학업성취도":89.99,
            "중학교학업성취도":72.0,
            "용적률":230,
            "건폐율":24,
            "Y":35.159038,
            "X":128.703084,
            "rank":19.0,
            "area_info":"43평(143.63), 48평(160.07), 55평(183.94)",
            "last_sales":"2021-12-18,42500.0,55평(183.94)",
            "rank_history":[
                [
                    "202202",
                    19
                ],
                [
                    "202201",
                    17
                ]
            ],
            "rank_gap":-2
        },
        {
            "index":54,
            "아파트명":"진해남문시티프라디움2차",
            "투자타입":"일반",
            "전용면적(m2)":"96.54",
            "전용면적(평)":"29평",
            "법정동주소":"경상남도 창원시 진해구 남문동 1256-1",
            "도로명주소":"경상남도 창원시 진해구 웅천동로 100",
            "세대수":80,
            "입주년차":80,
            "용적률점수":"--",
            "건폐율점수":"--",
            "세대당주차수":30,
            "난방방식":30,
            "공급면적":"--",
            "전용률":"--",
            "욕실수":100,
            "현관타입":100,
            "주거총점":71.5,
            "지역구공급총점":100.0,
            "역세권":"NA",
            "30분내 이동가능 거점":"NA",
            "1시간내 이동가능 거점":"NA",
            "교통총점":"NA",
            "백화점":0,
            "아울렛몰":0,
            "대형마트":80,
            "은행":0,
            "병원":30,
            "종합병원":0,
            "공원":100,
            "혐오시설":0,
            "인프라총점":18.0,
            "초등학군":90.0,
            "중학군":41.52,
            "학군총점":51.216,
            "인구수":20.68,
            "인구증감":-9.78,
            "인구총점":11.542,
            "일자리":11.71,
            "소득수준":82.32,
            "일자리총점":32.893,
            "가치 총점":45.029,
            "매매실거래년":20220122.0,
            "매매실거래가":31000.0,
            "전세실거래년":20211227.0,
            "전세실거래가":20000.0,
            "전세가율":77.22,
            "장기전세가율평균":70.66,
            "전세가율거품지수":-6.56,
            "검색코드":111268,
            "세대수":876.0,
            "준공년월":"2017-12-04",
            "준공년차":6.0,
            "가까운역이름":"NA",
            "가까운역거리":"NA",
            "역세권여부":"NA",
            "30분이내주요거점역":"NA",
            "30분거점역이름":"NA",
            "1시간이내주요거점역":"NA",
            "1시간거점역이름":"NA",
            "3km이내백화점수":0,
            "5km이내아울렛몰수":0,
            "1km이내대형먀트수":1,
            "500m이내은행수":0,
            "500m이내병원수":6,
            "5km이내대형병원수":0,
            "500m이내공원수":4,
            "3km이내혐오시설수":0,
            "초등학교학업성취도":90.0,
            "중학교학업성취도":69.2,
            "용적률":214,
            "건폐율":16,
            "Y":35.103113,
            "X":128.752397,
            "rank":20.0,
            "area_info":"29평(96.54), 29평(96.46), 29평(96.87), 33평(109.3)",
            "last_sales":"2022-01-22,31000.0,33평(109.3)",
            "rank_history":[
                [
                    "202202",
                    20
                ],
                [
                    "202201",
                    29
                ]
            ],
            "rank_gap":9
        },
        {
            "index":161,
            "아파트명":"진해이동미소지움1단지",
            "투자타입":"일반",
            "전용면적(m2)":"107.38",
            "전용면적(평)":"32평",
            "법정동주소":"경상남도 창원시 진해구 이동 2-3",
            "도로명주소":"경상남도 창원시 진해구 동진로21번길 17",
            "세대수":0,
            "입주년차":40,
            "용적률점수":"--",
            "건폐율점수":"--",
            "세대당주차수":60,
            "난방방식":30,
            "공급면적":"--",
            "전용률":"--",
            "욕실수":100,
            "현관타입":100,
            "주거총점":40.0,
            "지역구공급총점":100.0,
            "역세권":"NA",
            "30분내 이동가능 거점":"NA",
            "1시간내 이동가능 거점":"NA",
            "교통총점":"NA",
            "백화점":0,
            "아울렛몰":0,
            "대형마트":100,
            "은행":0,
            "병원":60,
            "종합병원":100,
            "공원":100,
            "혐오시설":0,
            "인프라총점":44.0,
            "초등학군":90.02,
            "중학군":43.96,
            "학군총점":53.172,
            "인구수":20.68,
            "인구증감":-9.78,
            "인구총점":11.542,
            "일자리":11.71,
            "소득수준":82.32,
            "일자리총점":32.893,
            "가치 총점":44.893,
            "매매실거래년":20210728.0,
            "매매실거래가":37000.0,
            "전세실거래년":20200406.0,
            "전세실거래가":16000.0,
            "전세가율":66.67,
            "장기전세가율평균":70.66,
            "전세가율거품지수":3.99,
            "검색코드":27327,
            "세대수":137.0,
            "준공년월":"2007-11-26",
            "준공년차":16.0,
            "가까운역이름":"NA",
            "가까운역거리":"NA",
            "역세권여부":"NA",
            "30분이내주요거점역":"NA",
            "30분거점역이름":"NA",
            "1시간이내주요거점역":"NA",
            "1시간거점역이름":"NA",
            "3km이내백화점수":0,
            "5km이내아울렛몰수":0,
            "1km이내대형먀트수":3,
            "500m이내은행수":1,
            "500m이내병원수":20,
            "5km이내대형병원수":2,
            "500m이내공원수":3,
            "3km이내혐오시설수":0,
            "초등학교학업성취도":90.02,
            "중학교학업성취도":72.0,
            "용적률":238,
            "건폐율":24,
            "Y":35.155394,
            "X":128.698695,
            "rank":21.0,
            "area_info":"32평(107.38), 47평(158.15), 51평(168.94), 58평(192.66), 59평(198.17)",
            "last_sales":"2021-07-28,37000.0,58평(192.66)",
            "rank_history":[
                [
                    "202202",
                    21
                ],
                [
                    "202201",
                    18
                ]
            ],
            "rank_gap":-3
        },
        {
            "index":285,
            "아파트명":"풍호한림리츠빌",
            "투자타입":"일반",
            "전용면적(m2)":"114.77",
            "전용면적(평)":"34평",
            "법정동주소":"경상남도 창원시 진해구 풍호동 83-77",
            "도로명주소":"경상남도 창원시 진해구 풍호로 68",
            "세대수":50,
            "입주년차":40,
            "용적률점수":"--",
            "건폐율점수":"--",
            "세대당주차수":60,
            "난방방식":30,
            "공급면적":"--",
            "전용률":"--",
            "욕실수":100,
            "현관타입":100,
            "주거총점":57.5,
            "지역구공급총점":100.0,
            "역세권":"NA",
            "30분내 이동가능 거점":"NA",
            "1시간내 이동가능 거점":"NA",
            "교통총점":"NA",
            "백화점":0,
            "아울렛몰":0,
            "대형마트":0,
            "은행":0,
            "병원":30,
            "종합병원":80,
            "공원":100,
            "혐오시설":0,
            "인프라총점":22.0,
            "초등학군":90.0,
            "중학군":51.5,
            "학군총점":59.2,
            "인구수":20.68,
            "인구증감":-9.78,
            "인구총점":11.542,
            "일자리":11.71,
            "소득수준":82.32,
            "일자리총점":32.893,
            "가치 총점":43.725,
            "매매실거래년":20220103.0,
            "매매실거래가":29000.0,
            "전세실거래년":20220113.0,
            "전세실거래가":28000.0,
            "전세가율":96.55,
            "장기전세가율평균":70.66,
            "전세가율거품지수":-25.89,
            "검색코드":13116,
            "세대수":620.0,
            "준공년월":"2005-06-02",
            "준공년차":18.0,
            "가까운역이름":"NA",
            "가까운역거리":"NA",
            "역세권여부":"NA",
            "30분이내주요거점역":"NA",
            "30분거점역이름":"NA",
            "1시간이내주요거점역":"NA",
            "1시간거점역이름":"NA",
            "3km이내백화점수":0,
            "5km이내아울렛몰수":0,
            "1km이내대형먀트수":0,
            "500m이내은행수":0,
            "500m이내병원수":7,
            "5km이내대형병원수":1,
            "500m이내공원수":4,
            "3km이내혐오시설수":0,
            "초등학교학업성취도":90.0,
            "중학교학업성취도":82.5,
            "용적률":188,
            "건폐율":16,
            "Y":35.139119,
            "X":128.708871,
            "rank":22.0,
            "area_info":"34평(114.77), 48평(159.8), 66평(219.51)",
            "last_sales":"2022-01-03,29000.0,34평(114.77)",
            "rank_history":[
                [
                    "202202",
                    22
                ],
                [
                    "202201",
                    20
                ]
            ],
            "rank_gap":-2
        },
        {
            "index":152,
            "아파트명":"코아루",
            "투자타입":"일반",
            "전용면적(m2)":"112.59",
            "전용면적(평)":"34평",
            "법정동주소":"경상남도 창원시 진해구 용원동 1209",
            "도로명주소":"경상남도 창원시 진해구 안골로 339",
            "세대수":80,
            "입주년차":40,
            "용적률점수":"--",
            "건폐율점수":"--",
            "세대당주차수":30,
            "난방방식":30,
            "공급면적":"--",
            "전용률":"--",
            "욕실수":100,
            "현관타입":100,
            "주거총점":63.5,
            "지역구공급총점":100.0,
            "역세권":"NA",
            "30분내 이동가능 거점":"NA",
            "1시간내 이동가능 거점":"NA",
            "교통총점":"NA",
            "백화점":0,
            "아울렛몰":0,
            "대형마트":80,
            "은행":0,
            "병원":60,
            "종합병원":0,
            "공원":100,
            "혐오시설":0,
            "인프라총점":21.0,
            "초등학군":90.0,
            "중학군":42.36,
            "학군총점":51.888,
            "인구수":20.68,
            "인구증감":-9.78,
            "인구총점":11.542,
            "일자리":11.71,
            "소득수준":82.32,
            "일자리총점":32.893,
            "가치 총점":43.597,
            "매매실거래년":20220127.0,
            "매매실거래가":22000.0,
            "전세실거래년":20211124.0,
            "전세실거래가":17500.0,
            "전세가율":79.55,
            "장기전세가율평균":70.66,
            "전세가율거품지수":-8.89,
            "검색코드":13909,
            "세대수":897.0,
            "준공년월":"2005-09-30",
            "준공년차":18.0,
            "가까운역이름":"NA",
            "가까운역거리":"NA",
            "역세권여부":"NA",
            "30분이내주요거점역":"NA",
            "30분거점역이름":"NA",
            "1시간이내주요거점역":"NA",
            "1시간거점역이름":"NA",
            "3km이내백화점수":0,
            "5km이내아울렛몰수":0,
            "1km이내대형먀트수":1,
            "500m이내은행수":0,
            "500m이내병원수":26,
            "5km이내대형병원수":0,
            "500m이내공원수":2,
            "3km이내혐오시설수":0,
            "초등학교학업성취도":90.0,
            "중학교학업성취도":69.2,
            "용적률":207,
            "건폐율":16,
            "Y":35.101549,
            "X":128.808107,
            "rank":23.0,
            "area_info":"34평(112.59), 34평(112.59), 45평(149.64)",
            "last_sales":"2022-01-27,22000.0,34평(112.59)",
            "rank_history":[
                [
                    "202202",
                    23
                ],
                [
                    "202201",
                    32
                ]
            ],
            "rank_gap":9
        },
        {
            "index":149,
            "아파트명":"일신님",
            "투자타입":"일반",
            "전용면적(m2)":"110.22",
            "전용면적(평)":"33평",
            "법정동주소":"경상남도 창원시 진해구 용원동 1208",
            "도로명주소":"경상남도 창원시 진해구 안골로 359",
            "세대수":80,
            "입주년차":40,
            "용적률점수":"--",
            "건폐율점수":"--",
            "세대당주차수":30,
            "난방방식":30,
            "공급면적":"--",
            "전용률":"--",
            "욕실수":100,
            "현관타입":100,
            "주거총점":63.5,
            "지역구공급총점":100.0,
            "역세권":"NA",
            "30분내 이동가능 거점":"NA",
            "1시간내 이동가능 거점":"NA",
            "교통총점":"NA",
            "백화점":0,
            "아울렛몰":0,
            "대형마트":80,
            "은행":0,
            "병원":60,
            "종합병원":0,
            "공원":100,
            "혐오시설":0,
            "인프라총점":21.0,
            "초등학군":89.99,
            "중학군":42.36,
            "학군총점":51.886,
            "인구수":20.68,
            "인구증감":-9.78,
            "인구총점":11.542,
            "일자리":11.71,
            "소득수준":82.32,
            "일자리총점":32.893,
            "가치 총점":43.5965,
            "매매실거래년":20220115.0,
            "매매실거래가":22600.0,
            "전세실거래년":20211211.0,
            "전세실거래가":17500.0,
            "전세가율":77.43,
            "장기전세가율평균":70.66,
            "전세가율거품지수":-6.77,
            "검색코드":15440,
            "세대수":869.0,
            "준공년월":"2005-08-19",
            "준공년차":18.0,
            "가까운역이름":"NA",
            "가까운역거리":"NA",
            "역세권여부":"NA",
            "30분이내주요거점역":"NA",
            "30분거점역이름":"NA",
            "1시간이내주요거점역":"NA",
            "1시간거점역이름":"NA",
            "3km이내백화점수":0,
            "5km이내아울렛몰수":0,
            "1km이내대형먀트수":1,
            "500m이내은행수":0,
            "500m이내병원수":26,
            "5km이내대형병원수":0,
            "500m이내공원수":2,
            "3km이내혐오시설수":0,
            "초등학교학업성취도":89.99,
            "중학교학업성취도":69.2,
            "용적률":212,
            "건폐율":18,
            "Y":35.102638,
            "X":128.808381,
            "rank":24.0,
            "area_info":"33평(110.22), 40평(134.07), 47평(158.43)",
            "last_sales":"2022-01-15,22600.0,33평(110.22)",
            "rank_history":[
                [
                    "202202",
                    24
                ],
                [
                    "202201",
                    34
                ]
            ],
            "rank_gap":10
        },
        {
            "index":257,
            "아파트명":"우성",
            "투자타입":"일반",
            "전용면적(m2)":"79.86",
            "전용면적(평)":"24평",
            "법정동주소":"경상남도 창원시 진해구 풍호동 83-3",
            "도로명주소":"경상남도 창원시 진해구 충장로 575",
            "세대수":100,
            "입주년차":0,
            "용적률점수":"--",
            "건폐율점수":"--",
            "세대당주차수":0,
            "난방방식":30,
            "공급면적":"--",
            "전용률":"--",
            "욕실수":50,
            "현관타입":100,
            "주거총점":53.0,
            "지역구공급총점":100.0,
            "역세권":"NA",
            "30분내 이동가능 거점":"NA",
            "1시간내 이동가능 거점":"NA",
            "교통총점":"NA",
            "백화점":0,
            "아울렛몰":0,
            "대형마트":0,
            "은행":0,
            "병원":60,
            "종합병원":80,
            "공원":80,
            "혐오시설":0,
            "인프라총점":24.4,
            "초등학군":90.0,
            "중학군":51.5,
            "학군총점":59.2,
            "인구수":20.68,
            "인구증감":-9.78,
            "인구총점":11.542,
            "일자리":11.71,
            "소득수준":82.32,
            "일자리총점":32.893,
            "가치 총점":43.11,
            "매매실거래년":20220126.0,
            "매매실거래가":13500.0,
            "전세실거래년":20220128.0,
            "전세실거래가":11800.0,
            "전세가율":87.41,
            "장기전세가율평균":70.66,
            "전세가율거품지수":-16.75,
            "검색코드":7589,
            "세대수":1763.0,
            "준공년월":"1993-12-14",
            "준공년차":30.0,
            "가까운역이름":"NA",
            "가까운역거리":"NA",
            "역세권여부":"NA",
            "30분이내주요거점역":"NA",
            "30분거점역이름":"NA",
            "1시간이내주요거점역":"NA",
            "1시간거점역이름":"NA",
            "3km이내백화점수":0,
            "5km이내아울렛몰수":0,
            "1km이내대형먀트수":0,
            "500m이내은행수":0,
            "500m이내병원수":12,
            "5km이내대형병원수":1,
            "500m이내공원수":1,
            "3km이내혐오시설수":0,
            "초등학교학업성취도":90.0,
            "중학교학업성취도":82.5,
            "용적률":211,
            "건폐율":23,
            "Y":35.138883,
            "X":128.704414,
            "rank":25.0,
            "area_info":"24평(79.86), 26평(86.65), 28평(94.89), 31평(103.51), 37평(123.03), 46평(153.35)",
            "last_sales":"2022-01-26,13500.0,24평(79.86)",
            "rank_history":[
                [
                    "202202",
                    25
                ],
                [
                    "202201",
                    21
                ]
            ],
            "rank_gap":-4
        },
        {
            "index":4,
            "아파트명":"대동다숲",
            "투자타입":"일반",
            "전용면적(m2)":"111.09",
            "전용면적(평)":"33평",
            "법정동주소":"경상남도 창원시 진해구 경화동 1388",
            "도로명주소":"경상남도 창원시 진해구 조천북로 79",
            "세대수":50,
            "입주년차":40,
            "용적률점수":"--",
            "건폐율점수":"--",
            "세대당주차수":30,
            "난방방식":30,
            "공급면적":"--",
            "전용률":"--",
            "욕실수":100,
            "현관타입":100,
            "주거총점":53.0,
            "지역구공급총점":100.0,
            "역세권":"NA",
            "30분내 이동가능 거점":"NA",
            "1시간내 이동가능 거점":"NA",
            "교통총점":"NA",
            "백화점":0,
            "아울렛몰":0,
            "대형마트":0,
            "은행":0,
            "병원":0,
            "종합병원":100,
            "공원":80,
            "혐오시설":0,
            "인프라총점":22.4,
            "초등학군":89.99,
            "중학군":50.2,
            "학군총점":58.158,
            "인구수":20.68,
            "인구증감":-9.78,
            "인구총점":11.542,
            "일자리":11.71,
            "소득수준":82.32,
            "일자리총점":32.893,
            "가치 총점":42.0495,
            "매매실거래년":20220106.0,
            "매매실거래가":20000.0,
            "전세실거래년":20211211.0,
            "전세실거래가":16000.0,
            "전세가율":80.0,
            "장기전세가율평균":70.66,
            "전세가율거품지수":-9.34,
            "검색코드":19387,
            "세대수":408.0,
            "준공년월":"2006-08-23",
            "준공년차":17.0,
            "가까운역이름":"NA",
            "가까운역거리":"NA",
            "역세권여부":"NA",
            "30분이내주요거점역":"NA",
            "30분거점역이름":"NA",
            "1시간이내주요거점역":"NA",
            "1시간거점역이름":"NA",
            "3km이내백화점수":0,
            "5km이내아울렛몰수":0,
            "1km이내대형먀트수":0,
            "500m이내은행수":0,
            "500m이내병원수":1,
            "5km이내대형병원수":2,
            "500m이내공원수":1,
            "3km이내혐오시설수":0,
            "초등학교학업성취도":89.99,
            "중학교학업성취도":81.0,
            "용적률":244,
            "건폐율":22,
            "Y":35.161397,
            "X":128.679911,
            "rank":26.0,
            "area_info":"33평(111.09), 48평(160.54)",
            "last_sales":"2022-01-06,20000.0,33평(111.09)",
            "rank_history":[
                [
                    "202202",
                    26
                ],
                [
                    "202201",
                    23
                ]
            ],
            "rank_gap":-3
        },
        {
            "index":205,
            "아파트명":"창원자은에일린의뜰",
            "투자타입":"일반",
            "전용면적(m2)":"110.85",
            "전용면적(평)":"33평",
            "법정동주소":"경상남도 창원시 진해구 자은동 114",
            "도로명주소":"경상남도 창원시 진해구 냉천로 235",
            "세대수":50,
            "입주년차":80,
            "용적률점수":"--",
            "건폐율점수":"--",
            "세대당주차수":30,
            "난방방식":30,
            "공급면적":"--",
            "전용률":"--",
            "욕실수":100,
            "현관타입":100,
            "주거총점":61.0,
            "지역구공급총점":100.0,
            "역세권":"NA",
            "30분내 이동가능 거점":"NA",
            "1시간내 이동가능 거점":"NA",
            "교통총점":"NA",
            "백화점":0,
            "아울렛몰":0,
            "대형마트":0,
            "은행":0,
            "병원":0,
            "종합병원":80,
            "공원":80,
            "혐오시설":0,
            "인프라총점":18.4,
            "초등학군":89.99,
            "중학군":43.96,
            "학군총점":53.166,
            "인구수":20.68,
            "인구증감":-9.78,
            "인구총점":11.542,
            "일자리":11.71,
            "소득수준":82.32,
            "일자리총점":32.893,
            "가치 총점":42.0015,
            "매매실거래년":20220122.0,
            "매매실거래가":47400.0,
            "전세실거래년":20220126.0,
            "전세실거래가":38000.0,
            "전세가율":80.17,
            "장기전세가율평균":70.66,
            "전세가율거품지수":-9.51,
            "검색코드":110474,
            "세대수":520.0,
            "준공년월":"2017-10-20",
            "준공년차":6.0,
            "가까운역이름":"NA",
            "가까운역거리":"NA",
            "역세권여부":"NA",
            "30분이내주요거점역":"NA",
            "30분거점역이름":"NA",
            "1시간이내주요거점역":"NA",
            "1시간거점역이름":"NA",
            "3km이내백화점수":0,
            "5km이내아울렛몰수":0,
            "1km이내대형먀트수":0,
            "500m이내은행수":0,
            "500m이내병원수":0,
            "5km이내대형병원수":1,
            "500m이내공원수":1,
            "3km이내혐오시설수":0,
            "초등학교학업성취도":89.99,
            "중학교학업성취도":72.0,
            "용적률":139,
            "건폐율":13,
            "Y":35.155388,
            "X":128.722183,
            "rank":27.0,
            "area_info":"33평(110.85), 33평(110.98), 33평(111.36), 39평(132.01), 39평(132.03), 44평(148.75)",
            "last_sales":"2022-01-22,47400.0,33평(110.85)",
            "rank_history":[
                [
                    "202202",
                    27
                ],
                [
                    "202201",
                    22
                ]
            ],
            "rank_gap":-5
        },
        {
            "index":242,
            "아파트명":"부영1차",
            "투자타입":"일반",
            "전용면적(m2)":"113.25",
            "전용면적(평)":"34평",
            "법정동주소":"경상남도 창원시 진해구 청안동 477",
            "도로명주소":"경상남도 창원시 진해구 안청남로 13",
            "세대수":90,
            "입주년차":20,
            "용적률점수":"--",
            "건폐율점수":"--",
            "세대당주차수":30,
            "난방방식":30,
            "공급면적":"--",
            "전용률":"--",
            "욕실수":100,
            "현관타입":100,
            "주거총점":63.0,
            "지역구공급총점":100.0,
            "역세권":"NA",
            "30분내 이동가능 거점":"NA",
            "1시간내 이동가능 거점":"NA",
            "교통총점":"NA",
            "백화점":0,
            "아울렛몰":0,
            "대형마트":80,
            "은행":0,
            "병원":10,
            "종합병원":0,
            "공원":100,
            "혐오시설":0,
            "인프라총점":16.0,
            "초등학군":89.99,
            "중학군":42.36,
            "학군총점":51.886,
            "인구수":20.68,
            "인구증감":-9.78,
            "인구총점":11.542,
            "일자리":11.71,
            "소득수준":82.32,
            "일자리총점":32.893,
            "가치 총점":41.4215,
            "매매실거래년":20220128.0,
            "매매실거래가":15400.0,
            "전세실거래년":20220121.0,
            "전세실거래가":16500.0,
            "전세가율":107.14,
            "장기전세가율평균":70.66,
            "전세가율거품지수":-36.48,
            "검색코드":23943,
            "세대수":906.0,
            "준공년월":"2002-01-03",
            "준공년차":21.0,
            "가까운역이름":"NA",
            "가까운역거리":"NA",
            "역세권여부":"NA",
            "30분이내주요거점역":"NA",
            "30분거점역이름":"NA",
            "1시간이내주요거점역":"NA",
            "1시간거점역이름":"NA",
            "3km이내백화점수":0,
            "5km이내아울렛몰수":0,
            "1km이내대형먀트수":1,
            "500m이내은행수":0,
            "500m이내병원수":4,
            "5km이내대형병원수":0,
            "500m이내공원수":4,
            "3km이내혐오시설수":0,
            "초등학교학업성취도":89.99,
            "중학교학업성취도":69.2,
            "용적률":219,
            "건폐율":18,
            "Y":35.102249,
            "X":128.804473,
            "rank":28.0,
            "area_info":"34평(113.25)",
            "last_sales":"2022-01-28,15400.0,34평(113.25)",
            "rank_history":[
                [
                    "202202",
                    28
                ],
                [
                    "202201",
                    43
                ]
            ],
            "rank_gap":15
        },
        {
            "index":68,
            "아파트명":"창원진해비전시티우방아이유쉘",
            "투자타입":"일반",
            "전용면적(m2)":"101.79",
            "전용면적(평)":"30평",
            "법정동주소":"경상남도 창원시 진해구 남양동 20-2",
            "도로명주소":"경상남도 창원시 진해구 월남로 144",
            "세대수":50,
            "입주년차":100,
            "용적률점수":"--",
            "건폐율점수":"--",
            "세대당주차수":30,
            "난방방식":30,
            "공급면적":"--",
            "전용률":"--",
            "욕실수":100,
            "현관타입":100,
            "주거총점":65.0,
            "지역구공급총점":100.0,
            "역세권":"NA",
            "30분내 이동가능 거점":"NA",
            "1시간내 이동가능 거점":"NA",
            "교통총점":"NA",
            "백화점":0,
            "아울렛몰":0,
            "대형마트":80,
            "은행":0,
            "병원":0,
            "종합병원":0,
            "공원":80,
            "혐오시설":0,
            "인프라총점":14.4,
            "초등학군":89.97,
            "중학군":41.52,
            "학군총점":51.21,
            "인구수":20.68,
            "인구증감":-9.78,
            "인구총점":11.542,
            "일자리":11.71,
            "소득수준":82.32,
            "일자리총점":32.893,
            "가치 총점":41.3125,
            "매매실거래년":"18000101",
            "매매실거래가":null,
            "전세실거래년":20220123.0,
            "전세실거래가":15500.0,
            "전세가율":null,
            "장기전세가율평균":70.66,
            "전세가율거품지수":null,
            "검색코드":131489,
            "세대수":564.0,
            "준공년월":"2021-08-01",
            "준공년차":2.0,
            "가까운역이름":"NA",
            "가까운역거리":"NA",
            "역세권여부":"NA",
            "30분이내주요거점역":"NA",
            "30분거점역이름":"NA",
            "1시간이내주요거점역":"NA",
            "1시간거점역이름":"NA",
            "3km이내백화점수":0,
            "5km이내아울렛몰수":0,
            "1km이내대형먀트수":1,
            "500m이내은행수":0,
            "500m이내병원수":0,
            "5km이내대형병원수":0,
            "500m이내공원수":1,
            "3km이내혐오시설수":0,
            "초등학교학업성취도":89.97,
            "중학교학업성취도":69.2,
            "용적률":0,
            "건폐율":0,
            "Y":35.119445,
            "X":128.779169,
            "rank":29.0,
            "area_info":"30평(101.79)",
            "last_sales":"1800-01-01,nan,30평(101.79)",
            "rank_history":[
                [
                    "202202",
                    29
                ],
                [
                    "202201",
                    44
                ]
            ],
            "rank_gap":15
        },
        {
            "index":215,
            "아파트명":"벽산e솔렌스힐",
            "투자타입":"일반",
            "전용면적(m2)":"109.74",
            "전용면적(평)":"33평",
            "법정동주소":"경상남도 창원시 진해구 장천동 132",
            "도로명주소":"경상남도 창원시 진해구 진해대로1099번길 10",
            "세대수":0,
            "입주년차":40,
            "용적률점수":"--",
            "건폐율점수":"--",
            "세대당주차수":60,
            "난방방식":30,
            "공급면적":"--",
            "전용률":"--",
            "욕실수":100,
            "현관타입":100,
            "주거총점":40.0,
            "지역구공급총점":100.0,
            "역세권":"NA",
            "30분내 이동가능 거점":"NA",
            "1시간내 이동가능 거점":"NA",
            "교통총점":"NA",
            "백화점":0,
            "아울렛몰":0,
            "대형마트":0,
            "은행":70,
            "병원":60,
            "종합병원":80,
            "공원":80,
            "혐오시설":-50,
            "인프라총점":30.4,
            "초등학군":90.0,
            "중학군":51.5,
            "학군총점":59.2,
            "인구수":20.68,
            "인구증감":-9.78,
            "인구총점":11.542,
            "일자리":11.71,
            "소득수준":82.32,
            "일자리총점":32.893,
            "가치 총점":40.96,
            "매매실거래년":20211203.0,
            "매매실거래가":33800.0,
            "전세실거래년":20210428.0,
            "전세실거래가":20000.0,
            "전세가율":77.82,
            "장기전세가율평균":70.66,
            "전세가율거품지수":-7.16,
            "검색코드":26961,
            "세대수":282.0,
            "준공년월":"2008-07-17",
            "준공년차":15.0,
            "가까운역이름":"NA",
            "가까운역거리":"NA",
            "역세권여부":"NA",
            "30분이내주요거점역":"NA",
            "30분거점역이름":"NA",
            "1시간이내주요거점역":"NA",
            "1시간거점역이름":"NA",
            "3km이내백화점수":0,
            "5km이내아울렛몰수":0,
            "1km이내대형먀트수":0,
            "500m이내은행수":4,
            "500m이내병원수":10,
            "5km이내대형병원수":1,
            "500m이내공원수":1,
            "3km이내혐오시설수":1,
            "초등학교학업성취도":90.0,
            "중학교학업성취도":82.5,
            "용적률":230,
            "건폐율":20,
            "Y":35.129644,
            "X":128.710545,
            "rank":30.0,
            "area_info":"33평(109.74), 45평(151.16), 52평(174.53)",
            "last_sales":"2021-12-03,33800.0,52평(174.53)",
            "rank_history":[
                [
                    "202202",
                    30
                ],
                [
                    "202201",
                    30
                ]
            ],
            "rank_gap":0
        },
        {
            "index":84,
            "아파트명":"벚꽃그린빌주공4단지",
            "투자타입":"일반",
            "전용면적(m2)":"70.16",
            "전용면적(평)":"21평",
            "법정동주소":"경상남도 창원시 진해구 석동 659",
            "도로명주소":"경상남도 창원시 진해구 석동로 80",
            "세대수":30,
            "입주년차":20,
            "용적률점수":"--",
            "건폐율점수":"--",
            "세대당주차수":0,
            "난방방식":30,
            "공급면적":"--",
            "전용률":"--",
            "욕실수":50,
            "현관타입":50,
            "주거총점":27.5,
            "지역구공급총점":100.0,
            "역세권":"NA",
            "30분내 이동가능 거점":"NA",
            "1시간내 이동가능 거점":"NA",
            "교통총점":"NA",
            "백화점":0,
            "아울렛몰":0,
            "대형마트":100,
            "은행":0,
            "병원":60,
            "종합병원":100,
            "공원":100,
            "혐오시설":0,
            "인프라총점":44.0,
            "초등학군":89.99,
            "중학군":43.96,
            "학군총점":53.166,
            "인구수":20.68,
            "인구증감":-9.78,
            "인구총점":11.542,
            "일자리":11.71,
            "소득수준":82.32,
            "일자리총점":32.893,
            "가치 총점":40.5165,
            "매매실거래년":"18000101",
            "매매실거래가":null,
            "전세실거래년":null,
            "전세실거래가":null,
            "전세가율":null,
            "장기전세가율평균":70.66,
            "전세가율거품지수":null,
            "검색코드":13135,
            "세대수":397.0,
            "준공년월":"2003-07-25",
            "준공년차":20.0,
            "가까운역이름":"NA",
            "가까운역거리":"NA",
            "역세권여부":"NA",
            "30분이내주요거점역":"NA",
            "30분거점역이름":"NA",
            "1시간이내주요거점역":"NA",
            "1시간거점역이름":"NA",
            "3km이내백화점수":0,
            "5km이내아울렛몰수":0,
            "1km이내대형먀트수":2,
            "500m이내은행수":1,
            "500m이내병원수":20,
            "5km이내대형병원수":2,
            "500m이내공원수":5,
            "3km이내혐오시설수":0,
            "초등학교학업성취도":89.99,
            "중학교학업성취도":72.0,
            "용적률":84,
            "건폐율":25,
            "Y":35.156787,
            "X":128.70787,
            "rank":31.0,
            "area_info":"21평(70.16), 22평(75.87), 26평(87.9), 28평(94.6), 30평(99.63), 32평(107.03)",
            "last_sales":"1800-01-01,nan,21평(70.16)",
            "rank_history":[
                [
                    "202202",
                    31
                ],
                [
                    "202201",
                    26
                ]
            ],
            "rank_gap":-5
        },
        {
            "index":179,
            "아파트명":"자은더샵",
            "투자타입":"일반",
            "전용면적(m2)":"99.74",
            "전용면적(평)":"30평",
            "법정동주소":"경상남도 창원시 진해구 자은동 525-3",
            "도로명주소":"경상남도 창원시 진해구 진해대로975번길 26",
            "세대수":50,
            "입주년차":40,
            "용적률점수":"--",
            "건폐율점수":"--",
            "세대당주차수":30,
            "난방방식":30,
            "공급면적":"--",
            "전용률":"--",
            "욕실수":100,
            "현관타입":100,
            "주거총점":53.0,
            "지역구공급총점":100.0,
            "역세권":"NA",
            "30분내 이동가능 거점":"NA",
            "1시간내 이동가능 거점":"NA",
            "교통총점":"NA",
            "백화점":0,
            "아울렛몰":0,
            "대형마트":0,
            "은행":0,
            "병원":30,
            "종합병원":80,
            "공원":100,
            "혐오시설":0,
            "인프라총점":22.0,
            "초등학군":90.0,
            "중학군":43.16,
            "학군총점":52.528,
            "인구수":20.68,
            "인구증감":-9.78,
            "인구총점":11.542,
            "일자리":11.71,
            "소득수준":82.32,
            "일자리총점":32.893,
            "가치 총점":40.482,
            "매매실거래년":20211231.0,
            "매매실거래가":24850.0,
            "전세실거래년":20201112.0,
            "전세실거래가":18000.0,
            "전세가율":81.08,
            "장기전세가율평균":70.66,
            "전세가율거품지수":-10.42,
            "검색코드":14467,
            "세대수":442.0,
            "준공년월":"2005-11-11",
            "준공년차":18.0,
            "가까운역이름":"NA",
            "가까운역거리":"NA",
            "역세권여부":"NA",
            "30분이내주요거점역":"NA",
            "30분거점역이름":"NA",
            "1시간이내주요거점역":"NA",
            "1시간거점역이름":"NA",
            "3km이내백화점수":0,
            "5km이내아울렛몰수":0,
            "1km이내대형먀트수":0,
            "500m이내은행수":0,
            "500m이내병원수":7,
            "5km이내대형병원수":1,
            "500m이내공원수":2,
            "3km이내혐오시설수":0,
            "초등학교학업성취도":90.0,
            "중학교학업성취도":69.8,
            "용적률":243,
            "건폐율":22,
            "Y":35.14207,
            "X":128.709742,
            "rank":32.0,
            "area_info":"30평(99.74), 33평(110.12), 44평(147.79)",
            "last_sales":"2021-12-31,24850.0,33평(110.12)",
            "rank_history":[
                [
                    "202202",
                    32
                ],
                [
                    "202201",
                    25
                ]
            ],
            "rank_gap":-7
        },
        {
            "index":40,
            "아파트명":"포스코더샵",
            "투자타입":"일반",
            "전용면적(m2)":"111.5",
            "전용면적(평)":"33평",
            "법정동주소":"경상남도 창원시 진해구 경화동 1400",
            "도로명주소":"경상남도 창원시 진해구 조천북로 65",
            "세대수":50,
            "입주년차":40,
            "용적률점수":"--",
            "건폐율점수":"--",
            "세대당주차수":30,
            "난방방식":30,
            "공급면적":"--",
            "전용률":"--",
            "욕실수":100,
            "현관타입":100,
            "주거총점":53.0,
            "지역구공급총점":100.0,
            "역세권":"NA",
            "30분내 이동가능 거점":"NA",
            "1시간내 이동가능 거점":"NA",
            "교통총점":"NA",
            "백화점":0,
            "아울렛몰":0,
            "대형마트":0,
            "은행":0,
            "병원":0,
            "종합병원":80,
            "공원":80,
            "혐오시설":0,
            "인프라총점":18.4,
            "초등학군":90.0,
            "중학군":50.2,
            "학군총점":58.16,
            "인구수":20.68,
            "인구증감":-9.78,
            "인구총점":11.542,
            "일자리":11.71,
            "소득수준":82.32,
            "일자리총점":32.893,
            "가치 총점":40.45,
            "매매실거래년":20220106.0,
            "매매실거래가":20500.0,
            "전세실거래년":20211103.0,
            "전세실거래가":15000.0,
            "전세가율":73.17,
            "장기전세가율평균":70.66,
            "전세가율거품지수":-2.51,
            "검색코드":19436,
            "세대수":441.0,
            "준공년월":"2005-11-30",
            "준공년차":18.0,
            "가까운역이름":"NA",
            "가까운역거리":"NA",
            "역세권여부":"NA",
            "30분이내주요거점역":"NA",
            "30분거점역이름":"NA",
            "1시간이내주요거점역":"NA",
            "1시간거점역이름":"NA",
            "3km이내백화점수":0,
            "5km이내아울렛몰수":0,
            "1km이내대형먀트수":0,
            "500m이내은행수":0,
            "500m이내병원수":0,
            "5km이내대형병원수":1,
            "500m이내공원수":1,
            "3km이내혐오시설수":0,
            "초등학교학업성취도":90.0,
            "중학교학업성취도":81.0,
            "용적률":203,
            "건폐율":18,
            "Y":35.160393,
            "X":128.678893,
            "rank":33.0,
            "area_info":"33평(111.5), 34평(113.6)",
            "last_sales":"2022-01-06,20500.0,33평(111.5)",
            "rank_history":[
                [
                    "202202",
                    33
                ],
                [
                    "202201",
                    28
                ]
            ],
            "rank_gap":-5
        },
        {
            "index":128,
            "아파트명":"창원마린푸르지오2차",
            "투자타입":"일반",
            "전용면적(m2)":"82.77",
            "전용면적(평)":"25평",
            "법정동주소":"경상남도 창원시 진해구 안골동 375",
            "도로명주소":"경상남도 창원시 진해구 안골로298번길 26",
            "세대수":50,
            "입주년차":80,
            "용적률점수":"--",
            "건폐율점수":"--",
            "세대당주차수":30,
            "난방방식":30,
            "공급면적":"--",
            "전용률":"--",
            "욕실수":100,
            "현관타입":100,
            "주거총점":61.0,
            "지역구공급총점":100.0,
            "역세권":"NA",
            "30분내 이동가능 거점":"NA",
            "1시간내 이동가능 거점":"NA",
            "교통총점":"NA",
            "백화점":0,
            "아울렛몰":0,
            "대형마트":80,
            "은행":0,
            "병원":0,
            "종합병원":0,
            "공원":100,
            "혐오시설":0,
            "인프라총점":15.0,
            "초등학군":90.0,
            "중학군":42.36,
            "학군총점":51.888,
            "인구수":20.68,
            "인구증감":-9.78,
            "인구총점":11.542,
            "일자리":11.71,
            "소득수준":82.32,
            "일자리총점":32.893,
            "가치 총점":40.322,
            "매매실거래년":20220111.0,
            "매매실거래가":33000.0,
            "전세실거래년":20211120.0,
            "전세실거래가":15000.0,
            "전세가율":69.77,
            "장기전세가율평균":70.66,
            "전세가율거품지수":0.89,
            "검색코드":109158,
            "세대수":599.0,
            "준공년월":"2016-10-18",
            "준공년차":7.0,
            "가까운역이름":"NA",
            "가까운역거리":"NA",
            "역세권여부":"NA",
            "30분이내주요거점역":"NA",
            "30분거점역이름":"NA",
            "1시간이내주요거점역":"NA",
            "1시간거점역이름":"NA",
            "3km이내백화점수":0,
            "5km이내아울렛몰수":0,
            "1km이내대형먀트수":1,
            "500m이내은행수":1,
            "500m이내병원수":1,
            "5km이내대형병원수":0,
            "500m이내공원수":2,
            "3km이내혐오시설수":0,
            "초등학교학업성취도":90.0,
            "중학교학업성취도":69.2,
            "용적률":218,
            "건폐율":23,
            "Y":35.096948,
            "X":128.804535,
            "rank":34.0,
            "area_info":"25평(82.77), 30평(99.9), 30평(99.54), 33평(111.85), 34평(112.7)",
            "last_sales":"2022-01-11,33000.0,33평(111.85)",
            "rank_history":[
                [
                    "202202",
                    34
                ],
                [
                    "202201",
                    50
                ]
            ],
            "rank_gap":16
        },
        {
            "index":48,
            "아파트명":"남문호반베르디움",
            "투자타입":"일반",
            "전용면적(m2)":"97.18",
            "전용면적(평)":"29평",
            "법정동주소":"경상남도 창원시 진해구 남문동 1293-1",
            "도로명주소":"경상남도 창원시 진해구 웅천동로43번길 19",
            "세대수":90,
            "입주년차":80,
            "용적률점수":"--",
            "건폐율점수":"--",
            "세대당주차수":30,
            "난방방식":30,
            "공급면적":"--",
            "전용률":"--",
            "욕실수":100,
            "현관타입":100,
            "주거총점":75.0,
            "지역구공급총점":100.0,
            "역세권":"NA",
            "30분내 이동가능 거점":"NA",
            "1시간내 이동가능 거점":"NA",
            "교통총점":"NA",
            "백화점":0,
            "아울렛몰":0,
            "대형마트":0,
            "은행":0,
            "병원":0,
            "종합병원":0,
            "공원":100,
            "혐오시설":0,
            "인프라총점":3.0,
            "초등학군":90.0,
            "중학군":41.52,
            "학군총점":51.216,
            "인구수":20.68,
            "인구증감":-9.78,
            "인구총점":11.542,
            "일자리":11.71,
            "소득수준":82.32,
            "일자리총점":32.893,
            "가치 총점":40.254,
            "매매실거래년":20220123.0,
            "매매실거래가":32300.0,
            "전세실거래년":20220110.0,
            "전세실거래가":13000.0,
            "전세가율":47.45,
            "장기전세가율평균":70.66,
            "전세가율거품지수":23.21,
            "검색코드":111933,
            "세대수":944.0,
            "준공년월":"2018-06-04",
            "준공년차":5.0,
            "가까운역이름":"NA",
            "가까운역거리":"NA",
            "역세권여부":"NA",
            "30분이내주요거점역":"NA",
            "30분거점역이름":"NA",
            "1시간이내주요거점역":"NA",
            "1시간거점역이름":"NA",
            "3km이내백화점수":0,
            "5km이내아울렛몰수":0,
            "1km이내대형먀트수":0,
            "500m이내은행수":0,
            "500m이내병원수":1,
            "5km이내대형병원수":0,
            "500m이내공원수":4,
            "3km이내혐오시설수":0,
            "초등학교학업성취도":90.0,
            "중학교학업성취도":69.2,
            "용적률":218,
            "건폐율":16,
            "Y":35.103281,
            "X":128.757607,
            "rank":35.0,
            "area_info":"29평(97.18), 29평(97.28), 33평(110.17)",
            "last_sales":"2022-01-23,32300.0,33평(110.17)",
            "rank_history":[
                [
                    "202202",
                    35
                ],
                [
                    "202201",
                    27
                ]
            ],
            "rank_gap":-8
        },
        {
            "index":246,
            "아파트명":"풍림",
            "투자타입":"일반",
            "전용면적(m2)":"76.92",
            "전용면적(평)":"23평",
            "법정동주소":"경상남도 창원시 진해구 청안동 472",
            "도로명주소":"경상남도 창원시 진해구 안청북로 39",
            "세대수":90,
            "입주년차":20,
            "용적률점수":"--",
            "건폐율점수":"--",
            "세대당주차수":0,
            "난방방식":30,
            "공급면적":"--",
            "전용률":"--",
            "욕실수":100,
            "현관타입":100,
            "주거총점":58.5,
            "지역구공급총점":100.0,
            "역세권":"NA",
            "30분내 이동가능 거점":"NA",
            "1시간내 이동가능 거점":"NA",
            "교통총점":"NA",
            "백화점":0,
            "아울렛몰":0,
            "대형마트":80,
            "은행":0,
            "병원":10,
            "종합병원":0,
            "공원":100,
            "혐오시설":0,
            "인프라총점":16.0,
            "초등학군":89.99,
            "중학군":42.36,
            "학군총점":51.886,
            "인구수":20.68,
            "인구증감":-9.78,
            "인구총점":11.542,
            "일자리":11.71,
            "소득수준":82.32,
            "일자리총점":32.893,
            "가치 총점":39.8465,
            "매매실거래년":20220121.0,
            "매매실거래가":9600.0,
            "전세실거래년":20220119.0,
            "전세실거래가":10000.0,
            "전세가율":104.17,
            "장기전세가율평균":70.66,
            "전세가율거품지수":-33.51,
            "검색코드":7583,
            "세대수":1170.0,
            "준공년월":"2000-12-28",
            "준공년차":23.0,
            "가까운역이름":"NA",
            "가까운역거리":"NA",
            "역세권여부":"NA",
            "30분이내주요거점역":"NA",
            "30분거점역이름":"NA",
            "1시간이내주요거점역":"NA",
            "1시간거점역이름":"NA",
            "3km이내백화점수":0,
            "5km이내아울렛몰수":0,
            "1km이내대형먀트수":1,
            "500m이내은행수":0,
            "500m이내병원수":3,
            "5km이내대형병원수":0,
            "500m이내공원수":2,
            "3km이내혐오시설수":0,
            "초등학교학업성취도":89.99,
            "중학교학업성취도":69.2,
            "용적률":203,
            "건폐율":20,
            "Y":35.105784,
            "X":128.807019,
            "rank":36.0,
            "area_info":"23평(76.92)",
            "last_sales":"2022-01-21,9600.0,23평(76.92)",
            "rank_history":[
                [
                    "202202",
                    36
                ],
                [
                    "202201",
                    51
                ]
            ],
            "rank_gap":15
        },
        {
            "index":33,
            "아파트명":"창원경화베스티움",
            "투자타입":"일반",
            "전용면적(m2)":"100.3",
            "전용면적(평)":"30평",
            "법정동주소":"경상남도 창원시 진해구 경화동 1316",
            "도로명주소":"경상남도 창원시 진해구 조천북로 131",
            "세대수":0,
            "입주년차":80,
            "용적률점수":"--",
            "건폐율점수":"--",
            "세대당주차수":30,
            "난방방식":30,
            "공급면적":"--",
            "전용률":"--",
            "욕실수":100,
            "현관타입":100,
            "주거총점":43.5,
            "지역구공급총점":100.0,
            "역세권":"NA",
            "30분내 이동가능 거점":"NA",
            "1시간내 이동가능 거점":"NA",
            "교통총점":"NA",
            "백화점":0,
            "아울렛몰":0,
            "대형마트":0,
            "은행":0,
            "병원":10,
            "종합병원":100,
            "공원":100,
            "혐오시설":0,
            "인프라총점":24.0,
            "초등학군":89.99,
            "중학군":50.2,
            "학군총점":58.158,
            "인구수":20.68,
            "인구증감":-9.78,
            "인구총점":11.542,
            "일자리":11.71,
            "소득수준":82.32,
            "일자리총점":32.893,
            "가치 총점":39.3645,
            "매매실거래년":20211224.0,
            "매매실거래가":30900.0,
            "전세실거래년":20210327.0,
            "전세실거래가":17000.0,
            "전세가율":68.55,
            "장기전세가율평균":70.66,
            "전세가율거품지수":2.11,
            "검색코드":124804,
            "세대수":285.0,
            "준공년월":"2018-12-31",
            "준공년차":5.0,
            "가까운역이름":"NA",
            "가까운역거리":"NA",
            "역세권여부":"NA",
            "30분이내주요거점역":"NA",
            "30분거점역이름":"NA",
            "1시간이내주요거점역":"NA",
            "1시간거점역이름":"NA",
            "3km이내백화점수":0,
            "5km이내아울렛몰수":0,
            "1km이내대형먀트수":0,
            "500m이내은행수":0,
            "500m이내병원수":2,
            "5km이내대형병원수":2,
            "500m이내공원수":2,
            "3km이내혐오시설수":0,
            "초등학교학업성취도":89.99,
            "중학교학업성취도":81.0,
            "용적률":205,
            "건폐율":34,
            "Y":35.161698,
            "X":128.68578,
            "rank":37.0,
            "area_info":"30평(100.3), 30평(100.12), 33평(110.94), 33평(111.3), 33평(111.62), 33평(111.14), 58평(192.54)",
            "last_sales":"2021-12-24,30900.0,33평(111.62)",
            "rank_history":[
                [
                    "202202",
                    37
                ],
                [
                    "202201",
                    31
                ]
            ],
            "rank_gap":-6
        },
        {
            "index":77,
            "아파트명":"태영데시앙",
            "투자타입":"일반",
            "전용면적(m2)":"109.94",
            "전용면적(평)":"33평",
            "법정동주소":"경상남도 창원시 진해구 부흥동 1-1",
            "도로명주소":"경상남도 창원시 진해구 중원동로 38",
            "세대수":0,
            "입주년차":40,
            "용적률점수":"--",
            "건폐율점수":"--",
            "세대당주차수":60,
            "난방방식":30,
            "공급면적":"--",
            "전용률":"--",
            "욕실수":100,
            "현관타입":100,
            "주거총점":40.0,
            "지역구공급총점":100.0,
            "역세권":"NA",
            "30분내 이동가능 거점":"NA",
            "1시간내 이동가능 거점":"NA",
            "교통총점":"NA",
            "백화점":0,
            "아울렛몰":0,
            "대형마트":0,
            "은행":70,
            "병원":30,
            "종합병원":80,
            "공원":80,
            "혐오시설":0,
            "인프라총점":28.4,
            "초등학군":90.0,
            "중학군":45.88,
            "학군총점":54.704,
            "인구수":20.68,
            "인구증감":-9.78,
            "인구총점":11.542,
            "일자리":11.71,
            "소득수준":82.32,
            "일자리총점":32.893,
            "가치 총점":39.036,
            "매매실거래년":20211007.0,
            "매매실거래가":23500.0,
            "전세실거래년":20211012.0,
            "전세실거래가":15000.0,
            "전세가율":63.83,
            "장기전세가율평균":70.66,
            "전세가율거품지수":6.83,
            "검색코드":22811,
            "세대수":204.0,
            "준공년월":"2007-01-24",
            "준공년차":16.0,
            "가까운역이름":"NA",
            "가까운역거리":"NA",
            "역세권여부":"NA",
            "30분이내주요거점역":"NA",
            "30분거점역이름":"NA",
            "1시간이내주요거점역":"NA",
            "1시간거점역이름":"NA",
            "3km이내백화점수":0,
            "5km이내아울렛몰수":0,
            "1km이내대형먀트수":0,
            "500m이내은행수":3,
            "500m이내병원수":8,
            "5km이내대형병원수":1,
            "500m이내공원수":1,
            "3km이내혐오시설수":0,
            "초등학교학업성취도":90.0,
            "중학교학업성취도":75.8,
            "용적률":319,
            "건폐율":39,
            "Y":35.147796,
            "X":128.661744,
            "rank":38.0,
            "area_info":"33평(109.94), 45평(151.85)",
            "last_sales":"2021-10-07,23500.0,33평(109.94)",
            "rank_history":[
                [
                    "202202",
                    38
                ],
                [
                    "202201",
                    37
                ]
            ],
            "rank_gap":-1
        },
        {
            "index":90,
            "아파트명":"상지약수",
            "투자타입":"재건축",
            "전용면적(m2)":"84.71",
            "전용면적(평)":"25평",
            "법정동주소":"경상남도 창원시 진해구 석동 493",
            "도로명주소":"경상남도 창원시 진해구 병암북로4번길 37",
            "세대수":0,
            "입주년차":"--",
            "용적률점수":0,
            "건폐율점수":80,
            "세대당주차수":"--",
            "난방방식":"--",
            "공급면적":70,
            "전용률":100,
            "욕실수":"--",
            "현관타입":"--",
            "주거총점":24.5,
            "지역구공급총점":100.0,
            "역세권":"NA",
            "30분내 이동가능 거점":"NA",
            "1시간내 이동가능 거점":"NA",
            "교통총점":"NA",
            "백화점":0,
            "아울렛몰":0,
            "대형마트":100,
            "은행":0,
            "병원":10,
            "종합병원":100,
            "공원":100,
            "혐오시설":0,
            "인프라총점":39.0,
            "초등학군":90.01,
            "중학군":50.2,
            "학군총점":58.162,
            "인구수":20.68,
            "인구증감":-9.78,
            "인구총점":11.542,
            "일자리":11.71,
            "소득수준":82.32,
            "일자리총점":32.893,
            "가치 총점":38.7155,
            "매매실거래년":20211118.0,
            "매매실거래가":21000.0,
            "전세실거래년":20211123.0,
            "전세실거래가":14000.0,
            "전세가율":130.84,
            "장기전세가율평균":70.66,
            "전세가율거품지수":-60.18,
            "검색코드":7553,
            "세대수":150.0,
            "준공년월":"1991-05-27",
            "준공년차":32.0,
            "가까운역이름":"NA",
            "가까운역거리":"NA",
            "역세권여부":"NA",
            "30분이내주요거점역":"NA",
            "30분거점역이름":"NA",
            "1시간이내주요거점역":"NA",
            "1시간거점역이름":"NA",
            "3km이내백화점수":0,
            "5km이내아울렛몰수":0,
            "1km이내대형먀트수":3,
            "500m이내은행수":1,
            "500m이내병원수":3,
            "5km이내대형병원수":2,
            "500m이내공원수":2,
            "3km이내혐오시설수":0,
            "초등학교학업성취도":90.01,
            "중학교학업성취도":81.0,
            "용적률":299,
            "건폐율":26,
            "Y":35.160812,
            "X":128.694055,
            "rank":39.0,
            "area_info":"25평(84.71), 25평(84.75), 43평(142.15)",
            "last_sales":"2021-11-18,21000.0,43평(142.15)",
            "rank_history":[
                [
                    "202202",
                    39
                ],
                [
                    "202201",
                    33
                ]
            ],
            "rank_gap":-6
        },
        {
            "index":79,
            "아파트명":"벚꽃그린빌주공2단지",
            "투자타입":"일반",
            "전용면적(m2)":"63.33",
            "전용면적(평)":"19평",
            "법정동주소":"경상남도 창원시 진해구 석동 660",
            "도로명주소":"경상남도 창원시 진해구 냉천로107번길 14",
            "세대수":0,
            "입주년차":20,
            "용적률점수":"--",
            "건폐율점수":"--",
            "세대당주차수":0,
            "난방방식":30,
            "공급면적":"--",
            "전용률":"--",
            "욕실수":50,
            "현관타입":100,
            "주거총점":22.0,
            "지역구공급총점":100.0,
            "역세권":"NA",
            "30분내 이동가능 거점":"NA",
            "1시간내 이동가능 거점":"NA",
            "교통총점":"NA",
            "백화점":0,
            "아울렛몰":0,
            "대형마트":100,
            "은행":0,
            "병원":60,
            "종합병원":100,
            "공원":100,
            "혐오시설":0,
            "인프라총점":44.0,
            "초등학군":89.99,
            "중학군":43.96,
            "학군총점":53.166,
            "인구수":20.68,
            "인구증감":-9.78,
            "인구총점":11.542,
            "일자리":11.71,
            "소득수준":82.32,
            "일자리총점":32.893,
            "가치 총점":38.5915,
            "매매실거래년":"18000101",
            "매매실거래가":null,
            "전세실거래년":null,
            "전세실거래가":null,
            "전세가율":null,
            "장기전세가율평균":70.66,
            "전세가율거품지수":null,
            "검색코드":16754,
            "세대수":266.0,
            "준공년월":"2003-07-25",
            "준공년차":20.0,
            "가까운역이름":"NA",
            "가까운역거리":"NA",
            "역세권여부":"NA",
            "30분이내주요거점역":"NA",
            "30분거점역이름":"NA",
            "1시간이내주요거점역":"NA",
            "1시간거점역이름":"NA",
            "3km이내백화점수":0,
            "5km이내아울렛몰수":0,
            "1km이내대형먀트수":2,
            "500m이내은행수":1,
            "500m이내병원수":21,
            "5km이내대형병원수":2,
            "500m이내공원수":6,
            "3km이내혐오시설수":0,
            "초등학교학업성취도":89.99,
            "중학교학업성취도":72.0,
            "용적률":82,
            "건폐율":25,
            "Y":35.155444,
            "X":128.708826,
            "rank":40.0,
            "area_info":"19평(63.33), 25평(84.31)",
            "last_sales":"1800-01-01,nan,19평(63.33)",
            "rank_history":[
                [
                    "202202",
                    40
                ],
                [
                    "202201",
                    35
                ]
            ],
            "rank_gap":-5
        },
        {
            "index":253,
            "아파트명":"디에스아이존빌",
            "투자타입":"일반",
            "전용면적(m2)":"78.57",
            "전용면적(평)":"23평",
            "법정동주소":"경상남도 창원시 진해구 풍호동 83-101",
            "도로명주소":"경상남도 창원시 진해구 풍호로42번길 15",
            "세대수":30,
            "입주년차":20,
            "용적률점수":"--",
            "건폐율점수":"--",
            "세대당주차수":0,
            "난방방식":30,
            "공급면적":"--",
            "전용률":"--",
            "욕실수":100,
            "현관타입":100,
            "주거총점":37.5,
            "지역구공급총점":100.0,
            "역세권":"NA",
            "30분내 이동가능 거점":"NA",
            "1시간내 이동가능 거점":"NA",
            "교통총점":"NA",
            "백화점":0,
            "아울렛몰":0,
            "대형마트":0,
            "은행":0,
            "병원":60,
            "종합병원":80,
            "공원":100,
            "혐오시설":0,
            "인프라총점":25.0,
            "초등학군":90.0,
            "중학군":51.5,
            "학군총점":59.2,
            "인구수":20.68,
            "인구증감":-9.78,
            "인구총점":11.542,
            "일자리":11.71,
            "소득수준":82.32,
            "일자리총점":32.893,
            "가치 총점":37.925,
            "매매실거래년":20220120.0,
            "매매실거래가":18200.0,
            "전세실거래년":20211015.0,
            "전세실거래가":14000.0,
            "전세가율":76.92,
            "장기전세가율평균":70.66,
            "전세가율거품지수":-6.26,
            "검색코드":11437,
            "세대수":372.0,
            "준공년월":"2002-01-30",
            "준공년차":21.0,
            "가까운역이름":"NA",
            "가까운역거리":"NA",
            "역세권여부":"NA",
            "30분이내주요거점역":"NA",
            "30분거점역이름":"NA",
            "1시간이내주요거점역":"NA",
            "1시간거점역이름":"NA",
            "3km이내백화점수":0,
            "5km이내아울렛몰수":0,
            "1km이내대형먀트수":0,
            "500m이내은행수":0,
            "500m이내병원수":13,
            "5km이내대형병원수":1,
            "500m이내공원수":3,
            "3km이내혐오시설수":0,
            "초등학교학업성취도":90.0,
            "중학교학업성취도":82.5,
            "용적률":132,
            "건폐율":26,
            "Y":35.138942,
            "X":128.706697,
            "rank":41.0,
            "area_info":"23평(78.57), 28평(95.16), 31평(103.13), 38평(126.62)",
            "last_sales":"2022-01-20,18200.0,23평(78.57)",
            "rank_history":[
                [
                    "202202",
                    41
                ],
                [
                    "202201",
                    38
                ]
            ],
            "rank_gap":-3
        },
        {
            "index":142,
            "아파트명":"부산신항사랑으로부영6블럭",
            "투자타입":"일반",
            "전용면적(m2)":"112.59",
            "전용면적(평)":"34평",
            "법정동주소":"경상남도 창원시 진해구 용원동 1338",
            "도로명주소":"경상남도 창원시 진해구 신항5로 56",
            "세대수":50,
            "입주년차":100,
            "용적률점수":"--",
            "건폐율점수":"--",
            "세대당주차수":30,
            "난방방식":30,
            "공급면적":"--",
            "전용률":"--",
            "욕실수":100,
            "현관타입":100,
            "주거총점":65.0,
            "지역구공급총점":100.0,
            "역세권":"NA",
            "30분내 이동가능 거점":"NA",
            "1시간내 이동가능 거점":"NA",
            "교통총점":"NA",
            "백화점":0,
            "아울렛몰":0,
            "대형마트":0,
            "은행":0,
            "병원":10,
            "종합병원":0,
            "공원":100,
            "혐오시설":0,
            "인프라총점":4.0,
            "초등학군":90.13,
            "중학군":44.7,
            "학군총점":53.786,
            "인구수":20.68,
            "인구증감":-9.78,
            "인구총점":11.542,
            "일자리":11.71,
            "소득수준":82.32,
            "일자리총점":32.893,
            "가치 총점":37.7965,
            "매매실거래년":"18000101",
            "매매실거래가":null,
            "전세실거래년":null,
            "전세실거래가":null,
            "전세가율":null,
            "장기전세가율평균":70.66,
            "전세가율거품지수":null,
            "검색코드":128363,
            "세대수":539.0,
            "준공년월":"2019-06-01",
            "준공년차":4.0,
            "가까운역이름":"NA",
            "가까운역거리":"NA",
            "역세권여부":"NA",
            "30분이내주요거점역":"NA",
            "30분거점역이름":"NA",
            "1시간이내주요거점역":"NA",
            "1시간거점역이름":"NA",
            "3km이내백화점수":0,
            "5km이내아울렛몰수":0,
            "1km이내대형먀트수":0,
            "500m이내은행수":0,
            "500m이내병원수":3,
            "5km이내대형병원수":0,
            "500m이내공원수":7,
            "3km이내혐오시설수":0,
            "초등학교학업성취도":90.13,
            "중학교학업성취도":74.3,
            "용적률":227,
            "건폐율":17,
            "Y":35.087951,
            "X":128.809107,
            "rank":42.0,
            "area_info":"34평(112.59), 34평(113.3), 34평(113.22)",
            "last_sales":"1800-01-01,nan,34평(112.59)",
            "rank_history":[
                [
                    "202202",
                    42
                ],
                [
                    "202201",
                    36
                ]
            ],
            "rank_gap":-6
        },
        {
            "index":247,
            "아파트명":"해인로즈빌",
            "투자타입":"일반",
            "전용면적(m2)":"77.02",
            "전용면적(평)":"23평",
            "법정동주소":"경상남도 창원시 진해구 청안동 471",
            "도로명주소":"경상남도 창원시 진해구 안청로 126",
            "세대수":90,
            "입주년차":20,
            "용적률점수":"--",
            "건폐율점수":"--",
            "세대당주차수":0,
            "난방방식":30,
            "공급면적":"--",
            "전용률":"--",
            "욕실수":50,
            "현관타입":100,
            "주거총점":53.5,
            "지역구공급총점":100.0,
            "역세권":"NA",
            "30분내 이동가능 거점":"NA",
            "1시간내 이동가능 거점":"NA",
            "교통총점":"NA",
            "백화점":0,
            "아울렛몰":0,
            "대형마트":80,
            "은행":0,
            "병원":0,
            "종합병원":0,
            "공원":80,
            "혐오시설":0,
            "인프라총점":14.4,
            "초등학군":89.99,
            "중학군":42.36,
            "학군총점":51.886,
            "인구수":20.68,
            "인구증감":-9.78,
            "인구총점":11.542,
            "일자리":11.71,
            "소득수준":82.32,
            "일자리총점":32.893,
            "가치 총점":37.4565,
            "매매실거래년":20220124.0,
            "매매실거래가":10000.0,
            "전세실거래년":20211119.0,
            "전세실거래가":9500.0,
            "전세가율":87.96,
            "장기전세가율평균":70.66,
            "전세가율거품지수":-17.3,
            "검색코드":14208,
            "세대수":1140.0,
            "준공년월":"2002-04-25",
            "준공년차":21.0,
            "가까운역이름":"NA",
            "가까운역거리":"NA",
            "역세권여부":"NA",
            "30분이내주요거점역":"NA",
            "30분거점역이름":"NA",
            "1시간이내주요거점역":"NA",
            "1시간거점역이름":"NA",
            "3km이내백화점수":0,
            "5km이내아울렛몰수":0,
            "1km이내대형먀트수":1,
            "500m이내은행수":0,
            "500m이내병원수":1,
            "5km이내대형병원수":0,
            "500m이내공원수":1,
            "3km이내혐오시설수":0,
            "초등학교학업성취도":89.99,
            "중학교학업성취도":69.2,
            "용적률":218,
            "건폐율":18,
            "Y":35.106955,
            "X":128.805737,
            "rank":43.0,
            "area_info":"23평(77.02), 23평(78.99), 23평(78.85)",
            "last_sales":"2022-01-24,10000.0,23평(78.99)",
            "rank_history":[
                [
                    "202202",
                    43
                ],
                [
                    "202201",
                    54
                ]
            ],
            "rank_gap":11
        },
        {
            "index":155,
            "아파트명":"현대",
            "투자타입":"일반",
            "전용면적(m2)":"104.84",
            "전용면적(평)":"31평",
            "법정동주소":"경상남도 창원시 진해구 용원동 1206",
            "도로명주소":"경상남도 창원시 진해구 안청북로 42",
            "세대수":50,
            "입주년차":0,
            "용적률점수":"--",
            "건폐율점수":"--",
            "세대당주차수":30,
            "난방방식":30,
            "공급면적":"--",
            "전용률":"--",
            "욕실수":100,
            "현관타입":100,
            "주거총점":45.0,
            "지역구공급총점":100.0,
            "역세권":"NA",
            "30분내 이동가능 거점":"NA",
            "1시간내 이동가능 거점":"NA",
            "교통총점":"NA",
            "백화점":0,
            "아울렛몰":0,
            "대형마트":80,
            "은행":0,
            "병원":60,
            "종합병원":0,
            "공원":80,
            "혐오시설":0,
            "인프라총점":20.4,
            "초등학군":89.99,
            "중학군":42.36,
            "학군총점":51.886,
            "인구수":20.68,
            "인구증감":-9.78,
            "인구총점":11.542,
            "일자리":11.71,
            "소득수준":82.32,
            "일자리총점":32.893,
            "가치 총점":36.8815,
            "매매실거래년":20220116.0,
            "매매실거래가":15500.0,
            "전세실거래년":20211127.0,
            "전세실거래가":13000.0,
            "전세가율":83.87,
            "장기전세가율평균":70.66,
            "전세가율거품지수":-13.21,
            "검색코드":7566,
            "세대수":508.0,
            "준공년월":"1998-12-17",
            "준공년차":25.0,
            "가까운역이름":"NA",
            "가까운역거리":"NA",
            "역세권여부":"NA",
            "30분이내주요거점역":"NA",
            "30분거점역이름":"NA",
            "1시간이내주요거점역":"NA",
            "1시간거점역이름":"NA",
            "3km이내백화점수":0,
            "5km이내아울렛몰수":0,
            "1km이내대형먀트수":1,
            "500m이내은행수":0,
            "500m이내병원수":24,
            "5km이내대형병원수":0,
            "500m이내공원수":1,
            "3km이내혐오시설수":0,
            "초등학교학업성취도":89.99,
            "중학교학업성취도":69.2,
            "용적률":207,
            "건폐율":19,
            "Y":35.104299,
            "X":128.809253,
            "rank":44.0,
            "area_info":"31평(104.84)",
            "last_sales":"2022-01-16,15500.0,31평(104.84)",
            "rank_history":[
                [
                    "202202",
                    44
                ],
                [
                    "202201",
                    56
                ]
            ],
            "rank_gap":12
        },
        {
            "index":125,
            "아파트명":"진해유진에코블루스카이",
            "투자타입":"일반",
            "전용면적(m2)":"86.99",
            "전용면적(평)":"26평",
            "법정동주소":"경상남도 창원시 진해구 속천동 7",
            "도로명주소":"경상남도 창원시 진해구 속천로 45",
            "세대수":0,
            "입주년차":80,
            "용적률점수":"--",
            "건폐율점수":"--",
            "세대당주차수":60,
            "난방방식":30,
            "공급면적":"--",
            "전용률":"--",
            "욕실수":100,
            "현관타입":100,
            "주거총점":48.0,
            "지역구공급총점":100.0,
            "역세권":"NA",
            "30분내 이동가능 거점":"NA",
            "1시간내 이동가능 거점":"NA",
            "교통총점":"NA",
            "백화점":0,
            "아울렛몰":0,
            "대형마트":0,
            "은행":0,
            "병원":0,
            "종합병원":80,
            "공원":0,
            "혐오시설":0,
            "인프라총점":16.0,
            "초등학군":89.99,
            "중학군":45.88,
            "학군총점":54.702,
            "인구수":20.68,
            "인구증감":-9.78,
            "인구총점":11.542,
            "일자리":11.71,
            "소득수준":82.32,
            "일자리총점":32.893,
            "가치 총점":36.8755,
            "매매실거래년":20220115.0,
            "매매실거래가":19800.0,
            "전세실거래년":20210630.0,
            "전세실거래가":14000.0,
            "전세가율":59.57,
            "장기전세가율평균":70.66,
            "전세가율거품지수":11.09,
            "검색코드":109497,
            "세대수":158.0,
            "준공년월":"2015-05-22",
            "준공년차":8.0,
            "가까운역이름":"NA",
            "가까운역거리":"NA",
            "역세권여부":"NA",
            "30분이내주요거점역":"NA",
            "30분거점역이름":"NA",
            "1시간이내주요거점역":"NA",
            "1시간거점역이름":"NA",
            "3km이내백화점수":0,
            "5km이내아울렛몰수":0,
            "1km이내대형먀트수":0,
            "500m이내은행수":0,
            "500m이내병원수":1,
            "5km이내대형병원수":1,
            "500m이내공원수":0,
            "3km이내혐오시설수":0,
            "초등학교학업성취도":89.99,
            "중학교학업성취도":75.8,
            "용적률":498,
            "건폐율":75,
            "Y":35.143129,
            "X":128.669509,
            "rank":45.0,
            "area_info":"26평(86.99), 26평(87.43), 26평(87.9)",
            "last_sales":"2022-01-15,19800.0,26평(87.43)",
            "rank_history":[
                [
                    "202202",
                    45
                ],
                [
                    "202201",
                    41
                ]
            ],
            "rank_gap":-4
        },
        {
            "index":119,
            "아파트명":"진해한림",
            "투자타입":"일반",
            "전용면적(m2)":"58.21",
            "전용면적(평)":"17평",
            "법정동주소":"경상남도 창원시 진해구 석동 607",
            "도로명주소":"경상남도 창원시 진해구 진해대로728번길 8-36",
            "세대수":0,
            "입주년차":0,
            "용적률점수":"--",
            "건폐율점수":"--",
            "세대당주차수":0,
            "난방방식":30,
            "공급면적":"--",
            "전용률":"--",
            "욕실수":50,
            "현관타입":50,
            "주거총점":13.0,
            "지역구공급총점":100.0,
            "역세권":"NA",
            "30분내 이동가능 거점":"NA",
            "1시간내 이동가능 거점":"NA",
            "교통총점":"NA",
            "백화점":0,
            "아울렛몰":0,
            "대형마트":100,
            "은행":0,
            "병원":60,
            "종합병원":100,
            "공원":100,
            "혐오시설":0,
            "인프라총점":44.0,
            "초등학군":90.01,
            "중학군":50.2,
            "학군총점":58.162,
            "인구수":20.68,
            "인구증감":-9.78,
            "인구총점":11.542,
            "일자리":11.71,
            "소득수준":82.32,
            "일자리총점":32.893,
            "가치 총점":36.6905,
            "매매실거래년":20201203.0,
            "매매실거래가":13000.0,
            "전세실거래년":20190305.0,
            "전세실거래가":6000.0,
            "전세가율":66.67,
            "장기전세가율평균":70.66,
            "전세가율거품지수":3.99,
            "검색코드":7559,
            "세대수":110.0,
            "준공년월":"1995-06-29",
            "준공년차":28.0,
            "가까운역이름":"NA",
            "가까운역거리":"NA",
            "역세권여부":"NA",
            "30분이내주요거점역":"NA",
            "30분거점역이름":"NA",
            "1시간이내주요거점역":"NA",
            "1시간거점역이름":"NA",
            "3km이내백화점수":0,
            "5km이내아울렛몰수":0,
            "1km이내대형먀트수":3,
            "500m이내은행수":1,
            "500m이내병원수":18,
            "5km이내대형병원수":2,
            "500m이내공원수":2,
            "3km이내혐오시설수":0,
            "초등학교학업성취도":90.01,
            "중학교학업성취도":81.0,
            "용적률":0,
            "건폐율":0,
            "Y":35.157625,
            "X":128.693182,
            "rank":46.0,
            "area_info":"17평(58.21), 19평(64.57), 21평(71.29), 27평(91.38), 29평(96.64)",
            "last_sales":"2020-12-03,13000.0,29평(96.64)",
            "rank_history":[
                [
                    "202202",
                    46
                ],
                [
                    "202201",
                    42
                ]
            ],
            "rank_gap":-4
        },
        {
            "index":58,
            "아파트명":"진해남문하우스디",
            "투자타입":"일반",
            "전용면적(m2)":"95.2",
            "전용면적(평)":"28평",
            "법정동주소":"경상남도 창원시 진해구 남문동 1256-2",
            "도로명주소":"경상남도 창원시 진해구 웅천동로106번길 20",
            "세대수":0,
            "입주년차":100,
            "용적률점수":"--",
            "건폐율점수":"--",
            "세대당주차수":30,
            "난방방식":30,
            "공급면적":"--",
            "전용률":"--",
            "욕실수":100,
            "현관타입":100,
            "주거총점":47.5,
            "지역구공급총점":100.0,
            "역세권":"NA",
            "30분내 이동가능 거점":"NA",
            "1시간내 이동가능 거점":"NA",
            "교통총점":"NA",
            "백화점":0,
            "아울렛몰":0,
            "대형마트":80,
            "은행":0,
            "병원":30,
            "종합병원":0,
            "공원":100,
            "혐오시설":0,
            "인프라총점":18.0,
            "초등학군":90.0,
            "중학군":41.52,
            "학군총점":51.216,
            "인구수":20.68,
            "인구증감":-9.78,
            "인구총점":11.542,
            "일자리":11.71,
            "소득수준":82.32,
            "일자리총점":32.893,
            "가치 총점":36.629,
            "매매실거래년":20211211.0,
            "매매실거래가":24500.0,
            "전세실거래년":20211128.0,
            "전세실거래가":19500.0,
            "전세가율":79.59,
            "장기전세가율평균":70.66,
            "전세가율거품지수":-8.93,
            "검색코드":115868,
            "세대수":299.0,
            "준공년월":"2019-01-30",
            "준공년차":4.0,
            "가까운역이름":"NA",
            "가까운역거리":"NA",
            "역세권여부":"NA",
            "30분이내주요거점역":"NA",
            "30분거점역이름":"NA",
            "1시간이내주요거점역":"NA",
            "1시간거점역이름":"NA",
            "3km이내백화점수":0,
            "5km이내아울렛몰수":0,
            "1km이내대형먀트수":1,
            "500m이내은행수":0,
            "500m이내병원수":6,
            "5km이내대형병원수":0,
            "500m이내공원수":4,
            "3km이내혐오시설수":0,
            "초등학교학업성취도":90.0,
            "중학교학업성취도":69.2,
            "용적률":219,
            "건폐율":15,
            "Y":35.104198,
            "X":128.752991,
            "rank":47.0,
            "area_info":"28평(95.2), 28평(95.2), 33평(110.03), 33평(110.21), 33평(110.21), 33평(110.9)",
            "last_sales":"2021-12-11,24500.0,28평(95.2)",
            "rank_history":[
                [
                    "202202",
                    47
                ],
                [
                    "202201",
                    59
                ]
            ],
            "rank_gap":12
        },
        {
            "index":1,
            "아파트명":"경화삼정그린코아2단지",
            "투자타입":"일반",
            "전용면적(m2)":"112.43",
            "전용면적(평)":"34평",
            "법정동주소":"경상남도 창원시 진해구 경화동 1291",
            "도로명주소":"경상남도 창원시 진해구 조천북로 99",
            "세대수":0,
            "입주년차":40,
            "용적률점수":"--",
            "건폐율점수":"--",
            "세대당주차수":30,
            "난방방식":30,
            "공급면적":"--",
            "전용률":"--",
            "욕실수":100,
            "현관타입":100,
            "주거총점":35.5,
            "지역구공급총점":100.0,
            "역세권":"NA",
            "30분내 이동가능 거점":"NA",
            "1시간내 이동가능 거점":"NA",
            "교통총점":"NA",
            "백화점":0,
            "아울렛몰":0,
            "대형마트":0,
            "은행":0,
            "병원":10,
            "종합병원":100,
            "공원":100,
            "혐오시설":0,
            "인프라총점":24.0,
            "초등학군":89.99,
            "중학군":50.2,
            "학군총점":58.158,
            "인구수":20.68,
            "인구증감":-9.78,
            "인구총점":11.542,
            "일자리":11.71,
            "소득수준":82.32,
            "일자리총점":32.893,
            "가치 총점":36.5645,
            "매매실거래년":20211230.0,
            "매매실거래가":24800.0,
            "전세실거래년":20211115.0,
            "전세실거래가":14000.0,
            "전세가율":56.45,
            "장기전세가율평균":70.66,
            "전세가율거품지수":14.21,
            "검색코드":14645,
            "세대수":102.0,
            "준공년월":"2005-08-30",
            "준공년차":18.0,
            "가까운역이름":"NA",
            "가까운역거리":"NA",
            "역세권여부":"NA",
            "30분이내주요거점역":"NA",
            "30분거점역이름":"NA",
            "1시간이내주요거점역":"NA",
            "1시간거점역이름":"NA",
            "3km이내백화점수":0,
            "5km이내아울렛몰수":0,
            "1km이내대형먀트수":0,
            "500m이내은행수":0,
            "500m이내병원수":2,
            "5km이내대형병원수":2,
            "500m이내공원수":2,
            "3km이내혐오시설수":0,
            "초등학교학업성취도":89.99,
            "중학교학업성취도":81.0,
            "용적률":199,
            "건폐율":21,
            "Y":35.161846,
            "X":128.683416,
            "rank":48.0,
            "area_info":"34평(112.43)",
            "last_sales":"2021-12-30,24800.0,34평(112.43)",
            "rank_history":[
                [
                    "202202",
                    48
                ],
                [
                    "202201",
                    46
                ]
            ],
            "rank_gap":-2
        },
        {
            "index":75,
            "아파트명":"진해신항만경남아너스빌",
            "투자타입":"일반",
            "전용면적(m2)":"84.25",
            "전용면적(평)":"25평",
            "법정동주소":"경상남도 창원시 진해구 마천동 246",
            "도로명주소":"경상남도 창원시 진해구 마천로 50",
            "세대수":50,
            "입주년차":40,
            "용적률점수":"--",
            "건폐율점수":"--",
            "세대당주차수":30,
            "난방방식":30,
            "공급면적":"--",
            "전용률":"--",
            "욕실수":100,
            "현관타입":100,
            "주거총점":53.0,
            "지역구공급총점":100.0,
            "역세권":"NA",
            "30분내 이동가능 거점":"NA",
            "1시간내 이동가능 거점":"NA",
            "교통총점":"NA",
            "백화점":0,
            "아울렛몰":0,
            "대형마트":80,
            "은행":0,
            "병원":10,
            "종합병원":0,
            "공원":0,
            "혐오시설":0,
            "인프라총점":13.0,
            "초등학군":89.97,
            "중학군":41.52,
            "학군총점":51.21,
            "인구수":20.68,
            "인구증감":-9.78,
            "인구총점":11.542,
            "일자리":11.71,
            "소득수준":82.32,
            "일자리총점":32.893,
            "가치 총점":36.5525,
            "매매실거래년":20210501.0,
            "매매실거래가":16300.0,
            "전세실거래년":null,
            "전세실거래가":null,
            "전세가율":null,
            "장기전세가율평균":70.66,
            "전세가율거품지수":null,
            "검색코드":27813,
            "세대수":468.0,
            "준공년월":"2008-08-29",
            "준공년차":15.0,
            "가까운역이름":"NA",
            "가까운역거리":"NA",
            "역세권여부":"NA",
            "30분이내주요거점역":"NA",
            "30분거점역이름":"NA",
            "1시간이내주요거점역":"NA",
            "1시간거점역이름":"NA",
            "3km이내백화점수":0,
            "5km이내아울렛몰수":0,
            "1km이내대형먀트수":1,
            "500m이내은행수":0,
            "500m이내병원수":4,
            "5km이내대형병원수":0,
            "500m이내공원수":0,
            "3km이내혐오시설수":0,
            "초등학교학업성취도":89.97,
            "중학교학업성취도":69.2,
            "용적률":223,
            "건폐율":21,
            "Y":35.128507,
            "X":128.783906,
            "rank":49.0,
            "area_info":"25평(84.25), 34평(114.44)",
            "last_sales":"2021-05-01,16300.0,34평(114.44)",
            "rank_history":[
                [
                    "202202",
                    49
                ],
                [
                    "202201",
                    57
                ]
            ],
            "rank_gap":8
        },
        {
            "index":42,
            "아파트명":"진해미진이지비아",
            "투자타입":"일반",
            "전용면적(m2)":"80.31",
            "전용면적(평)":"24평",
            "법정동주소":"경상남도 창원시 진해구 광화동 26",
            "도로명주소":"경상남도 창원시 진해구 중원동로 33",
            "세대수":0,
            "입주년차":80,
            "용적률점수":"--",
            "건폐율점수":"--",
            "세대당주차수":30,
            "난방방식":30,
            "공급면적":"--",
            "전용률":"--",
            "욕실수":50,
            "현관타입":100,
            "주거총점":38.5,
            "지역구공급총점":100.0,
            "역세권":"NA",
            "30분내 이동가능 거점":"NA",
            "1시간내 이동가능 거점":"NA",
            "교통총점":"NA",
            "백화점":0,
            "아울렛몰":0,
            "대형마트":0,
            "은행":20,
            "병원":30,
            "종합병원":80,
            "공원":80,
            "혐오시설":0,
            "인프라총점":23.4,
            "초등학군":90.0,
            "중학군":45.88,
            "학군총점":54.704,
            "인구수":20.68,
            "인구증감":-9.78,
            "인구총점":11.542,
            "일자리":11.71,
            "소득수준":82.32,
            "일자리총점":32.893,
            "가치 총점":36.511,
            "매매실거래년":20211207.0,
            "매매실거래가":23900.0,
            "전세실거래년":20180210.0,
            "전세실거래가":9000.0,
            "전세가율":53.25,
            "장기전세가율평균":70.66,
            "전세가율거품지수":17.41,
            "검색코드":112618,
            "세대수":164.0,
            "준공년월":"2014-05-20",
            "준공년차":9.0,
            "가까운역이름":"NA",
            "가까운역거리":"NA",
            "역세권여부":"NA",
            "30분이내주요거점역":"NA",
            "30분거점역이름":"NA",
            "1시간이내주요거점역":"NA",
            "1시간거점역이름":"NA",
            "3km이내백화점수":0,
            "5km이내아울렛몰수":0,
            "1km이내대형먀트수":0,
            "500m이내은행수":2,
            "500m이내병원수":8,
            "5km이내대형병원수":1,
            "500m이내공원수":1,
            "3km이내혐오시설수":0,
            "초등학교학업성취도":90.0,
            "중학교학업성취도":75.8,
            "용적률":510,
            "건폐율":58,
            "Y":35.147684,
            "X":128.66069,
            "rank":50.0,
            "area_info":"24평(80.31), 25평(83.7), 25평(83.53), 25평(83.88), 25평(84.26), 32평(106.97)",
            "last_sales":"2021-12-07,23900.0,32평(106.97)",
            "rank_history":[
                [
                    "202202",
                    50
                ],
                [
                    "202201",
                    48
                ]
            ],
            "rank_gap":-2
        },
        {
            "index":182,
            "아파트명":"자은월드메르디앙",
            "투자타입":"일반",
            "전용면적(m2)":"112.86",
            "전용면적(평)":"34평",
            "법정동주소":"경상남도 창원시 진해구 자은동 284-1",
            "도로명주소":"경상남도 창원시 진해구 자은로64번가길 26",
            "세대수":30,
            "입주년차":40,
            "용적률점수":"--",
            "건폐율점수":"--",
            "세대당주차수":30,
            "난방방식":30,
            "공급면적":"--",
            "전용률":"--",
            "욕실수":100,
            "현관타입":50,
            "주거총점":41.0,
            "지역구공급총점":100.0,
            "역세권":"NA",
            "30분내 이동가능 거점":"NA",
            "1시간내 이동가능 거점":"NA",
            "교통총점":"NA",
            "백화점":0,
            "아울렛몰":0,
            "대형마트":0,
            "은행":0,
            "병원":30,
            "종합병원":80,
            "공원":100,
            "혐오시설":0,
            "인프라총점":22.0,
            "초등학군":89.99,
            "중학군":43.96,
            "학군총점":53.166,
            "인구수":20.68,
            "인구증감":-9.78,
            "인구총점":11.542,
            "일자리":11.71,
            "소득수준":82.32,
            "일자리총점":32.893,
            "가치 총점":36.4415,
            "매매실거래년":20211209.0,
            "매매실거래가":31000.0,
            "전세실거래년":20210403.0,
            "전세실거래가":23000.0,
            "전세가율":77.97,
            "장기전세가율평균":70.66,
            "전세가율거품지수":-7.31,
            "검색코드":26576,
            "세대수":358.0,
            "준공년월":"2008-01-29",
            "준공년차":15.0,
            "가까운역이름":"NA",
            "가까운역거리":"NA",
            "역세권여부":"NA",
            "30분이내주요거점역":"NA",
            "30분거점역이름":"NA",
            "1시간이내주요거점역":"NA",
            "1시간거점역이름":"NA",
            "3km이내백화점수":0,
            "5km이내아울렛몰수":0,
            "1km이내대형먀트수":0,
            "500m이내은행수":0,
            "500m이내병원수":9,
            "5km이내대형병원수":1,
            "500m이내공원수":3,
            "3km이내혐오시설수":0,
            "초등학교학업성취도":89.99,
            "중학교학업성취도":72.0,
            "용적률":233,
            "건폐율":23,
            "Y":35.151244,
            "X":128.711819,
            "rank":51.0,
            "area_info":"34평(112.86), 34평(113.4), 34평(114.19), 47평(158.66)",
            "last_sales":"2021-12-09,31000.0,34평(113.4)",
            "rank_history":[
                [
                    "202202",
                    51
                ],
                [
                    "202201",
                    45
                ]
            ],
            "rank_gap":-6
        },
        {
            "index":140,
            "아파트명":"부산신항만이지더원2단지",
            "투자타입":"일반",
            "전용면적(m2)":"80.36",
            "전용면적(평)":"24평",
            "법정동주소":"경상남도 창원시 진해구 용원동 1338-3",
            "도로명주소":"경상남도 창원시 진해구 신항북로 202",
            "세대수":50,
            "입주년차":80,
            "용적률점수":"--",
            "건폐율점수":"--",
            "세대당주차수":30,
            "난방방식":30,
            "공급면적":"--",
            "전용률":"--",
            "욕실수":100,
            "현관타입":100,
            "주거총점":61.0,
            "지역구공급총점":100.0,
            "역세권":"NA",
            "30분내 이동가능 거점":"NA",
            "1시간내 이동가능 거점":"NA",
            "교통총점":"NA",
            "백화점":0,
            "아울렛몰":0,
            "대형마트":0,
            "은행":0,
            "병원":10,
            "종합병원":0,
            "공원":100,
            "혐오시설":0,
            "인프라총점":4.0,
            "초등학군":90.13,
            "중학군":44.7,
            "학군총점":53.786,
            "인구수":20.68,
            "인구증감":-9.78,
            "인구총점":11.542,
            "일자리":11.71,
            "소득수준":82.32,
            "일자리총점":32.893,
            "가치 총점":36.3965,
            "매매실거래년":20220121.0,
            "매매실거래가":24500.0,
            "전세실거래년":20220125.0,
            "전세실거래가":16000.0,
            "전세가율":86.49,
            "장기전세가율평균":70.66,
            "전세가율거품지수":-15.83,
            "검색코드":105290,
            "세대수":452.0,
            "준공년월":"2014-10-29",
            "준공년차":9.0,
            "가까운역이름":"NA",
            "가까운역거리":"NA",
            "역세권여부":"NA",
            "30분이내주요거점역":"NA",
            "30분거점역이름":"NA",
            "1시간이내주요거점역":"NA",
            "1시간거점역이름":"NA",
            "3km이내백화점수":0,
            "5km이내아울렛몰수":0,
            "1km이내대형먀트수":0,
            "500m이내은행수":0,
            "500m이내병원수":4,
            "5km이내대형병원수":0,
            "500m이내공원수":4,
            "3km이내혐오시설수":0,
            "초등학교학업성취도":90.13,
            "중학교학업성취도":74.3,
            "용적률":229,
            "건폐율":17,
            "Y":35.087025,
            "X":128.812427,
            "rank":52.0,
            "area_info":"24평(80.36), 33평(112.3)",
            "last_sales":"2022-01-21,24500.0,33평(112.3)",
            "rank_history":[
                [
                    "202202",
                    52
                ],
                [
                    "202201",
                    40
                ]
            ],
            "rank_gap":-12
        },
        {
            "index":64,
            "아파트명":"남양에스티엑스칸",
            "투자타입":"일반",
            "전용면적(m2)":"110.43",
            "전용면적(평)":"33평",
            "법정동주소":"경상남도 창원시 진해구 남양동 20",
            "도로명주소":"경상남도 창원시 진해구 월남로 142",
            "세대수":30,
            "입주년차":60,
            "용적률점수":"--",
            "건폐율점수":"--",
            "세대당주차수":30,
            "난방방식":30,
            "공급면적":"--",
            "전용률":"--",
            "욕실수":100,
            "현관타입":100,
            "주거총점":50.0,
            "지역구공급총점":100.0,
            "역세권":"NA",
            "30분내 이동가능 거점":"NA",
            "1시간내 이동가능 거점":"NA",
            "교통총점":"NA",
            "백화점":0,
            "아울렛몰":0,
            "대형마트":80,
            "은행":0,
            "병원":0,
            "종합병원":0,
            "공원":100,
            "혐오시설":0,
            "인프라총점":15.0,
            "초등학군":89.97,
            "중학군":41.52,
            "학군총점":51.21,
            "인구수":20.68,
            "인구증감":-9.78,
            "인구총점":11.542,
            "일자리":11.71,
            "소득수준":82.32,
            "일자리총점":32.893,
            "가치 총점":36.3025,
            "매매실거래년":20220121.0,
            "매매실거래가":17000.0,
            "전세실거래년":null,
            "전세실거래가":null,
            "전세가율":null,
            "장기전세가율평균":70.66,
            "전세가율거품지수":null,
            "검색코드":119261,
            "세대수":385.0,
            "준공년월":"2009-02-12",
            "준공년차":14.0,
            "가까운역이름":"NA",
            "가까운역거리":"NA",
            "역세권여부":"NA",
            "30분이내주요거점역":"NA",
            "30분거점역이름":"NA",
            "1시간이내주요거점역":"NA",
            "1시간거점역이름":"NA",
            "3km이내백화점수":0,
            "5km이내아울렛몰수":0,
            "1km이내대형먀트수":1,
            "500m이내은행수":0,
            "500m이내병원수":0,
            "5km이내대형병원수":0,
            "500m이내공원수":2,
            "3km이내혐오시설수":0,
            "초등학교학업성취도":89.97,
            "중학교학업성취도":69.2,
            "용적률":131,
            "건폐율":14,
            "Y":35.119995,
            "X":128.780888,
            "rank":53.0,
            "area_info":"33평(110.43), 33평(110.7), 33평(111.38), 33평(111.38)",
            "last_sales":"2022-01-21,17000.0,33평(111.38)",
            "rank_history":[
                [
                    "202202",
                    53
                ],
                [
                    "202201",
                    58
                ]
            ],
            "rank_gap":5
        },
        {
            "index":171,
            "아파트명":"대동빌라트1단지",
            "투자타입":"일반",
            "전용면적(m2)":"103.99",
            "전용면적(평)":"31평",
            "법정동주소":"경상남도 창원시 진해구 자은동 910",
            "도로명주소":"경상남도 창원시 진해구 냉천로 88",
            "세대수":0,
            "입주년차":0,
            "용적률점수":"--",
            "건폐율점수":"--",
            "세대당주차수":0,
            "난방방식":30,
            "공급면적":"--",
            "전용률":"--",
            "욕실수":100,
            "현관타입":100,
            "주거총점":23.0,
            "지역구공급총점":100.0,
            "역세권":"NA",
            "30분내 이동가능 거점":"NA",
            "1시간내 이동가능 거점":"NA",
            "교통총점":"NA",
            "백화점":0,
            "아울렛몰":0,
            "대형마트":80,
            "은행":0,
            "병원":60,
            "종합병원":80,
            "공원":100,
            "혐오시설":0,
            "인프라총점":37.0,
            "초등학군":89.99,
            "중학군":43.96,
            "학군총점":53.166,
            "인구수":20.68,
            "인구증감":-9.78,
            "인구총점":11.542,
            "일자리":11.71,
            "소득수준":82.32,
            "일자리총점":32.893,
            "가치 총점":36.1415,
            "매매실거래년":20211127.0,
            "매매실거래가":24500.0,
            "전세실거래년":20211213.0,
            "전세실거래가":19000.0,
            "전세가율":77.55,
            "장기전세가율평균":70.66,
            "전세가율거품지수":-6.89,
            "검색코드":7573,
            "세대수":299.0,
            "준공년월":"1996-12-31",
            "준공년차":27.0,
            "가까운역이름":"NA",
            "가까운역거리":"NA",
            "역세권여부":"NA",
            "30분이내주요거점역":"NA",
            "30분거점역이름":"NA",
            "1시간이내주요거점역":"NA",
            "1시간거점역이름":"NA",
            "3km이내백화점수":0,
            "5km이내아울렛몰수":0,
            "1km이내대형먀트수":1,
            "500m이내은행수":1,
            "500m이내병원수":20,
            "5km이내대형병원수":1,
            "500m이내공원수":7,
            "3km이내혐오시설수":0,
            "초등학교학업성취도":89.99,
            "중학교학업성취도":72.0,
            "용적률":107,
            "건폐율":21,
            "Y":35.152,
            "X":128.7071,
            "rank":54.0,
            "area_info":"31평(103.99), 48평(160.59)",
            "last_sales":"2021-11-27,24500.0,31평(103.99)",
            "rank_history":[
                [
                    "202202",
                    54
                ],
                [
                    "202201",
                    39
                ]
            ],
            "rank_gap":-15
        },
        {
            "index":251,
            "아파트명":"경동윈츠빌",
            "투자타입":"일반",
            "전용면적(m2)":"109.01",
            "전용면적(평)":"32평",
            "법정동주소":"경상남도 창원시 진해구 풍호동 731-1",
            "도로명주소":"경상남도 창원시 진해구 풍호로3번길 14",
            "세대수":0,
            "입주년차":40,
            "용적률점수":"--",
            "건폐율점수":"--",
            "세대당주차수":30,
            "난방방식":30,
            "공급면적":"--",
            "전용률":"--",
            "욕실수":100,
            "현관타입":100,
            "주거총점":35.5,
            "지역구공급총점":100.0,
            "역세권":"NA",
            "30분내 이동가능 거점":"NA",
            "1시간내 이동가능 거점":"NA",
            "교통총점":"NA",
            "백화점":0,
            "아울렛몰":0,
            "대형마트":0,
            "은행":0,
            "병원":60,
            "종합병원":80,
            "공원":0,
            "혐오시설":0,
            "인프라총점":22.0,
            "초등학군":89.99,
            "중학군":51.5,
            "학군총점":59.198,
            "인구수":20.68,
            "인구증감":-9.78,
            "인구총점":11.542,
            "일자리":11.71,
            "소득수준":82.32,
            "일자리총점":32.893,
            "가치 총점":36.0245,
            "매매실거래년":20211126.0,
            "매매실거래가":20500.0,
            "전세실거래년":20201015.0,
            "전세실거래가":16000.0,
            "전세가율":78.05,
            "장기전세가율평균":70.66,
            "전세가율거품지수":-7.39,
            "검색코드":13136,
            "세대수":248.0,
            "준공년월":"2004-05-18",
            "준공년차":19.0,
            "가까운역이름":"NA",
            "가까운역거리":"NA",
            "역세권여부":"NA",
            "30분이내주요거점역":"NA",
            "30분거점역이름":"NA",
            "1시간이내주요거점역":"NA",
            "1시간거점역이름":"NA",
            "3km이내백화점수":0,
            "5km이내아울렛몰수":0,
            "1km이내대형먀트수":0,
            "500m이내은행수":0,
            "500m이내병원수":15,
            "5km이내대형병원수":1,
            "500m이내공원수":0,
            "3km이내혐오시설수":0,
            "초등학교학업성취도":89.99,
            "중학교학업성취도":82.5,
            "용적률":253,
            "건폐율":27,
            "Y":35.140876,
            "X":128.702763,
            "rank":55.0,
            "area_info":"32평(109.01), 42평(139.47)",
            "last_sales":"2021-11-26,20500.0,32평(109.01)",
            "rank_history":[
                [
                    "202202",
                    55
                ],
                [
                    "202201",
                    47
                ]
            ],
            "rank_gap":-8
        },
        {
            "index":197,
            "아파트명":"진해자은벚꽃주공",
            "투자타입":"일반",
            "전용면적(m2)":"80.03",
            "전용면적(평)":"24평",
            "법정동주소":"경상남도 창원시 진해구 자은동 834-1",
            "도로명주소":"경상남도 창원시 진해구 진해대로921번길 10",
            "세대수":50,
            "입주년차":20,
            "용적률점수":"--",
            "건폐율점수":"--",
            "세대당주차수":0,
            "난방방식":30,
            "공급면적":"--",
            "전용률":"--",
            "욕실수":50,
            "현관타입":100,
            "주거총점":39.5,
            "지역구공급총점":100.0,
            "역세권":"NA",
            "30분내 이동가능 거점":"NA",
            "1시간내 이동가능 거점":"NA",
            "교통총점":"NA",
            "백화점":0,
            "아울렛몰":0,
            "대형마트":0,
            "은행":0,
            "병원":30,
            "종합병원":80,
            "공원":100,
            "혐오시설":0,
            "인프라총점":22.0,
            "초등학군":89.99,
            "중학군":43.16,
            "학군총점":52.526,
            "인구수":20.68,
            "인구증감":-9.78,
            "인구총점":11.542,
            "일자리":11.71,
            "소득수준":82.32,
            "일자리총점":32.893,
            "가치 총점":35.7565,
            "매매실거래년":20220121.0,
            "매매실거래가":16000.0,
            "전세실거래년":20210928.0,
            "전세실거래가":16000.0,
            "전세가율":100.0,
            "장기전세가율평균":70.66,
            "전세가율거품지수":-29.34,
            "검색코드":7579,
            "세대수":600.0,
            "준공년월":"2000-08-03",
            "준공년차":23.0,
            "가까운역이름":"NA",
            "가까운역거리":"NA",
            "역세권여부":"NA",
            "30분이내주요거점역":"NA",
            "30분거점역이름":"NA",
            "1시간이내주요거점역":"NA",
            "1시간거점역이름":"NA",
            "3km이내백화점수":0,
            "5km이내아울렛몰수":0,
            "1km이내대형먀트수":0,
            "500m이내은행수":0,
            "500m이내병원수":6,
            "5km이내대형병원수":1,
            "500m이내공원수":3,
            "3km이내혐오시설수":0,
            "초등학교학업성취도":89.99,
            "중학교학업성취도":69.8,
            "용적률":129,
            "건폐율":20,
            "Y":35.146699,
            "X":128.709047,
            "rank":56.0,
            "area_info":"24평(80.03), 24평(80.38), 30평(101.29), 30평(101.33), 30평(101.61), 34평(113.36), 34평(113.77), 34평(113.81)",
            "last_sales":"2022-01-21,16000.0,24평(80.03)",
            "rank_history":[
                [
                    "202202",
                    56
                ],
                [
                    "202201",
                    49
                ]
            ],
            "rank_gap":-7
        },
        {
            "index":243,
            "아파트명":"부영2차",
            "투자타입":"일반",
            "전용면적(m2)":"77.83",
            "전용면적(평)":"23평",
            "법정동주소":"경상남도 창원시 진해구 청안동 474",
            "도로명주소":"경상남도 창원시 진해구 안청북로 12",
            "세대수":50,
            "입주년차":20,
            "용적률점수":"--",
            "건폐율점수":"--",
            "세대당주차수":0,
            "난방방식":30,
            "공급면적":"--",
            "전용률":"--",
            "욕실수":100,
            "현관타입":100,
            "주거총점":44.5,
            "지역구공급총점":100.0,
            "역세권":"NA",
            "30분내 이동가능 거점":"NA",
            "1시간내 이동가능 거점":"NA",
            "교통총점":"NA",
            "백화점":0,
            "아울렛몰":0,
            "대형마트":80,
            "은행":0,
            "병원":10,
            "종합병원":0,
            "공원":100,
            "혐오시설":0,
            "인프라총점":16.0,
            "초등학군":89.99,
            "중학군":42.36,
            "학군총점":51.886,
            "인구수":20.68,
            "인구증감":-9.78,
            "인구총점":11.542,
            "일자리":11.71,
            "소득수준":82.32,
            "일자리총점":32.893,
            "가치 총점":34.9465,
            "매매실거래년":20220115.0,
            "매매실거래가":10900.0,
            "전세실거래년":20220120.0,
            "전세실거래가":10000.0,
            "전세가율":91.74,
            "장기전세가율평균":70.66,
            "전세가율거품지수":-21.08,
            "검색코드":23949,
            "세대수":440.0,
            "준공년월":"2002-05-30",
            "준공년차":21.0,
            "가까운역이름":"NA",
            "가까운역거리":"NA",
            "역세권여부":"NA",
            "30분이내주요거점역":"NA",
            "30분거점역이름":"NA",
            "1시간이내주요거점역":"NA",
            "1시간거점역이름":"NA",
            "3km이내백화점수":0,
            "5km이내아울렛몰수":0,
            "1km이내대형먀트수":1,
            "500m이내은행수":0,
            "500m이내병원수":4,
            "5km이내대형병원수":0,
            "500m이내공원수":3,
            "3km이내혐오시설수":0,
            "초등학교학업성취도":89.99,
            "중학교학업성취도":69.2,
            "용적률":219,
            "건폐율":19,
            "Y":35.103885,
            "X":128.803853,
            "rank":57.0,
            "area_info":"23평(77.83)",
            "last_sales":"2022-01-15,10900.0,23평(77.83)",
            "rank_history":[
                [
                    "202202",
                    57
                ],
                [
                    "202201",
                    64
                ]
            ],
            "rank_gap":7
        },
        {
            "index":0,
            "아파트명":"경화삼정그린코아1단지",
            "투자타입":"일반",
            "전용면적(m2)":"111.2",
            "전용면적(평)":"33평",
            "법정동주소":"경상남도 창원시 진해구 경화동 1428-1",
            "도로명주소":"경상남도 창원시 진해구 조천북로 97",
            "세대수":0,
            "입주년차":40,
            "용적률점수":"--",
            "건폐율점수":"--",
            "세대당주차수":0,
            "난방방식":30,
            "공급면적":"--",
            "전용률":"--",
            "욕실수":100,
            "현관타입":100,
            "주거총점":31.0,
            "지역구공급총점":100.0,
            "역세권":"NA",
            "30분내 이동가능 거점":"NA",
            "1시간내 이동가능 거점":"NA",
            "교통총점":"NA",
            "백화점":0,
            "아울렛몰":0,
            "대형마트":0,
            "은행":0,
            "병원":0,
            "종합병원":100,
            "공원":100,
            "혐오시설":0,
            "인프라총점":23.0,
            "초등학군":89.99,
            "중학군":50.2,
            "학군총점":58.158,
            "인구수":20.68,
            "인구증감":-9.78,
            "인구총점":11.542,
            "일자리":11.71,
            "소득수준":82.32,
            "일자리총점":32.893,
            "가치 총점":34.5895,
            "매매실거래년":20220105.0,
            "매매실거래가":21100.0,
            "전세실거래년":20210223.0,
            "전세실거래가":13000.0,
            "전세가율":61.61,
            "장기전세가율평균":70.66,
            "전세가율거품지수":9.05,
            "검색코드":14644,
            "세대수":202.0,
            "준공년월":"2005-08-30",
            "준공년차":18.0,
            "가까운역이름":"NA",
            "가까운역거리":"NA",
            "역세권여부":"NA",
            "30분이내주요거점역":"NA",
            "30분거점역이름":"NA",
            "1시간이내주요거점역":"NA",
            "1시간거점역이름":"NA",
            "3km이내백화점수":0,
            "5km이내아울렛몰수":0,
            "1km이내대형먀트수":0,
            "500m이내은행수":0,
            "500m이내병원수":1,
            "5km이내대형병원수":2,
            "500m이내공원수":2,
            "3km이내혐오시설수":0,
            "초등학교학업성취도":89.99,
            "중학교학업성취도":81.0,
            "용적률":225,
            "건폐율":22,
            "Y":35.161807,
            "X":128.682186,
            "rank":58.0,
            "area_info":"33평(111.2)",
            "last_sales":"2022-01-05,21100.0,33평(111.2)",
            "rank_history":[
                [
                    "202202",
                    58
                ],
                [
                    "202201",
                    53
                ]
            ],
            "rank_gap":-5
        },
        {
            "index":244,
            "아파트명":"부영3차",
            "투자타입":"일반",
            "전용면적(m2)":"67.98",
            "전용면적(평)":"20평",
            "법정동주소":"경상남도 창원시 진해구 청안동 473",
            "도로명주소":"경상남도 창원시 진해구 안청북로 15",
            "세대수":90,
            "입주년차":20,
            "용적률점수":"--",
            "건폐율점수":"--",
            "세대당주차수":0,
            "난방방식":30,
            "공급면적":"--",
            "전용률":"--",
            "욕실수":50,
            "현관타입":10,
            "주거총점":44.5,
            "지역구공급총점":100.0,
            "역세권":"NA",
            "30분내 이동가능 거점":"NA",
            "1시간내 이동가능 거점":"NA",
            "교통총점":"NA",
            "백화점":0,
            "아울렛몰":0,
            "대형마트":80,
            "은행":0,
            "병원":0,
            "종합병원":0,
            "공원":100,
            "혐오시설":0,
            "인프라총점":15.0,
            "초등학군":89.99,
            "중학군":42.36,
            "학군총점":51.886,
            "인구수":20.68,
            "인구증감":-9.78,
            "인구총점":11.542,
            "일자리":11.71,
            "소득수준":82.32,
            "일자리총점":32.893,
            "가치 총점":34.5465,
            "매매실거래년":20220122.0,
            "매매실거래가":7400.0,
            "전세실거래년":20220122.0,
            "전세실거래가":6000.0,
            "전세가율":81.08,
            "장기전세가율평균":70.66,
            "전세가율거품지수":-10.42,
            "검색코드":23960,
            "세대수":1275.0,
            "준공년월":"2003-02-19",
            "준공년차":20.0,
            "가까운역이름":"NA",
            "가까운역거리":"NA",
            "역세권여부":"NA",
            "30분이내주요거점역":"NA",
            "30분거점역이름":"NA",
            "1시간이내주요거점역":"NA",
            "1시간거점역이름":"NA",
            "3km이내백화점수":0,
            "5km이내아울렛몰수":0,
            "1km이내대형먀트수":1,
            "500m이내은행수":0,
            "500m이내병원수":1,
            "5km이내대형병원수":0,
            "500m이내공원수":2,
            "3km이내혐오시설수":0,
            "초등학교학업성취도":89.99,
            "중학교학업성취도":69.2,
            "용적률":219,
            "건폐율":17,
            "Y":35.105241,
            "X":128.804568,
            "rank":59.0,
            "area_info":"20평(67.98), 23평(78.17)",
            "last_sales":"2022-01-22,7400.0,20평(67.98)",
            "rank_history":[
                [
                    "202202",
                    59
                ],
                [
                    "202201",
                    65
                ]
            ],
            "rank_gap":6
        },
        {
            "index":73,
            "아파트명":"남명플럼빌리지",
            "투자타입":"일반",
            "전용면적(m2)":"79.38",
            "전용면적(평)":"24평",
            "법정동주소":"경상남도 창원시 진해구 마천동 99-3",
            "도로명주소":"경상남도 창원시 진해구 웅동로 54",
            "세대수":50,
            "입주년차":40,
            "용적률점수":"--",
            "건폐율점수":"--",
            "세대당주차수":0,
            "난방방식":30,
            "공급면적":"--",
            "전용률":"--",
            "욕실수":50,
            "현관타입":100,
            "주거총점":43.5,
            "지역구공급총점":100.0,
            "역세권":"NA",
            "30분내 이동가능 거점":"NA",
            "1시간내 이동가능 거점":"NA",
            "교통총점":"NA",
            "백화점":0,
            "아울렛몰":0,
            "대형마트":80,
            "은행":0,
            "병원":10,
            "종합병원":0,
            "공원":80,
            "혐오시설":0,
            "인프라총점":15.4,
            "초등학군":89.97,
            "중학군":41.52,
            "학군총점":51.21,
            "인구수":20.68,
            "인구증감":-9.78,
            "인구총점":11.542,
            "일자리":11.71,
            "소득수준":82.32,
            "일자리총점":32.893,
            "가치 총점":34.1875,
            "매매실거래년":20211229.0,
            "매매실거래가":11000.0,
            "전세실거래년":20211111.0,
            "전세실거래가":7000.0,
            "전세가율":63.64,
            "장기전세가율평균":70.66,
            "전세가율거품지수":7.02,
            "검색코드":105122,
            "세대수":498.0,
            "준공년월":"2004-03-17",
            "준공년차":19.0,
            "가까운역이름":"NA",
            "가까운역거리":"NA",
            "역세권여부":"NA",
            "30분이내주요거점역":"NA",
            "30분거점역이름":"NA",
            "1시간이내주요거점역":"NA",
            "1시간거점역이름":"NA",
            "3km이내백화점수":0,
            "5km이내아울렛몰수":0,
            "1km이내대형먀트수":1,
            "500m이내은행수":0,
            "500m이내병원수":4,
            "5km이내대형병원수":0,
            "500m이내공원수":1,
            "3km이내혐오시설수":0,
            "초등학교학업성취도":89.97,
            "중학교학업성취도":69.2,
            "용적률":335,
            "건폐율":21,
            "Y":35.124679,
            "X":128.783452,
            "rank":60.0,
            "area_info":"24평(79.38), 32평(106.57)",
            "last_sales":"2021-12-29,11000.0,24평(79.38)",
            "rank_history":[
                [
                    "202202",
                    60
                ],
                [
                    "202201",
                    66
                ]
            ],
            "rank_gap":6
        },
        {
            "index":138,
            "아파트명":"부산신항만이지더원1단지",
            "투자타입":"일반",
            "전용면적(m2)":"80.37",
            "전용면적(평)":"24평",
            "법정동주소":"경상남도 창원시 진해구 용원동 1338-2",
            "도로명주소":"경상남도 창원시 진해구 신항동로 143",
            "세대수":30,
            "입주년차":80,
            "용적률점수":"--",
            "건폐율점수":"--",
            "세대당주차수":30,
            "난방방식":30,
            "공급면적":"--",
            "전용률":"--",
            "욕실수":100,
            "현관타입":100,
            "주거총점":54.0,
            "지역구공급총점":100.0,
            "역세권":"NA",
            "30분내 이동가능 거점":"NA",
            "1시간내 이동가능 거점":"NA",
            "교통총점":"NA",
            "백화점":0,
            "아울렛몰":0,
            "대형마트":0,
            "은행":0,
            "병원":10,
            "종합병원":0,
            "공원":100,
            "혐오시설":0,
            "인프라총점":4.0,
            "초등학군":90.13,
            "중학군":44.7,
            "학군총점":53.786,
            "인구수":20.68,
            "인구증감":-9.78,
            "인구총점":11.542,
            "일자리":11.71,
            "소득수준":82.32,
            "일자리총점":32.893,
            "가치 총점":33.9465,
            "매매실거래년":20220125.0,
            "매매실거래가":25300.0,
            "전세실거래년":20220115.0,
            "전세실거래가":14000.0,
            "전세가율":77.78,
            "장기전세가율평균":70.66,
            "전세가율거품지수":-7.12,
            "검색코드":105289,
            "세대수":340.0,
            "준공년월":"2014-10-29",
            "준공년차":9.0,
            "가까운역이름":"NA",
            "가까운역거리":"NA",
            "역세권여부":"NA",
            "30분이내주요거점역":"NA",
            "30분거점역이름":"NA",
            "1시간이내주요거점역":"NA",
            "1시간거점역이름":"NA",
            "3km이내백화점수":0,
            "5km이내아울렛몰수":0,
            "1km이내대형먀트수":0,
            "500m이내은행수":0,
            "500m이내병원수":4,
            "5km이내대형병원수":0,
            "500m이내공원수":4,
            "3km이내혐오시설수":0,
            "초등학교학업성취도":90.13,
            "중학교학업성취도":74.3,
            "용적률":222,
            "건폐율":19,
            "Y":35.088128,
            "X":128.811945,
            "rank":61.0,
            "area_info":"24평(80.37), 33평(112.31)",
            "last_sales":"2022-01-25,25300.0,33평(112.31)",
            "rank_history":[
                [
                    "202202",
                    61
                ],
                [
                    "202201",
                    52
                ]
            ],
            "rank_gap":-9
        },
        {
            "index":176,
            "아파트명":"성원",
            "투자타입":"일반",
            "전용면적(m2)":"52.39",
            "전용면적(평)":"15평",
            "법정동주소":"경상남도 창원시 진해구 자은동 911",
            "도로명주소":"경상남도 창원시 진해구 냉천로108번길 6",
            "세대수":50,
            "입주년차":0,
            "용적률점수":"--",
            "건폐율점수":"--",
            "세대당주차수":0,
            "난방방식":30,
            "공급면적":"--",
            "전용률":"--",
            "욕실수":50,
            "현관타입":10,
            "주거총점":26.5,
            "지역구공급총점":100.0,
            "역세권":"NA",
            "30분내 이동가능 거점":"NA",
            "1시간내 이동가능 거점":"NA",
            "교통총점":"NA",
            "백화점":0,
            "아울렛몰":0,
            "대형마트":0,
            "은행":0,
            "병원":60,
            "종합병원":80,
            "공원":100,
            "혐오시설":0,
            "인프라총점":25.0,
            "초등학군":89.99,
            "중학군":43.96,
            "학군총점":53.166,
            "인구수":20.68,
            "인구증감":-9.78,
            "인구총점":11.542,
            "일자리":11.71,
            "소득수준":82.32,
            "일자리총점":32.893,
            "가치 총점":32.5665,
            "매매실거래년":20220124.0,
            "매매실거래가":12000.0,
            "전세실거래년":20220122.0,
            "전세실거래가":8500.0,
            "전세가율":70.83,
            "장기전세가율평균":70.66,
            "전세가율거품지수":-0.17,
            "검색코드":7577,
            "세대수":650.0,
            "준공년월":"1995-09-28",
            "준공년차":28.0,
            "가까운역이름":"NA",
            "가까운역거리":"NA",
            "역세권여부":"NA",
            "30분이내주요거점역":"NA",
            "30분거점역이름":"NA",
            "1시간이내주요거점역":"NA",
            "1시간거점역이름":"NA",
            "3km이내백화점수":0,
            "5km이내아울렛몰수":0,
            "1km이내대형먀트수":0,
            "500m이내은행수":1,
            "500m이내병원수":21,
            "5km이내대형병원수":1,
            "500m이내공원수":8,
            "3km이내혐오시설수":0,
            "초등학교학업성취도":89.99,
            "중학교학업성취도":72.0,
            "용적률":109,
            "건폐율":26,
            "Y":35.152958,
            "X":128.708377,
            "rank":62.0,
            "area_info":"15평(52.39)",
            "last_sales":"2022-01-24,12000.0,15평(52.39)",
            "rank_history":[
                [
                    "202202",
                    62
                ],
                [
                    "202201",
                    55
                ]
            ],
            "rank_gap":-7
        },
        {
            "index":174,
            "아파트명":"삼성",
            "투자타입":"일반",
            "전용면적(m2)":"68.5",
            "전용면적(평)":"20평",
            "법정동주소":"경상남도 창원시 진해구 자은동 849",
            "도로명주소":"경상남도 창원시 진해구 자은로64번길 40",
            "세대수":30,
            "입주년차":0,
            "용적률점수":"--",
            "건폐율점수":"--",
            "세대당주차수":0,
            "난방방식":30,
            "공급면적":"--",
            "전용률":"--",
            "욕실수":50,
            "현관타입":100,
            "주거총점":28.5,
            "지역구공급총점":100.0,
            "역세권":"NA",
            "30분내 이동가능 거점":"NA",
            "1시간내 이동가능 거점":"NA",
            "교통총점":"NA",
            "백화점":0,
            "아울렛몰":0,
            "대형마트":0,
            "은행":0,
            "병원":30,
            "종합병원":80,
            "공원":100,
            "혐오시설":0,
            "인프라총점":22.0,
            "초등학군":89.99,
            "중학군":43.16,
            "학군총점":52.526,
            "인구수":20.68,
            "인구증감":-9.78,
            "인구총점":11.542,
            "일자리":11.71,
            "소득수준":82.32,
            "일자리총점":32.893,
            "가치 총점":31.9065,
            "매매실거래년":20211219.0,
            "매매실거래가":11000.0,
            "전세실거래년":20210115.0,
            "전세실거래가":7000.0,
            "전세가율":78.65,
            "장기전세가율평균":70.66,
            "전세가율거품지수":-7.99,
            "검색코드":7575,
            "세대수":370.0,
            "준공년월":"1993-07-15",
            "준공년차":30.0,
            "가까운역이름":"NA",
            "가까운역거리":"NA",
            "역세권여부":"NA",
            "30분이내주요거점역":"NA",
            "30분거점역이름":"NA",
            "1시간이내주요거점역":"NA",
            "1시간거점역이름":"NA",
            "3km이내백화점수":0,
            "5km이내아울렛몰수":0,
            "1km이내대형먀트수":0,
            "500m이내은행수":0,
            "500m이내병원수":5,
            "5km이내대형병원수":1,
            "500m이내공원수":3,
            "3km이내혐오시설수":0,
            "초등학교학업성취도":89.99,
            "중학교학업성취도":69.8,
            "용적률":228,
            "건폐율":28,
            "Y":35.14781,
            "X":128.70853,
            "rank":63.0,
            "area_info":"20평(68.5), 24평(81.5)",
            "last_sales":"2021-12-19,11000.0,24평(81.5)",
            "rank_history":[
                [
                    "202202",
                    63
                ],
                [
                    "202201",
                    61
                ]
            ],
            "rank_gap":-2
        },
        {
            "index":173,
            "아파트명":"대동빌라트2차",
            "투자타입":"일반",
            "전용면적(m2)":"90.41",
            "전용면적(평)":"27평",
            "법정동주소":"경상남도 창원시 진해구 자은동 977-1",
            "도로명주소":"경상남도 창원시 진해구 냉천로108번길 5-16",
            "세대수":0,
            "입주년차":0,
            "용적률점수":"--",
            "건폐율점수":"--",
            "세대당주차수":0,
            "난방방식":30,
            "공급면적":"--",
            "전용률":"--",
            "욕실수":100,
            "현관타입":100,
            "주거총점":23.0,
            "지역구공급총점":100.0,
            "역세권":"NA",
            "30분내 이동가능 거점":"NA",
            "1시간내 이동가능 거점":"NA",
            "교통총점":"NA",
            "백화점":0,
            "아울렛몰":0,
            "대형마트":0,
            "은행":0,
            "병원":60,
            "종합병원":80,
            "공원":100,
            "혐오시설":0,
            "인프라총점":25.0,
            "초등학군":89.99,
            "중학군":43.96,
            "학군총점":53.166,
            "인구수":20.68,
            "인구증감":-9.78,
            "인구총점":11.542,
            "일자리":11.71,
            "소득수준":82.32,
            "일자리총점":32.893,
            "가치 총점":31.3415,
            "매매실거래년":"18000101",
            "매매실거래가":null,
            "전세실거래년":null,
            "전세실거래가":null,
            "전세가율":null,
            "장기전세가율평균":70.66,
            "전세가율거품지수":null,
            "검색코드":15716,
            "세대수":112.0,
            "준공년월":"1996-12-31",
            "준공년차":27.0,
            "가까운역이름":"NA",
            "가까운역거리":"NA",
            "역세권여부":"NA",
            "30분이내주요거점역":"NA",
            "30분거점역이름":"NA",
            "1시간이내주요거점역":"NA",
            "1시간거점역이름":"NA",
            "3km이내백화점수":0,
            "5km이내아울렛몰수":0,
            "1km이내대형먀트수":0,
            "500m이내은행수":1,
            "500m이내병원수":23,
            "5km이내대형병원수":1,
            "500m이내공원수":6,
            "3km이내혐오시설수":0,
            "초등학교학업성취도":89.99,
            "중학교학업성취도":72.0,
            "용적률":85,
            "건폐율":25,
            "Y":35.153358,
            "X":128.709401,
            "rank":64.0,
            "area_info":"27평(90.41)",
            "last_sales":"1800-01-01,nan,27평(90.41)",
            "rank_history":[
                [
                    "202202",
                    64
                ],
                [
                    "202201",
                    60
                ]
            ],
            "rank_gap":-4
        },
        {
            "index":177,
            "아파트명":"원창베스트빌",
            "투자타입":"일반",
            "전용면적(m2)":"64.13",
            "전용면적(평)":"19평",
            "법정동주소":"경상남도 창원시 진해구 자은동 661-1",
            "도로명주소":"경상남도 창원시 진해구 풍호로35번길 19",
            "세대수":0,
            "입주년차":20,
            "용적률점수":"--",
            "건폐율점수":"--",
            "세대당주차수":0,
            "난방방식":30,
            "공급면적":"--",
            "전용률":"--",
            "욕실수":50,
            "현관타입":50,
            "주거총점":17.0,
            "지역구공급총점":100.0,
            "역세권":"NA",
            "30분내 이동가능 거점":"NA",
            "1시간내 이동가능 거점":"NA",
            "교통총점":"NA",
            "백화점":0,
            "아울렛몰":0,
            "대형마트":0,
            "은행":0,
            "병원":60,
            "종합병원":80,
            "공원":80,
            "혐오시설":0,
            "인프라총점":24.4,
            "초등학군":89.99,
            "중학군":51.5,
            "학군총점":59.198,
            "인구수":20.68,
            "인구증감":-9.78,
            "인구총점":11.542,
            "일자리":11.71,
            "소득수준":82.32,
            "일자리총점":32.893,
            "가치 총점":30.5095,
            "매매실거래년":20211104.0,
            "매매실거래가":7000.0,
            "전세실거래년":20210410.0,
            "전세실거래가":7000.0,
            "전세가율":100.0,
            "장기전세가율평균":70.66,
            "전세가율거품지수":-29.34,
            "검색코드":106408,
            "세대수":140.0,
            "준공년월":"2003-11-25",
            "준공년차":20.0,
            "가까운역이름":"NA",
            "가까운역거리":"NA",
            "역세권여부":"NA",
            "30분이내주요거점역":"NA",
            "30분거점역이름":"NA",
            "1시간이내주요거점역":"NA",
            "1시간거점역이름":"NA",
            "3km이내백화점수":0,
            "5km이내아울렛몰수":0,
            "1km이내대형먀트수":0,
            "500m이내은행수":0,
            "500m이내병원수":16,
            "5km이내대형병원수":1,
            "500m이내공원수":1,
            "3km이내혐오시설수":0,
            "초등학교학업성취도":89.99,
            "중학교학업성취도":82.5,
            "용적률":236,
            "건폐율":37,
            "Y":35.141506,
            "X":128.704503,
            "rank":65.0,
            "area_info":"19평(64.13), 23평(76.67)",
            "last_sales":"2021-11-04,7000.0,19평(64.13)",
            "rank_history":[
                [
                    "202202",
                    65
                ],
                [
                    "202201",
                    62
                ]
            ],
            "rank_gap":-3
        },
        {
            "index":283,
            "아파트명":"평화마을",
            "투자타입":"일반",
            "전용면적(m2)":"77.77",
            "전용면적(평)":"23평",
            "법정동주소":"경상남도 창원시 진해구 풍호동 483-10",
            "도로명주소":"경상남도 창원시 진해구 충장로603번길 10",
            "세대수":0,
            "입주년차":20,
            "용적률점수":"--",
            "건폐율점수":"--",
            "세대당주차수":0,
            "난방방식":30,
            "공급면적":"--",
            "전용률":"--",
            "욕실수":50,
            "현관타입":100,
            "주거총점":22.0,
            "지역구공급총점":100.0,
            "역세권":"NA",
            "30분내 이동가능 거점":"NA",
            "1시간내 이동가능 거점":"NA",
            "교통총점":"NA",
            "백화점":0,
            "아울렛몰":0,
            "대형마트":0,
            "은행":0,
            "병원":0,
            "종합병원":80,
            "공원":100,
            "혐오시설":0,
            "인프라총점":19.0,
            "초등학군":90.0,
            "중학군":51.5,
            "학군총점":59.2,
            "인구수":20.68,
            "인구증감":-9.78,
            "인구총점":11.542,
            "일자리":11.71,
            "소득수준":82.32,
            "일자리총점":32.893,
            "가치 총점":30.1,
            "매매실거래년":20220126.0,
            "매매실거래가":11000.0,
            "전세실거래년":20210821.0,
            "전세실거래가":9000.0,
            "전세가율":81.82,
            "장기전세가율평균":70.66,
            "전세가율거품지수":-11.16,
            "검색코드":16758,
            "세대수":168.0,
            "준공년월":"2000-05-27",
            "준공년차":23.0,
            "가까운역이름":"NA",
            "가까운역거리":"NA",
            "역세권여부":"NA",
            "30분이내주요거점역":"NA",
            "30분거점역이름":"NA",
            "1시간이내주요거점역":"NA",
            "1시간거점역이름":"NA",
            "3km이내백화점수":0,
            "5km이내아울렛몰수":0,
            "1km이내대형먀트수":0,
            "500m이내은행수":0,
            "500m이내병원수":0,
            "5km이내대형병원수":1,
            "500m이내공원수":2,
            "3km이내혐오시설수":0,
            "초등학교학업성취도":90.0,
            "중학교학업성취도":82.5,
            "용적률":297,
            "건폐율":28,
            "Y":35.135401,
            "X":128.70344,
            "rank":66.0,
            "area_info":"23평(77.77)",
            "last_sales":"2022-01-26,11000.0,23평(77.77)",
            "rank_history":[
                [
                    "202202",
                    66
                ],
                [
                    "202201",
                    63
                ]
            ],
            "rank_gap":-3
        },
        {
            "index":288,
            "아파트명":"중앙상가",
            "투자타입":"재건축",
            "전용면적(m2)":"86.61",
            "전용면적(평)":"26평",
            "법정동주소":"경상남도 창원시 진해구 화천동 50-10",
            "도로명주소":"경상남도 창원시 진해구 벚꽃로60번길 9-6",
            "세대수":0,
            "입주년차":"--",
            "용적률점수":0,
            "건폐율점수":0,
            "세대당주차수":"--",
            "난방방식":"--",
            "공급면적":70,
            "전용률":100,
            "욕실수":"--",
            "현관타입":"--",
            "주거총점":8.5,
            "지역구공급총점":100.0,
            "역세권":"NA",
            "30분내 이동가능 거점":"NA",
            "1시간내 이동가능 거점":"NA",
            "교통총점":"NA",
            "백화점":0,
            "아울렛몰":0,
            "대형마트":0,
            "은행":70,
            "병원":80,
            "종합병원":80,
            "공원":80,
            "혐오시설":0,
            "인프라총점":33.4,
            "초등학군":90.0,
            "중학군":45.88,
            "학군총점":54.704,
            "인구수":20.68,
            "인구증감":-9.78,
            "인구총점":11.542,
            "일자리":11.71,
            "소득수준":82.32,
            "일자리총점":32.893,
            "가치 총점":30.011,
            "매매실거래년":"18000101",
            "매매실거래가":null,
            "전세실거래년":null,
            "전세실거래가":null,
            "전세가율":null,
            "장기전세가율평균":70.66,
            "전세가율거품지수":null,
            "검색코드":128748,
            "세대수":108.0,
            "준공년월":"1980-12-13",
            "준공년차":43.0,
            "가까운역이름":"NA",
            "가까운역거리":"NA",
            "역세권여부":"NA",
            "30분이내주요거점역":"NA",
            "30분거점역이름":"NA",
            "1시간이내주요거점역":"NA",
            "1시간거점역이름":"NA",
            "3km이내백화점수":0,
            "5km이내아울렛몰수":0,
            "1km이내대형먀트수":0,
            "500m이내은행수":3,
            "500m이내병원수":39,
            "5km이내대형병원수":1,
            "500m이내공원수":1,
            "3km이내혐오시설수":0,
            "초등학교학업성취도":90.0,
            "중학교학업성취도":75.8,
            "용적률":0,
            "건폐율":0,
            "Y":35.15114,
            "X":128.664398,
            "rank":67.0,
            "area_info":"26평(86.61), 26평(87.0)",
            "last_sales":"1800-01-01,nan,26평(86.61)",
            "rank_history":[
                [
                    "202202",
                    0
                ],
                [
                    "202201",
                    9999
                ]
            ],
            "rank_gap":9999
        },
        {
            "index":284,
            "아파트명":"풍호시영",
            "투자타입":"재건축",
            "전용면적(m2)":"58.83",
            "전용면적(평)":"17평",
            "법정동주소":"경상남도 창원시 진해구 풍호동 75-1",
            "도로명주소":"경상남도 창원시 진해구 진해대로1041번길 35",
            "세대수":50,
            "입주년차":"--",
            "용적률점수":0,
            "건폐율점수":0,
            "세대당주차수":"--",
            "난방방식":"--",
            "공급면적":50,
            "전용률":80,
            "욕실수":"--",
            "현관타입":"--",
            "주거총점":21.5,
            "지역구공급총점":100.0,
            "역세권":"NA",
            "30분내 이동가능 거점":"NA",
            "1시간내 이동가능 거점":"NA",
            "교통총점":"NA",
            "백화점":0,
            "아울렛몰":0,
            "대형마트":0,
            "은행":0,
            "병원":0,
            "종합병원":80,
            "공원":100,
            "혐오시설":0,
            "인프라총점":19.0,
            "초등학군":90.0,
            "중학군":51.5,
            "학군총점":59.2,
            "인구수":20.68,
            "인구증감":-9.78,
            "인구총점":11.542,
            "일자리":11.71,
            "소득수준":82.32,
            "일자리총점":32.893,
            "가치 총점":29.925,
            "매매실거래년":20211227.0,
            "매매실거래가":13950.0,
            "전세실거래년":20211226.0,
            "전세실거래가":10000.0,
            "전세가율":71.68,
            "장기전세가율평균":70.66,
            "전세가율거품지수":-1.02,
            "검색코드":7588,
            "세대수":460.0,
            "준공년월":"1991-01-30",
            "준공년차":32.0,
            "가까운역이름":"NA",
            "가까운역거리":"NA",
            "역세권여부":"NA",
            "30분이내주요거점역":"NA",
            "30분거점역이름":"NA",
            "1시간이내주요거점역":"NA",
            "1시간거점역이름":"NA",
            "3km이내백화점수":0,
            "5km이내아울렛몰수":0,
            "1km이내대형먀트수":0,
            "500m이내은행수":0,
            "500m이내병원수":1,
            "5km이내대형병원수":1,
            "500m이내공원수":4,
            "3km이내혐오시설수":0,
            "초등학교학업성취도":90.0,
            "중학교학업성취도":82.5,
            "용적률":0,
            "건폐율":0,
            "Y":35.137188,
            "X":128.712169,
            "rank":68.0,
            "area_info":"17평(58.83)",
            "last_sales":"2021-12-27,13950.0,17평(58.83)",
            "rank_history":[
                [
                    "202202",
                    68
                ],
                [
                    "202201",
                    70
                ]
            ],
            "rank_gap":2
        },
        {
            "index":69,
            "아파트명":"청안해오름",
            "투자타입":"일반",
            "전용면적(m2)":"112.99",
            "전용면적(평)":"34평",
            "법정동주소":"경상남도 창원시 진해구 두동 1296-1",
            "도로명주소":"경상남도 창원시 진해구 웅동로 150",
            "세대수":0,
            "입주년차":40,
            "용적률점수":"--",
            "건폐율점수":"--",
            "세대당주차수":0,
            "난방방식":30,
            "공급면적":"--",
            "전용률":"--",
            "욕실수":100,
            "현관타입":100,
            "주거총점":31.0,
            "지역구공급총점":100.0,
            "역세권":"NA",
            "30분내 이동가능 거점":"NA",
            "1시간내 이동가능 거점":"NA",
            "교통총점":"NA",
            "백화점":0,
            "아울렛몰":0,
            "대형마트":80,
            "은행":0,
            "병원":0,
            "종합병원":0,
            "공원":80,
            "혐오시설":0,
            "인프라총점":14.4,
            "초등학군":89.97,
            "중학군":41.52,
            "학군총점":51.21,
            "인구수":20.68,
            "인구증감":-9.78,
            "인구총점":11.542,
            "일자리":11.71,
            "소득수준":82.32,
            "일자리총점":32.893,
            "가치 총점":29.4125,
            "매매실거래년":20211119.0,
            "매매실거래가":10000.0,
            "전세실거래년":20160402.0,
            "전세실거래가":5000.0,
            "전세가율":50.0,
            "장기전세가율평균":70.66,
            "전세가율거품지수":20.66,
            "검색코드":102385,
            "세대수":274.0,
            "준공년월":"2004-03-04",
            "준공년차":19.0,
            "가까운역이름":"NA",
            "가까운역거리":"NA",
            "역세권여부":"NA",
            "30분이내주요거점역":"NA",
            "30분거점역이름":"NA",
            "1시간이내주요거점역":"NA",
            "1시간거점역이름":"NA",
            "3km이내백화점수":0,
            "5km이내아울렛몰수":0,
            "1km이내대형먀트수":1,
            "500m이내은행수":0,
            "500m이내병원수":0,
            "5km이내대형병원수":0,
            "500m이내공원수":1,
            "3km이내혐오시설수":0,
            "초등학교학업성취도":89.97,
            "중학교학업성취도":69.2,
            "용적률":297,
            "건폐율":24,
            "Y":35.120367,
            "X":128.790783,
            "rank":69.0,
            "area_info":"34평(112.99)",
            "last_sales":"2021-11-19,10000.0,34평(112.99)",
            "rank_history":[
                [
                    "202202",
                    69
                ],
                [
                    "202201",
                    75
                ]
            ],
            "rank_gap":6
        },
        {
            "index":250,
            "아파트명":"원창시인의마을",
            "투자타입":"일반",
            "전용면적(m2)":"76.71",
            "전용면적(평)":"23평",
            "법정동주소":"경상남도 창원시 진해구 태백동 4-1",
            "도로명주소":"경상남도 창원시 진해구 태백서로45번길 3",
            "세대수":0,
            "입주년차":20,
            "용적률점수":"--",
            "건폐율점수":"--",
            "세대당주차수":0,
            "난방방식":30,
            "공급면적":"--",
            "전용률":"--",
            "욕실수":100,
            "현관타입":100,
            "주거총점":27.0,
            "지역구공급총점":100.0,
            "역세권":"NA",
            "30분내 이동가능 거점":"NA",
            "1시간내 이동가능 거점":"NA",
            "교통총점":"NA",
            "백화점":0,
            "아울렛몰":0,
            "대형마트":0,
            "은행":0,
            "병원":0,
            "종합병원":80,
            "공원":80,
            "혐오시설":0,
            "인프라총점":18.4,
            "초등학군":90.0,
            "중학군":39.62,
            "학군총점":49.696,
            "인구수":20.68,
            "인구증감":-9.78,
            "인구총점":11.542,
            "일자리":11.71,
            "소득수준":82.32,
            "일자리총점":32.893,
            "가치 총점":29.234,
            "매매실거래년":20211112.0,
            "매매실거래가":11900.0,
            "전세실거래년":20201128.0,
            "전세실거래가":8000.0,
            "전세가율":67.23,
            "장기전세가율평균":70.66,
            "전세가율거품지수":3.43,
            "검색코드":100854,
            "세대수":122.0,
            "준공년월":"2002-11-12",
            "준공년차":21.0,
            "가까운역이름":"NA",
            "가까운역거리":"NA",
            "역세권여부":"NA",
            "30분이내주요거점역":"NA",
            "30분거점역이름":"NA",
            "1시간이내주요거점역":"NA",
            "1시간거점역이름":"NA",
            "3km이내백화점수":0,
            "5km이내아울렛몰수":0,
            "1km이내대형먀트수":0,
            "500m이내은행수":0,
            "500m이내병원수":1,
            "5km이내대형병원수":1,
            "500m이내공원수":1,
            "3km이내혐오시설수":0,
            "초등학교학업성취도":90.0,
            "중학교학업성취도":65.1,
            "용적률":171,
            "건폐율":25,
            "Y":35.155927,
            "X":128.673038,
            "rank":70.0,
            "area_info":"23평(76.71)",
            "last_sales":"2021-11-12,11900.0,23평(76.71)",
            "rank_history":[
                [
                    "202202",
                    70
                ],
                [
                    "202201",
                    67
                ]
            ],
            "rank_gap":-3
        },
        {
            "index":124,
            "아파트명":"수창블루안",
            "투자타입":"일반",
            "전용면적(m2)":"79.47",
            "전용면적(평)":"24평",
            "법정동주소":"경상남도 창원시 진해구 속천동 1-3",
            "도로명주소":"경상남도 창원시 진해구 속천로 58",
            "세대수":0,
            "입주년차":40,
            "용적률점수":"--",
            "건폐율점수":"--",
            "세대당주차수":0,
            "난방방식":30,
            "공급면적":"--",
            "전용률":"--",
            "욕실수":50,
            "현관타입":100,
            "주거총점":26.0,
            "지역구공급총점":100.0,
            "역세권":"NA",
            "30분내 이동가능 거점":"NA",
            "1시간내 이동가능 거점":"NA",
            "교통총점":"NA",
            "백화점":0,
            "아울렛몰":0,
            "대형마트":0,
            "은행":0,
            "병원":0,
            "종합병원":80,
            "공원":0,
            "혐오시설":0,
            "인프라총점":16.0,
            "초등학군":89.99,
            "중학군":45.88,
            "학군총점":54.702,
            "인구수":20.68,
            "인구증감":-9.78,
            "인구총점":11.542,
            "일자리":11.71,
            "소득수준":82.32,
            "일자리총점":32.893,
            "가치 총점":29.1755,
            "매매실거래년":20211118.0,
            "매매실거래가":10700.0,
            "전세실거래년":20211029.0,
            "전세실거래가":7500.0,
            "전세가율":70.09,
            "장기전세가율평균":70.66,
            "전세가율거품지수":0.57,
            "검색코드":103793,
            "세대수":124.0,
            "준공년월":"2004-06-17",
            "준공년차":19.0,
            "가까운역이름":"NA",
            "가까운역거리":"NA",
            "역세권여부":"NA",
            "30분이내주요거점역":"NA",
            "30분거점역이름":"NA",
            "1시간이내주요거점역":"NA",
            "1시간거점역이름":"NA",
            "3km이내백화점수":0,
            "5km이내아울렛몰수":0,
            "1km이내대형먀트수":0,
            "500m이내은행수":0,
            "500m이내병원수":1,
            "5km이내대형병원수":1,
            "500m이내공원수":0,
            "3km이내혐오시설수":0,
            "초등학교학업성취도":89.99,
            "중학교학업성취도":75.8,
            "용적률":0,
            "건폐율":0,
            "Y":35.142001,
            "X":128.669697,
            "rank":71.0,
            "area_info":"24평(79.47)",
            "last_sales":"2021-11-18,10700.0,24평(79.47)",
            "rank_history":[
                [
                    "202202",
                    71
                ],
                [
                    "202201",
                    68
                ]
            ],
            "rank_gap":-3
        },
        {
            "index":14,
            "아파트명":"유일전원",
            "투자타입":"일반",
            "전용면적(m2)":"64.21",
            "전용면적(평)":"19평",
            "법정동주소":"경상남도 창원시 진해구 경화동 1280",
            "도로명주소":"경상남도 창원시 진해구 조천로35번길 16",
            "세대수":0,
            "입주년차":0,
            "용적률점수":"--",
            "건폐율점수":"--",
            "세대당주차수":0,
            "난방방식":30,
            "공급면적":"--",
            "전용률":"--",
            "욕실수":50,
            "현관타입":50,
            "주거총점":13.0,
            "지역구공급총점":100.0,
            "역세권":"NA",
            "30분내 이동가능 거점":"NA",
            "1시간내 이동가능 거점":"NA",
            "교통총점":"NA",
            "백화점":0,
            "아울렛몰":0,
            "대형마트":0,
            "은행":0,
            "병원":10,
            "종합병원":100,
            "공원":100,
            "혐오시설":0,
            "인프라총점":24.0,
            "초등학군":89.99,
            "중학군":50.2,
            "학군총점":58.158,
            "인구수":20.68,
            "인구증감":-9.78,
            "인구총점":11.542,
            "일자리":11.71,
            "소득수준":82.32,
            "일자리총점":32.893,
            "가치 총점":28.6895,
            "매매실거래년":"18000101",
            "매매실거래가":null,
            "전세실거래년":null,
            "전세실거래가":null,
            "전세가율":null,
            "장기전세가율평균":70.66,
            "전세가율거품지수":null,
            "검색코드":7549,
            "세대수":120.0,
            "준공년월":"1995-06-08",
            "준공년차":28.0,
            "가까운역이름":"NA",
            "가까운역거리":"NA",
            "역세권여부":"NA",
            "30분이내주요거점역":"NA",
            "30분거점역이름":"NA",
            "1시간이내주요거점역":"NA",
            "1시간거점역이름":"NA",
            "3km이내백화점수":0,
            "5km이내아울렛몰수":0,
            "1km이내대형먀트수":0,
            "500m이내은행수":0,
            "500m이내병원수":2,
            "5km이내대형병원수":2,
            "500m이내공원수":2,
            "3km이내혐오시설수":0,
            "초등학교학업성취도":89.99,
            "중학교학업성취도":81.0,
            "용적률":0,
            "건폐율":0,
            "Y":35.160779,
            "X":128.682364,
            "rank":72.0,
            "area_info":"19평(64.21), 19평(65.71), 20평(66.94), 20평(66.43), 21평(72.6), 23평(77.27), 23평(77.81), 23평(78.42), 28평(95.7), 31평(102.52), 32평(107.09), 32평(107.14), 32평(108.1), 32평(108.2), 33평(109.39), 33평(109.16), 38평(125.83), 41평(138.18), 42평(141.09)",
            "last_sales":"1800-01-01,nan,19평(64.21)",
            "rank_history":[
                [
                    "202202",
                    72
                ],
                [
                    "202201",
                    72
                ]
            ],
            "rank_gap":0
        },
        {
            "index":133,
            "아파트명":"대광",
            "투자타입":"일반",
            "전용면적(m2)":"70.86",
            "전용면적(평)":"21평",
            "법정동주소":"경상남도 창원시 진해구 여좌동 760-24",
            "도로명주소":"경상남도 창원시 진해구 여명로16번길 22",
            "세대수":0,
            "입주년차":0,
            "용적률점수":"--",
            "건폐율점수":"--",
            "세대당주차수":0,
            "난방방식":80,
            "공급면적":"--",
            "전용률":"--",
            "욕실수":50,
            "현관타입":100,
            "주거총점":23.0,
            "지역구공급총점":100.0,
            "역세권":"NA",
            "30분내 이동가능 거점":"NA",
            "1시간내 이동가능 거점":"NA",
            "교통총점":"NA",
            "백화점":0,
            "아울렛몰":0,
            "대형마트":0,
            "은행":0,
            "병원":10,
            "종합병원":80,
            "공원":0,
            "혐오시설":0,
            "인프라총점":17.0,
            "초등학군":89.99,
            "중학군":45.88,
            "학군총점":54.702,
            "인구수":20.68,
            "인구증감":-9.78,
            "인구총점":11.542,
            "일자리":11.71,
            "소득수준":82.32,
            "일자리총점":32.893,
            "가치 총점":28.5255,
            "매매실거래년":20211016.0,
            "매매실거래가":14500.0,
            "전세실거래년":null,
            "전세실거래가":null,
            "전세가율":null,
            "장기전세가율평균":70.66,
            "전세가율거품지수":null,
            "검색코드":7563,
            "세대수":174.0,
            "준공년월":"1996-10-26",
            "준공년차":27.0,
            "가까운역이름":"NA",
            "가까운역거리":"NA",
            "역세권여부":"NA",
            "30분이내주요거점역":"NA",
            "30분거점역이름":"NA",
            "1시간이내주요거점역":"NA",
            "1시간거점역이름":"NA",
            "3km이내백화점수":0,
            "5km이내아울렛몰수":0,
            "1km이내대형먀트수":0,
            "500m이내은행수":1,
            "500m이내병원수":3,
            "5km이내대형병원수":1,
            "500m이내공원수":0,
            "3km이내혐오시설수":0,
            "초등학교학업성취도":89.99,
            "중학교학업성취도":75.8,
            "용적률":197,
            "건폐율":41,
            "Y":35.154269,
            "X":128.658131,
            "rank":73.0,
            "area_info":"21평(70.86), 22평(74.99), 26평(88.04), 29평(97.54), 30평(101.82)",
            "last_sales":"2021-10-16,14500.0,30평(101.82)",
            "rank_history":[
                [
                    "202202",
                    73
                ],
                [
                    "202201",
                    69
                ]
            ],
            "rank_gap":-4
        },
        {
            "index":145,
            "아파트명":"애플타운헤리티지(도시형)",
            "투자타입":"일반",
            "전용면적(m2)":"52.53",
            "전용면적(평)":"15평",
            "법정동주소":"경상남도 창원시 진해구 용원동 1340",
            "도로명주소":"경상남도 창원시 진해구 신항동로 141",
            "세대수":0,
            "입주년차":80,
            "용적률점수":"--",
            "건폐율점수":"--",
            "세대당주차수":0,
            "난방방식":30,
            "공급면적":"--",
            "전용률":"--",
            "욕실수":50,
            "현관타입":100,
            "주거총점":34.0,
            "지역구공급총점":100.0,
            "역세권":"NA",
            "30분내 이동가능 거점":"NA",
            "1시간내 이동가능 거점":"NA",
            "교통총점":"NA",
            "백화점":0,
            "아울렛몰":0,
            "대형마트":0,
            "은행":0,
            "병원":30,
            "종합병원":0,
            "공원":100,
            "혐오시설":0,
            "인프라총점":6.0,
            "초등학군":90.13,
            "중학군":44.7,
            "학군총점":53.786,
            "인구수":20.68,
            "인구증감":-9.78,
            "인구총점":11.542,
            "일자리":11.71,
            "소득수준":82.32,
            "일자리총점":32.893,
            "가치 총점":27.7465,
            "매매실거래년":"18000101",
            "매매실거래가":null,
            "전세실거래년":null,
            "전세실거래가":null,
            "전세가율":null,
            "장기전세가율평균":70.66,
            "전세가율거품지수":null,
            "검색코드":123264,
            "세대수":126.0,
            "준공년월":"2015-03-09",
            "준공년차":8.0,
            "가까운역이름":"NA",
            "가까운역거리":"NA",
            "역세권여부":"NA",
            "30분이내주요거점역":"NA",
            "30분거점역이름":"NA",
            "1시간이내주요거점역":"NA",
            "1시간거점역이름":"NA",
            "3km이내백화점수":0,
            "5km이내아울렛몰수":0,
            "1km이내대형먀트수":0,
            "500m이내은행수":0,
            "500m이내병원수":6,
            "5km이내대형병원수":0,
            "500m이내공원수":4,
            "3km이내혐오시설수":0,
            "초등학교학업성취도":90.13,
            "중학교학업성취도":74.3,
            "용적률":237,
            "건폐율":59,
            "Y":35.088357,
            "X":128.813558,
            "rank":74.0,
            "area_info":"15평(52.53), 24평(79.63), 24평(81.2), 25평(82.99)",
            "last_sales":"1800-01-01,nan,15평(52.53)",
            "rank_history":[
                [
                    "202202",
                    74
                ],
                [
                    "202201",
                    71
                ]
            ],
            "rank_gap":-3
        },
        {
            "index":70,
            "아파트명":"희가로",
            "투자타입":"일반",
            "전용면적(m2)":"100.34",
            "전용면적(평)":"30평",
            "법정동주소":"경상남도 창원시 진해구 두동 1296-2",
            "도로명주소":"경상남도 창원시 진해구 웅동로 182",
            "세대수":0,
            "입주년차":40,
            "용적률점수":"--",
            "건폐율점수":"--",
            "세대당주차수":0,
            "난방방식":30,
            "공급면적":"--",
            "전용률":"--",
            "욕실수":100,
            "현관타입":50,
            "주거총점":26.0,
            "지역구공급총점":100.0,
            "역세권":"NA",
            "30분내 이동가능 거점":"NA",
            "1시간내 이동가능 거점":"NA",
            "교통총점":"NA",
            "백화점":0,
            "아울렛몰":0,
            "대형마트":80,
            "은행":0,
            "병원":0,
            "종합병원":0,
            "공원":80,
            "혐오시설":0,
            "인프라총점":14.4,
            "초등학군":89.97,
            "중학군":41.52,
            "학군총점":51.21,
            "인구수":20.68,
            "인구증감":-9.78,
            "인구총점":11.542,
            "일자리":11.71,
            "소득수준":82.32,
            "일자리총점":32.893,
            "가치 총점":27.6625,
            "매매실거래년":20211217.0,
            "매매실거래가":13500.0,
            "전세실거래년":20110428.0,
            "전세실거래가":7900.0,
            "전세가율":60.77,
            "장기전세가율평균":70.66,
            "전세가율거품지수":9.89,
            "검색코드":105381,
            "세대수":141.0,
            "준공년월":"2008-11-10",
            "준공년차":15.0,
            "가까운역이름":"NA",
            "가까운역거리":"NA",
            "역세권여부":"NA",
            "30분이내주요거점역":"NA",
            "30분거점역이름":"NA",
            "1시간이내주요거점역":"NA",
            "1시간거점역이름":"NA",
            "3km이내백화점수":0,
            "5km이내아울렛몰수":0,
            "1km이내대형먀트수":1,
            "500m이내은행수":0,
            "500m이내병원수":0,
            "5km이내대형병원수":0,
            "500m이내공원수":1,
            "3km이내혐오시설수":0,
            "초등학교학업성취도":89.97,
            "중학교학업성취도":69.2,
            "용적률":229,
            "건폐율":22,
            "Y":35.118809,
            "X":128.791953,
            "rank":75.0,
            "area_info":"30평(100.34), 30평(100.29), 33평(109.81)",
            "last_sales":"2021-12-17,13500.0,33평(109.81)",
            "rank_history":[
                [
                    "202202",
                    75
                ],
                [
                    "202201",
                    76
                ]
            ],
            "rank_gap":1
        },
        {
            "index":240,
            "아파트명":"평화그린파크",
            "투자타입":"일반",
            "전용면적(m2)":"80.16",
            "전용면적(평)":"24평",
            "법정동주소":"경상남도 창원시 진해구 제황산동 26-4",
            "도로명주소":"경상남도 창원시 진해구 제황로 10",
            "세대수":0,
            "입주년차":0,
            "용적률점수":"--",
            "건폐율점수":"--",
            "세대당주차수":0,
            "난방방식":30,
            "공급면적":"--",
            "전용률":"--",
            "욕실수":50,
            "현관타입":100,
            "주거총점":18.0,
            "지역구공급총점":100.0,
            "역세권":"NA",
            "30분내 이동가능 거점":"NA",
            "1시간내 이동가능 거점":"NA",
            "교통총점":"NA",
            "백화점":0,
            "아울렛몰":0,
            "대형마트":0,
            "은행":0,
            "병원":0,
            "종합병원":80,
            "공원":80,
            "혐오시설":0,
            "인프라총점":18.4,
            "초등학군":89.99,
            "중학군":45.88,
            "학군총점":54.702,
            "인구수":20.68,
            "인구증감":-9.78,
            "인구총점":11.542,
            "일자리":11.71,
            "소득수준":82.32,
            "일자리총점":32.893,
            "가치 총점":27.3355,
            "매매실거래년":20220112.0,
            "매매실거래가":8800.0,
            "전세실거래년":20190309.0,
            "전세실거래가":6500.0,
            "전세가율":73.86,
            "장기전세가율평균":70.66,
            "전세가율거품지수":-3.2,
            "검색코드":101005,
            "세대수":167.0,
            "준공년월":"1996-08-24",
            "준공년차":27.0,
            "가까운역이름":"NA",
            "가까운역거리":"NA",
            "역세권여부":"NA",
            "30분이내주요거점역":"NA",
            "30분거점역이름":"NA",
            "1시간이내주요거점역":"NA",
            "1시간거점역이름":"NA",
            "3km이내백화점수":0,
            "5km이내아울렛몰수":0,
            "1km이내대형먀트수":0,
            "500m이내은행수":0,
            "500m이내병원수":1,
            "5km이내대형병원수":1,
            "500m이내공원수":1,
            "3km이내혐오시설수":0,
            "초등학교학업성취도":89.99,
            "중학교학업성취도":75.8,
            "용적률":266,
            "건폐율":26,
            "Y":35.146211,
            "X":128.669523,
            "rank":76.0,
            "area_info":"24평(80.16), 32평(108.25)",
            "last_sales":"2022-01-12,8800.0,24평(80.16)",
            "rank_history":[
                [
                    "202202",
                    76
                ],
                [
                    "202201",
                    73
                ]
            ],
            "rank_gap":-3
        },
        {
            "index":166,
            "아파트명":"성신아트",
            "투자타입":"일반",
            "전용면적(m2)":"69.98",
            "전용면적(평)":"21평",
            "법정동주소":"경상남도 창원시 진해구 인의동 28",
            "도로명주소":"경상남도 창원시 진해구 태평로34번길 11",
            "세대수":0,
            "입주년차":0,
            "용적률점수":"--",
            "건폐율점수":"--",
            "세대당주차수":0,
            "난방방식":30,
            "공급면적":"--",
            "전용률":"--",
            "욕실수":50,
            "현관타입":100,
            "주거총점":18.0,
            "지역구공급총점":100.0,
            "역세권":"NA",
            "30분내 이동가능 거점":"NA",
            "1시간내 이동가능 거점":"NA",
            "교통총점":"NA",
            "백화점":0,
            "아울렛몰":0,
            "대형마트":0,
            "은행":0,
            "병원":10,
            "종합병원":80,
            "공원":0,
            "혐오시설":0,
            "인프라총점":17.0,
            "초등학군":90.0,
            "중학군":45.88,
            "학군총점":54.704,
            "인구수":20.68,
            "인구증감":-9.78,
            "인구총점":11.542,
            "일자리":11.71,
            "소득수준":82.32,
            "일자리총점":32.893,
            "가치 총점":26.776,
            "매매실거래년":20220111.0,
            "매매실거래가":12000.0,
            "전세실거래년":null,
            "전세실거래가":null,
            "전세가율":null,
            "장기전세가율평균":70.66,
            "전세가율거품지수":null,
            "검색코드":100836,
            "세대수":115.0,
            "준공년월":"1995-01-18",
            "준공년차":28.0,
            "가까운역이름":"NA",
            "가까운역거리":"NA",
            "역세권여부":"NA",
            "30분이내주요거점역":"NA",
            "30분거점역이름":"NA",
            "1시간이내주요거점역":"NA",
            "1시간거점역이름":"NA",
            "3km이내백화점수":0,
            "5km이내아울렛몰수":0,
            "1km이내대형먀트수":0,
            "500m이내은행수":0,
            "500m이내병원수":2,
            "5km이내대형병원수":1,
            "500m이내공원수":0,
            "3km이내혐오시설수":0,
            "초등학교학업성취도":90.0,
            "중학교학업성취도":75.8,
            "용적률":234,
            "건폐율":40,
            "Y":35.145,
            "X":128.661974,
            "rank":77.0,
            "area_info":"21평(69.98), 21평(70.06), 21평(70.01), 29평(97.89), 30평(99.26)",
            "last_sales":"2022-01-11,12000.0,30평(99.26)",
            "rank_history":[
                [
                    "202202",
                    77
                ],
                [
                    "202201",
                    74
                ]
            ],
            "rank_gap":-3
        },
        {
            "index":234,
            "아파트명":"대암그린비치맨션",
            "투자타입":"재건축",
            "전용면적(m2)":"78.2",
            "전용면적(평)":"23평",
            "법정동주소":"경상남도 창원시 진해구 제황산동 25-52",
            "도로명주소":"경상남도 창원시 진해구 속천로23번길 9",
            "세대수":0,
            "입주년차":"--",
            "용적률점수":0,
            "건폐율점수":0,
            "세대당주차수":"--",
            "난방방식":"--",
            "공급면적":50,
            "전용률":100,
            "욕실수":"--",
            "현관타입":"--",
            "주거총점":7.5,
            "지역구공급총점":100.0,
            "역세권":"NA",
            "30분내 이동가능 거점":"NA",
            "1시간내 이동가능 거점":"NA",
            "교통총점":"NA",
            "백화점":0,
            "아울렛몰":0,
            "대형마트":0,
            "은행":0,
            "병원":0,
            "종합병원":80,
            "공원":0,
            "혐오시설":0,
            "인프라총점":16.0,
            "초등학군":89.99,
            "중학군":45.88,
            "학군총점":54.702,
            "인구수":20.68,
            "인구증감":-9.78,
            "인구총점":11.542,
            "일자리":11.71,
            "소득수준":82.32,
            "일자리총점":32.893,
            "가치 총점":22.7005,
            "매매실거래년":20200723.0,
            "매매실거래가":13300.0,
            "전세실거래년":null,
            "전세실거래가":null,
            "전세가율":null,
            "장기전세가율평균":70.66,
            "전세가율거품지수":null,
            "검색코드":24632,
            "세대수":150.0,
            "준공년월":"1991-10-17",
            "준공년차":32.0,
            "가까운역이름":"NA",
            "가까운역거리":"NA",
            "역세권여부":"NA",
            "30분이내주요거점역":"NA",
            "30분거점역이름":"NA",
            "1시간이내주요거점역":"NA",
            "1시간거점역이름":"NA",
            "3km이내백화점수":0,
            "5km이내아울렛몰수":0,
            "1km이내대형먀트수":0,
            "500m이내은행수":0,
            "500m이내병원수":1,
            "5km이내대형병원수":1,
            "500m이내공원수":0,
            "3km이내혐오시설수":0,
            "초등학교학업성취도":89.99,
            "중학교학업성취도":75.8,
            "용적률":0,
            "건폐율":0,
            "Y":35.14431,
            "X":128.67114,
            "rank":78.0,
            "area_info":"23평(78.2), 25평(83.69), 25평(84.91), 25평(84.26), 32평(108.74), 37평(122.67)",
            "last_sales":"2020-07-23,13300.0,37평(122.67)",
            "rank_history":[
                [
                    "202202",
                    78
                ],
                [
                    "202201",
                    77
                ]
            ],
            "rank_gap":-1
        }
    ]
}