{
    "schema":{
        "fields":[
            {
                "name":"index",
                "type":"integer"
            },
            {
                "name":"아파트명",
                "type":"string"
            },
            {
                "name":"투자타입",
                "type":"string"
            },
            {
                "name":"전용면적(m2)",
                "type":"string"
            },
            {
                "name":"전용면적(평)",
                "type":"string"
            },
            {
                "name":"법정동주소",
                "type":"string"
            },
            {
                "name":"도로명주소",
                "type":"string"
            },
            {
                "name":"세대수",
                "type":"integer"
            },
            {
                "name":"입주년차",
                "type":"string"
            },
            {
                "name":"용적률점수",
                "type":"string"
            },
            {
                "name":"건폐율점수",
                "type":"string"
            },
            {
                "name":"세대당주차수",
                "type":"string"
            },
            {
                "name":"난방방식",
                "type":"string"
            },
            {
                "name":"공급면적",
                "type":"string"
            },
            {
                "name":"전용률",
                "type":"string"
            },
            {
                "name":"욕실수",
                "type":"string"
            },
            {
                "name":"현관타입",
                "type":"string"
            },
            {
                "name":"주거총점",
                "type":"number"
            },
            {
                "name":"지역구공급총점",
                "type":"number"
            },
            {
                "name":"역세권",
                "type":"string"
            },
            {
                "name":"30분내 이동가능 거점",
                "type":"string"
            },
            {
                "name":"1시간내 이동가능 거점",
                "type":"string"
            },
            {
                "name":"교통총점",
                "type":"string"
            },
            {
                "name":"백화점",
                "type":"integer"
            },
            {
                "name":"아울렛몰",
                "type":"integer"
            },
            {
                "name":"대형마트",
                "type":"integer"
            },
            {
                "name":"은행",
                "type":"integer"
            },
            {
                "name":"병원",
                "type":"integer"
            },
            {
                "name":"종합병원",
                "type":"integer"
            },
            {
                "name":"공원",
                "type":"integer"
            },
            {
                "name":"혐오시설",
                "type":"integer"
            },
            {
                "name":"인프라총점",
                "type":"number"
            },
            {
                "name":"초등학군",
                "type":"number"
            },
            {
                "name":"중학군",
                "type":"number"
            },
            {
                "name":"학군총점",
                "type":"number"
            },
            {
                "name":"인구수",
                "type":"number"
            },
            {
                "name":"인구증감",
                "type":"number"
            },
            {
                "name":"인구총점",
                "type":"number"
            },
            {
                "name":"일자리",
                "type":"number"
            },
            {
                "name":"소득수준",
                "type":"number"
            },
            {
                "name":"일자리총점",
                "type":"number"
            },
            {
                "name":"가치 총점",
                "type":"number"
            },
            {
                "name":"매매실거래년",
                "type":"string"
            },
            {
                "name":"매매실거래가",
                "type":"number"
            },
            {
                "name":"전세실거래년",
                "type":"number"
            },
            {
                "name":"전세실거래가",
                "type":"number"
            },
            {
                "name":"전세가율",
                "type":"number"
            },
            {
                "name":"장기전세가율평균",
                "type":"number"
            },
            {
                "name":"전세가율거품지수",
                "type":"number"
            },
            {
                "name":"검색코드",
                "type":"integer"
            },
            {
                "name":"세대수",
                "type":"number"
            },
            {
                "name":"준공년월",
                "type":"string"
            },
            {
                "name":"준공년차",
                "type":"number"
            },
            {
                "name":"가까운역이름",
                "type":"string"
            },
            {
                "name":"가까운역거리",
                "type":"string"
            },
            {
                "name":"역세권여부",
                "type":"string"
            },
            {
                "name":"30분이내주요거점역",
                "type":"string"
            },
            {
                "name":"30분거점역이름",
                "type":"string"
            },
            {
                "name":"1시간이내주요거점역",
                "type":"string"
            },
            {
                "name":"1시간거점역이름",
                "type":"string"
            },
            {
                "name":"3km이내백화점수",
                "type":"integer"
            },
            {
                "name":"5km이내아울렛몰수",
                "type":"integer"
            },
            {
                "name":"1km이내대형먀트수",
                "type":"integer"
            },
            {
                "name":"500m이내은행수",
                "type":"integer"
            },
            {
                "name":"500m이내병원수",
                "type":"integer"
            },
            {
                "name":"5km이내대형병원수",
                "type":"integer"
            },
            {
                "name":"500m이내공원수",
                "type":"integer"
            },
            {
                "name":"3km이내혐오시설수",
                "type":"integer"
            },
            {
                "name":"초등학교학업성취도",
                "type":"number"
            },
            {
                "name":"중학교학업성취도",
                "type":"number"
            },
            {
                "name":"용적률",
                "type":"integer"
            },
            {
                "name":"건폐율",
                "type":"integer"
            },
            {
                "name":"Y",
                "type":"number"
            },
            {
                "name":"X",
                "type":"number"
            },
            {
                "name":"rank",
                "type":"number"
            },
            {
                "name":"area_info",
                "type":"string"
            },
            {
                "name":"last_sales",
                "type":"string"
            },
            {
                "name":"rank_history",
                "type":"string"
            },
            {
                "name":"rank_gap",
                "type":"integer"
            }
        ],
        "primaryKey":[
            "index"
        ],
        "pandas_version":"1.4.0"
    },
    "data":[
        {
            "index":323,
            "아파트명":"이도주공2,3단지",
            "투자타입":"재건축",
            "전용면적(m2)":"45.12",
            "전용면적(평)":"13평",
            "법정동주소":"제주도 제주시 이도2동 777",
            "도로명주소":"제주도 제주시 구남로 43",
            "세대수":80,
            "입주년차":"--",
            "용적률점수":100,
            "건폐율점수":100,
            "세대당주차수":"--",
            "난방방식":"--",
            "공급면적":50,
            "전용률":80,
            "욕실수":"--",
            "현관타입":"--",
            "주거총점":90.5,
            "지역구공급총점":100.0,
            "역세권":"NA",
            "30분내 이동가능 거점":"NA",
            "1시간내 이동가능 거점":"NA",
            "교통총점":"NA",
            "백화점":0,
            "아울렛몰":80,
            "대형마트":0,
            "은행":20,
            "병원":0,
            "종합병원":100,
            "공원":100,
            "혐오시설":0,
            "인프라총점":33.0,
            "초등학군":89.99,
            "중학군":49.0,
            "학군총점":57.198,
            "인구수":53.4,
            "인구증감":2.01,
            "인구총점":37.983,
            "일자리":32.81,
            "소득수준":58.26,
            "일자리총점":40.445,
            "가치 총점":59.1745,
            "매매실거래년":20211019.0,
            "매매실거래가":79000.0,
            "전세실거래년":20211222.0,
            "전세실거래가":6000.0,
            "전세가율":9.23,
            "장기전세가율평균":69.13,
            "전세가율거품지수":59.9,
            "검색코드":15182,
            "세대수":760.0,
            "준공년월":"1988-09-23",
            "준공년차":35.0,
            "가까운역이름":"NA",
            "가까운역거리":"NA",
            "역세권여부":"NA",
            "30분이내주요거점역":"NA",
            "30분거점역이름":"NA",
            "1시간이내주요거점역":"NA",
            "1시간거점역이름":"NA",
            "3km이내백화점수":0,
            "5km이내아울렛몰수":1,
            "1km이내대형먀트수":0,
            "500m이내은행수":2,
            "500m이내병원수":0,
            "5km이내대형병원수":4,
            "500m이내공원수":6,
            "3km이내혐오시설수":0,
            "초등학교학업성취도":89.99,
            "중학교학업성취도":80.2,
            "용적률":86,
            "건폐율":17,
            "Y":33.490875,
            "X":126.533659,
            "rank":1.0,
            "area_info":"13평(45.12), 15평(49.91), 14평(49.48), 15평(52.14), 15평(52.5), 17평(57.57), 17평(57.93)",
            "last_sales":"2021-10-19,79000.0,17평(57.93)",
            "rank_history":[
                [
                    "202202",
                    1
                ],
                [
                    "202201",
                    1
                ]
            ],
            "rank_gap":0
        },
        {
            "index":337,
            "아파트명":"주공1단지",
            "투자타입":"재건축",
            "전용면적(m2)":"45.85",
            "전용면적(평)":"13평",
            "법정동주소":"제주도 제주시 이도2동 888",
            "도로명주소":"제주도 제주시 구남로7길 36",
            "세대수":50,
            "입주년차":"--",
            "용적률점수":100,
            "건폐율점수":100,
            "세대당주차수":"--",
            "난방방식":"--",
            "공급면적":50,
            "전용률":80,
            "욕실수":"--",
            "현관타입":"--",
            "주거총점":81.5,
            "지역구공급총점":100.0,
            "역세권":"NA",
            "30분내 이동가능 거점":"NA",
            "1시간내 이동가능 거점":"NA",
            "교통총점":"NA",
            "백화점":0,
            "아울렛몰":80,
            "대형마트":0,
            "은행":70,
            "병원":0,
            "종합병원":100,
            "공원":100,
            "혐오시설":0,
            "인프라총점":38.0,
            "초등학군":89.99,
            "중학군":49.0,
            "학군총점":57.198,
            "인구수":53.4,
            "인구증감":2.01,
            "인구총점":37.983,
            "일자리":32.81,
            "소득수준":58.26,
            "일자리총점":40.445,
            "가치 총점":58.0245,
            "매매실거래년":20211210.0,
            "매매실거래가":88000.0,
            "전세실거래년":20201112.0,
            "전세실거래가":5000.0,
            "전세가율":7.14,
            "장기전세가율평균":69.13,
            "전세가율거품지수":61.99,
            "검색코드":17170,
            "세대수":480.0,
            "준공년월":"1985-07-09",
            "준공년차":38.0,
            "가까운역이름":"NA",
            "가까운역거리":"NA",
            "역세권여부":"NA",
            "30분이내주요거점역":"NA",
            "30분거점역이름":"NA",
            "1시간이내주요거점역":"NA",
            "1시간거점역이름":"NA",
            "3km이내백화점수":0,
            "5km이내아울렛몰수":1,
            "1km이내대형먀트수":0,
            "500m이내은행수":3,
            "500m이내병원수":0,
            "5km이내대형병원수":4,
            "500m이내공원수":7,
            "3km이내혐오시설수":0,
            "초등학교학업성취도":89.99,
            "중학교학업성취도":80.2,
            "용적률":65,
            "건폐율":12,
            "Y":33.49218,
            "X":126.53383,
            "rank":2.0,
            "area_info":"13평(45.85), 14평(47.57), 15평(52.73), 16평(54.12), 19평(65.2), 20평(66.19)",
            "last_sales":"2021-12-10,88000.0,19평(65.2)",
            "rank_history":[
                [
                    "202202",
                    2
                ],
                [
                    "202201",
                    2
                ]
            ],
            "rank_gap":0
        },
        {
            "index":9,
            "아파트명":"노형뜨란채",
            "투자타입":"일반",
            "전용면적(m2)":"97.62",
            "전용면적(평)":"29평",
            "법정동주소":"제주도 제주시 노형동 2583-1",
            "도로명주소":"제주도 제주시 수덕로 44",
            "세대수":90,
            "입주년차":40,
            "용적률점수":"--",
            "건폐율점수":"--",
            "세대당주차수":30,
            "난방방식":100,
            "공급면적":"--",
            "전용률":"--",
            "욕실수":100,
            "현관타입":100,
            "주거총점":74.0,
            "지역구공급총점":100.0,
            "역세권":"NA",
            "30분내 이동가능 거점":"NA",
            "1시간내 이동가능 거점":"NA",
            "교통총점":"NA",
            "백화점":0,
            "아울렛몰":0,
            "대형마트":100,
            "은행":20,
            "병원":0,
            "종합병원":100,
            "공원":100,
            "혐오시설":0,
            "인프라총점":40.0,
            "초등학군":89.99,
            "중학군":50.72,
            "학군총점":58.574,
            "인구수":53.4,
            "인구증감":2.01,
            "인구총점":37.983,
            "일자리":32.81,
            "소득수준":58.26,
            "일자리총점":40.445,
            "가치 총점":56.5435,
            "매매실거래년":20210518.0,
            "매매실거래가":68000.0,
            "전세실거래년":20170825.0,
            "전세실거래가":29000.0,
            "전세가율":67.44,
            "장기전세가율평균":69.13,
            "전세가율거품지수":1.69,
            "검색코드":22474,
            "세대수":1068.0,
            "준공년월":"2006-01-23",
            "준공년차":17.0,
            "가까운역이름":"NA",
            "가까운역거리":"NA",
            "역세권여부":"NA",
            "30분이내주요거점역":"NA",
            "30분거점역이름":"NA",
            "1시간이내주요거점역":"NA",
            "1시간거점역이름":"NA",
            "3km이내백화점수":0,
            "5km이내아울렛몰수":0,
            "1km이내대형먀트수":2,
            "500m이내은행수":2,
            "500m이내병원수":0,
            "5km이내대형병원수":3,
            "500m이내공원수":10,
            "3km이내혐오시설수":0,
            "초등학교학업성취도":89.99,
            "중학교학업성취도":81.4,
            "용적률":149,
            "건폐율":17,
            "Y":33.487638,
            "X":126.471639,
            "rank":3.0,
            "area_info":"29평(97.62), 29평(97.71), 29평(98.39), 29평(98.08), 30평(99.98), 30평(100.26), 30평(100.71), 30평(100.33), 32평(108.68), 32평(108.72), 33평(110.01), 33평(111.9), 33평(111.98), 33평(112.3), 34평(114.59)",
            "last_sales":"2021-05-18,68000.0,34평(114.59)",
            "rank_history":[
                [
                    "202202",
                    3
                ],
                [
                    "202201",
                    3
                ]
            ],
            "rank_gap":0
        },
        {
            "index":38,
            "아파트명":"노형해모로루엔",
            "투자타입":"일반",
            "전용면적(m2)":"79.21",
            "전용면적(평)":"23평",
            "법정동주소":"제주도 제주시 노형동 943",
            "도로명주소":"제주도 제주시 원노형10길 20",
            "세대수":0,
            "입주년차":100,
            "용적률점수":"--",
            "건폐율점수":"--",
            "세대당주차수":60,
            "난방방식":30,
            "공급면적":"--",
            "전용률":"--",
            "욕실수":100,
            "현관타입":100,
            "주거총점":52.0,
            "지역구공급총점":100.0,
            "역세권":"NA",
            "30분내 이동가능 거점":"NA",
            "1시간내 이동가능 거점":"NA",
            "교통총점":"NA",
            "백화점":0,
            "아울렛몰":80,
            "대형마트":100,
            "은행":100,
            "병원":0,
            "종합병원":100,
            "공원":100,
            "혐오시설":0,
            "인프라총점":56.0,
            "초등학군":89.99,
            "중학군":54.32,
            "학군총점":61.454,
            "인구수":53.4,
            "인구증감":2.01,
            "인구총점":37.983,
            "일자리":32.81,
            "소득수준":58.26,
            "일자리총점":40.445,
            "가치 총점":55.9635,
            "매매실거래년":20210815.0,
            "매매실거래가":95000.0,
            "전세실거래년":20220121.0,
            "전세실거래가":30450.0,
            "전세가율":52.5,
            "장기전세가율평균":69.13,
            "전세가율거품지수":16.63,
            "검색코드":118715,
            "세대수":157.0,
            "준공년월":"2019-10-01",
            "준공년차":4.0,
            "가까운역이름":"NA",
            "가까운역거리":"NA",
            "역세권여부":"NA",
            "30분이내주요거점역":"NA",
            "30분거점역이름":"NA",
            "1시간이내주요거점역":"NA",
            "1시간거점역이름":"NA",
            "3km이내백화점수":0,
            "5km이내아울렛몰수":1,
            "1km이내대형먀트수":2,
            "500m이내은행수":5,
            "500m이내병원수":0,
            "5km이내대형병원수":3,
            "500m이내공원수":5,
            "3km이내혐오시설수":0,
            "초등학교학업성취도":89.99,
            "중학교학업성취도":89.6,
            "용적률":0,
            "건폐율":0,
            "Y":33.484434,
            "X":126.485805,
            "rank":4.0,
            "area_info":"23평(79.21), 24평(79.46), 30평(101.86), 33평(110.73)",
            "last_sales":"2021-08-15,95000.0,33평(110.73)",
            "rank_history":[
                [
                    "202202",
                    4
                ],
                [
                    "202201",
                    5
                ]
            ],
            "rank_gap":1
        },
        {
            "index":196,
            "아파트명":"대림e편한세상1차",
            "투자타입":"일반",
            "전용면적(m2)":"82.66",
            "전용면적(평)":"25평",
            "법정동주소":"제주도 제주시 연동 1399",
            "도로명주소":"제주도 제주시 국기로 14",
            "세대수":50,
            "입주년차":20,
            "용적률점수":"--",
            "건폐율점수":"--",
            "세대당주차수":30,
            "난방방식":30,
            "공급면적":"--",
            "전용률":"--",
            "욕실수":100,
            "현관타입":100,
            "주거총점":49.0,
            "지역구공급총점":100.0,
            "역세권":"NA",
            "30분내 이동가능 거점":"NA",
            "1시간내 이동가능 거점":"NA",
            "교통총점":"NA",
            "백화점":0,
            "아울렛몰":80,
            "대형마트":100,
            "은행":70,
            "병원":0,
            "종합병원":100,
            "공원":100,
            "혐오시설":0,
            "인프라총점":53.0,
            "초등학군":89.99,
            "중학군":54.32,
            "학군총점":61.454,
            "인구수":53.4,
            "인구증감":2.01,
            "인구총점":37.983,
            "일자리":32.81,
            "소득수준":58.26,
            "일자리총점":40.445,
            "가치 총점":53.7135,
            "매매실거래년":20210722.0,
            "매매실거래가":63000.0,
            "전세실거래년":20200501.0,
            "전세실거래가":26000.0,
            "전세가율":47.27,
            "장기전세가율평균":69.13,
            "전세가율거품지수":21.86,
            "검색코드":13707,
            "세대수":440.0,
            "준공년월":"2001-01-20",
            "준공년차":22.0,
            "가까운역이름":"NA",
            "가까운역거리":"NA",
            "역세권여부":"NA",
            "30분이내주요거점역":"NA",
            "30분거점역이름":"NA",
            "1시간이내주요거점역":"NA",
            "1시간거점역이름":"NA",
            "3km이내백화점수":0,
            "5km이내아울렛몰수":1,
            "1km이내대형먀트수":2,
            "500m이내은행수":3,
            "500m이내병원수":0,
            "5km이내대형병원수":3,
            "500m이내공원수":5,
            "3km이내혐오시설수":0,
            "초등학교학업성취도":89.99,
            "중학교학업성취도":89.6,
            "용적률":182,
            "건폐율":15,
            "Y":33.480587,
            "X":126.488493,
            "rank":5.0,
            "area_info":"25평(82.66), 29평(98.77), 33평(112.1)",
            "last_sales":"2021-07-22,63000.0,33평(112.1)",
            "rank_history":[
                [
                    "202202",
                    5
                ],
                [
                    "202201",
                    6
                ]
            ],
            "rank_gap":1
        },
        {
            "index":42,
            "아파트명":"부영1차",
            "투자타입":"일반",
            "전용면적(m2)":"108.59",
            "전용면적(평)":"32평",
            "법정동주소":"제주도 제주시 노형동 732",
            "도로명주소":"제주도 제주시 원노형로 93",
            "세대수":50,
            "입주년차":20,
            "용적률점수":"--",
            "건폐율점수":"--",
            "세대당주차수":60,
            "난방방식":30,
            "공급면적":"--",
            "전용률":"--",
            "욕실수":100,
            "현관타입":100,
            "주거총점":53.5,
            "지역구공급총점":100.0,
            "역세권":"NA",
            "30분내 이동가능 거점":"NA",
            "1시간내 이동가능 거점":"NA",
            "교통총점":"NA",
            "백화점":0,
            "아울렛몰":0,
            "대형마트":100,
            "은행":100,
            "병원":0,
            "종합병원":100,
            "공원":100,
            "혐오시설":0,
            "인프라총점":48.0,
            "초등학군":89.99,
            "중학군":54.32,
            "학군총점":61.454,
            "인구수":53.4,
            "인구증감":2.01,
            "인구총점":37.983,
            "일자리":32.81,
            "소득수준":58.26,
            "일자리총점":40.445,
            "가치 총점":53.2885,
            "매매실거래년":20211001.0,
            "매매실거래가":76000.0,
            "전세실거래년":20220120.0,
            "전세실거래가":32550.0,
            "전세가율":42.83,
            "장기전세가율평균":69.13,
            "전세가율거품지수":26.3,
            "검색코드":13607,
            "세대수":438.0,
            "준공년월":"2001-01-20",
            "준공년차":22.0,
            "가까운역이름":"NA",
            "가까운역거리":"NA",
            "역세권여부":"NA",
            "30분이내주요거점역":"NA",
            "30분거점역이름":"NA",
            "1시간이내주요거점역":"NA",
            "1시간거점역이름":"NA",
            "3km이내백화점수":0,
            "5km이내아울렛몰수":0,
            "1km이내대형먀트수":2,
            "500m이내은행수":5,
            "500m이내병원수":0,
            "5km이내대형병원수":3,
            "500m이내공원수":6,
            "3km이내혐오시설수":0,
            "초등학교학업성취도":89.99,
            "중학교학업성취도":89.6,
            "용적률":179,
            "건폐율":17,
            "Y":33.480338,
            "X":126.48584,
            "rank":6.0,
            "area_info":"32평(108.59)",
            "last_sales":"2021-10-01,76000.0,32평(108.59)",
            "rank_history":[
                [
                    "202202",
                    6
                ],
                [
                    "202201",
                    4
                ]
            ],
            "rank_gap":-2
        },
        {
            "index":199,
            "아파트명":"대림e편한세상2차",
            "투자타입":"일반",
            "전용면적(m2)":"115.48",
            "전용면적(평)":"34평",
            "법정동주소":"제주도 제주시 연동 1399-1",
            "도로명주소":"제주도 제주시 연화로 25",
            "세대수":30,
            "입주년차":20,
            "용적률점수":"--",
            "건폐율점수":"--",
            "세대당주차수":60,
            "난방방식":30,
            "공급면적":"--",
            "전용률":"--",
            "욕실수":100,
            "현관타입":100,
            "주거총점":46.5,
            "지역구공급총점":100.0,
            "역세권":"NA",
            "30분내 이동가능 거점":"NA",
            "1시간내 이동가능 거점":"NA",
            "교통총점":"NA",
            "백화점":0,
            "아울렛몰":80,
            "대형마트":100,
            "은행":70,
            "병원":0,
            "종합병원":100,
            "공원":100,
            "혐오시설":0,
            "인프라총점":53.0,
            "초등학군":89.99,
            "중학군":54.32,
            "학군총점":61.454,
            "인구수":53.4,
            "인구증감":2.01,
            "인구총점":37.983,
            "일자리":32.81,
            "소득수준":58.26,
            "일자리총점":40.445,
            "가치 총점":52.8385,
            "매매실거래년":20211106.0,
            "매매실거래가":130000.0,
            "전세실거래년":20220119.0,
            "전세실거래가":48000.0,
            "전세가율":48.0,
            "장기전세가율평균":69.13,
            "전세가율거품지수":21.13,
            "검색코드":12947,
            "세대수":366.0,
            "준공년월":"2002-01-25",
            "준공년차":21.0,
            "가까운역이름":"NA",
            "가까운역거리":"NA",
            "역세권여부":"NA",
            "30분이내주요거점역":"NA",
            "30분거점역이름":"NA",
            "1시간이내주요거점역":"NA",
            "1시간거점역이름":"NA",
            "3km이내백화점수":0,
            "5km이내아울렛몰수":1,
            "1km이내대형먀트수":2,
            "500m이내은행수":3,
            "500m이내병원수":0,
            "5km이내대형병원수":3,
            "500m이내공원수":5,
            "3km이내혐오시설수":0,
            "초등학교학업성취도":89.99,
            "중학교학업성취도":89.6,
            "용적률":193,
            "건폐율":16,
            "Y":33.479606,
            "X":126.488256,
            "rank":7.0,
            "area_info":"34평(115.48), 46평(154.58), 54평(179.09)",
            "last_sales":"2021-11-06,130000.0,46평(154.58)",
            "rank_history":[
                [
                    "202202",
                    7
                ],
                [
                    "202201",
                    7
                ]
            ],
            "rank_gap":0
        },
        {
            "index":330,
            "아파트명":"제주이도한일베라체",
            "투자타입":"일반",
            "전용면적(m2)":"105.88",
            "전용면적(평)":"32평",
            "법정동주소":"제주도 제주시 이도2동 1956",
            "도로명주소":"제주도 제주시 신설로 55",
            "세대수":50,
            "입주년차":60,
            "용적률점수":"--",
            "건폐율점수":"--",
            "세대당주차수":30,
            "난방방식":30,
            "공급면적":"--",
            "전용률":"--",
            "욕실수":100,
            "현관타입":100,
            "주거총점":57.0,
            "지역구공급총점":100.0,
            "역세권":"NA",
            "30분내 이동가능 거점":"NA",
            "1시간내 이동가능 거점":"NA",
            "교통총점":"NA",
            "백화점":0,
            "아울렛몰":80,
            "대형마트":80,
            "은행":0,
            "병원":0,
            "종합병원":100,
            "공원":100,
            "혐오시설":0,
            "인프라총점":43.0,
            "초등학군":90.0,
            "중학군":49.84,
            "학군총점":57.872,
            "인구수":53.4,
            "인구증감":2.01,
            "인구총점":37.983,
            "일자리":32.81,
            "소득수준":58.26,
            "일자리총점":40.445,
            "가치 총점":51.618,
            "매매실거래년":20210926.0,
            "매매실거래가":94000.0,
            "전세실거래년":20210123.0,
            "전세실거래가":35000.0,
            "전세가율":46.67,
            "장기전세가율평균":69.13,
            "전세가율거품지수":22.46,
            "검색코드":106265,
            "세대수":661.0,
            "준공년월":"2011-01-13",
            "준공년차":12.0,
            "가까운역이름":"NA",
            "가까운역거리":"NA",
            "역세권여부":"NA",
            "30분이내주요거점역":"NA",
            "30분거점역이름":"NA",
            "1시간이내주요거점역":"NA",
            "1시간거점역이름":"NA",
            "3km이내백화점수":0,
            "5km이내아울렛몰수":1,
            "1km이내대형먀트수":1,
            "500m이내은행수":1,
            "500m이내병원수":0,
            "5km이내대형병원수":3,
            "500m이내공원수":2,
            "3km이내혐오시설수":0,
            "초등학교학업성취도":90.0,
            "중학교학업성취도":81.2,
            "용적률":199,
            "건폐율":22,
            "Y":33.492953,
            "X":126.546986,
            "rank":8.0,
            "area_info":"32평(105.88), 32평(106.5), 33평(109.72), 39평(130.14), 39평(131.04), 48평(159.34), 60평(200.04)",
            "last_sales":"2021-09-26,94000.0,39평(131.04)",
            "rank_history":[
                [
                    "202202",
                    8
                ],
                [
                    "202201",
                    24
                ]
            ],
            "rank_gap":16
        },
        {
            "index":70,
            "아파트명":"도남해모로리치힐",
            "투자타입":"일반",
            "전용면적(m2)":"78.5",
            "전용면적(평)":"23평",
            "법정동주소":"제주도 제주시 도남동 811",
            "도로명주소":"제주도 제주시 도남서길 14",
            "세대수":50,
            "입주년차":100,
            "용적률점수":"--",
            "건폐율점수":"--",
            "세대당주차수":60,
            "난방방식":30,
            "공급면적":"--",
            "전용률":"--",
            "욕실수":100,
            "현관타입":100,
            "주거총점":69.5,
            "지역구공급총점":100.0,
            "역세권":"NA",
            "30분내 이동가능 거점":"NA",
            "1시간내 이동가능 거점":"NA",
            "교통총점":"NA",
            "백화점":0,
            "아울렛몰":80,
            "대형마트":0,
            "은행":0,
            "병원":0,
            "종합병원":100,
            "공원":100,
            "혐오시설":0,
            "인프라총점":31.0,
            "초등학군":89.99,
            "중학군":51.6,
            "학군총점":59.278,
            "인구수":53.4,
            "인구증감":2.01,
            "인구총점":37.983,
            "일자리":32.81,
            "소득수준":58.26,
            "일자리총점":40.445,
            "가치 총점":51.5445,
            "매매실거래년":20210528.0,
            "매매실거래가":80500.0,
            "전세실거래년":20210508.0,
            "전세실거래가":40000.0,
            "전세가율":66.78,
            "장기전세가율평균":69.13,
            "전세가율거품지수":2.35,
            "검색코드":114543,
            "세대수":423.0,
            "준공년월":"2019-01-01",
            "준공년차":4.0,
            "가까운역이름":"NA",
            "가까운역거리":"NA",
            "역세권여부":"NA",
            "30분이내주요거점역":"NA",
            "30분거점역이름":"NA",
            "1시간이내주요거점역":"NA",
            "1시간거점역이름":"NA",
            "3km이내백화점수":0,
            "5km이내아울렛몰수":1,
            "1km이내대형먀트수":0,
            "500m이내은행수":1,
            "500m이내병원수":0,
            "5km이내대형병원수":4,
            "500m이내공원수":3,
            "3km이내혐오시설수":0,
            "초등학교학업성취도":89.99,
            "중학교학업성취도":84.4,
            "용적률":204,
            "건폐율":32,
            "Y":33.493743,
            "X":126.52458,
            "rank":9.0,
            "area_info":"23평(78.5), 27평(91.06), 29평(96.61), 29평(97.52), 31평(103.55), 33평(110.64), 33평(110.14), 33평(111.04), 37평(124.39), 40평(133.21), 43평(143.34), 44평(148.71)",
            "last_sales":"2021-05-28,80500.0,37평(124.39)",
            "rank_history":[
                [
                    "202202",
                    9
                ],
                [
                    "202201",
                    8
                ]
            ],
            "rank_gap":-1
        },
        {
            "index":262,
            "아파트명":"타워프로빌",
            "투자타입":"일반",
            "전용면적(m2)":"105.31",
            "전용면적(평)":"31평",
            "법정동주소":"제주도 제주시 연동 2325-6",
            "도로명주소":"제주도 제주시 도령로 95",
            "세대수":0,
            "입주년차":60,
            "용적률점수":"--",
            "건폐율점수":"--",
            "세대당주차수":80,
            "난방방식":30,
            "공급면적":"--",
            "전용률":"--",
            "욕실수":100,
            "현관타입":100,
            "주거총점":47.0,
            "지역구공급총점":100.0,
            "역세권":"NA",
            "30분내 이동가능 거점":"NA",
            "1시간내 이동가능 거점":"NA",
            "교통총점":"NA",
            "백화점":0,
            "아울렛몰":80,
            "대형마트":80,
            "은행":70,
            "병원":0,
            "종합병원":100,
            "공원":100,
            "혐오시설":0,
            "인프라총점":50.0,
            "초등학군":89.98,
            "중학군":47.54,
            "학군총점":56.028,
            "인구수":53.4,
            "인구증감":2.01,
            "인구총점":37.983,
            "일자리":32.81,
            "소득수준":58.26,
            "일자리총점":40.445,
            "가치 총점":50.457,
            "매매실거래년":20220113.0,
            "매매실거래가":58000.0,
            "전세실거래년":20210423.0,
            "전세실거래가":30000.0,
            "전세가율":73.17,
            "장기전세가율평균":69.13,
            "전세가율거품지수":-4.04,
            "검색코드":106643,
            "세대수":120.0,
            "준공년월":"2010-02-02",
            "준공년차":13.0,
            "가까운역이름":"NA",
            "가까운역거리":"NA",
            "역세권여부":"NA",
            "30분이내주요거점역":"NA",
            "30분거점역이름":"NA",
            "1시간이내주요거점역":"NA",
            "1시간거점역이름":"NA",
            "3km이내백화점수":0,
            "5km이내아울렛몰수":1,
            "1km이내대형먀트수":1,
            "500m이내은행수":3,
            "500m이내병원수":0,
            "5km이내대형병원수":3,
            "500m이내공원수":5,
            "3km이내혐오시설수":0,
            "초등학교학업성취도":89.98,
            "중학교학업성취도":78.3,
            "용적률":794,
            "건폐율":80,
            "Y":33.491164,
            "X":126.487846,
            "rank":10.0,
            "area_info":"31평(105.31), 31평(105.68), 51평(171.87), 53평(176.25)",
            "last_sales":"2022-01-13,58000.0,53평(176.25)",
            "rank_history":[
                [
                    "202202",
                    10
                ],
                [
                    "202201",
                    13
                ]
            ],
            "rank_gap":3
        },
        {
            "index":397,
            "아파트명":"제주삼화LH2단지",
            "투자타입":"일반",
            "전용면적(m2)":"96.96",
            "전용면적(평)":"29평",
            "법정동주소":"제주도 제주시 화북2동 117",
            "도로명주소":"제주도 제주시 화삼로 32",
            "세대수":50,
            "입주년차":80,
            "용적률점수":"--",
            "건폐율점수":"--",
            "세대당주차수":30,
            "난방방식":30,
            "공급면적":"--",
            "전용률":"--",
            "욕실수":100,
            "현관타입":100,
            "주거총점":61.0,
            "지역구공급총점":100.0,
            "역세권":"NA",
            "30분내 이동가능 거점":"NA",
            "1시간내 이동가능 거점":"NA",
            "교통총점":"NA",
            "백화점":0,
            "아울렛몰":80,
            "대형마트":80,
            "은행":0,
            "병원":0,
            "종합병원":80,
            "공원":100,
            "혐오시설":0,
            "인프라총점":39.0,
            "초등학군":90.0,
            "중학군":44.16,
            "학군총점":53.328,
            "인구수":53.4,
            "인구증감":2.01,
            "인구총점":37.983,
            "일자리":32.81,
            "소득수준":58.26,
            "일자리총점":40.445,
            "가치 총점":50.282,
            "매매실거래년":20211030.0,
            "매매실거래가":67900.0,
            "전세실거래년":20210626.0,
            "전세실거래가":25000.0,
            "전세가율":40.98,
            "장기전세가율평균":69.13,
            "전세가율거품지수":28.15,
            "검색코드":106163,
            "세대수":411.0,
            "준공년월":"2014-08-31",
            "준공년차":9.0,
            "가까운역이름":"NA",
            "가까운역거리":"NA",
            "역세권여부":"NA",
            "30분이내주요거점역":"NA",
            "30분거점역이름":"NA",
            "1시간이내주요거점역":"NA",
            "1시간거점역이름":"NA",
            "3km이내백화점수":0,
            "5km이내아울렛몰수":1,
            "1km이내대형먀트수":1,
            "500m이내은행수":1,
            "500m이내병원수":0,
            "5km이내대형병원수":1,
            "500m이내공원수":4,
            "3km이내혐오시설수":0,
            "초등학교학업성취도":90.0,
            "중학교학업성취도":73.2,
            "용적률":144,
            "건폐율":21,
            "Y":33.51334,
            "X":126.57591,
            "rank":11.0,
            "area_info":"29평(96.96), 33평(109.92), 33평(110.07), 33평(110.11)",
            "last_sales":"2021-10-30,67900.0,33평(110.07)",
            "rank_history":[
                [
                    "202202",
                    11
                ],
                [
                    "202201",
                    39
                ]
            ],
            "rank_gap":28
        },
        {
            "index":188,
            "아파트명":"남해오네뜨(도시형)",
            "투자타입":"일반",
            "전용면적(m2)":"33.6",
            "전용면적(평)":"10평",
            "법정동주소":"제주도 제주시 연동 300-3",
            "도로명주소":"제주도 제주시 삼무로11길 9",
            "세대수":0,
            "입주년차":100,
            "용적률점수":"--",
            "건폐율점수":"--",
            "세대당주차수":0,
            "난방방식":30,
            "공급면적":"--",
            "전용률":"--",
            "욕실수":50,
            "현관타입":100,
            "주거총점":38.0,
            "지역구공급총점":100.0,
            "역세권":"NA",
            "30분내 이동가능 거점":"NA",
            "1시간내 이동가능 거점":"NA",
            "교통총점":"NA",
            "백화점":0,
            "아울렛몰":80,
            "대형마트":80,
            "은행":100,
            "병원":0,
            "종합병원":100,
            "공원":100,
            "혐오시설":0,
            "인프라총점":53.0,
            "초등학군":90.01,
            "중학군":53.68,
            "학군총점":60.946,
            "인구수":53.4,
            "인구증감":2.01,
            "인구총점":37.983,
            "일자리":32.81,
            "소득수준":58.26,
            "일자리총점":40.445,
            "가치 총점":49.7365,
            "매매실거래년":20220104.0,
            "매매실거래가":21500.0,
            "전세실거래년":20220124.0,
            "전세실거래가":11550.0,
            "전세가율":78.04,
            "장기전세가율평균":69.13,
            "전세가율거품지수":-8.91,
            "검색코드":126937,
            "세대수":216.0,
            "준공년월":"2019-11-29",
            "준공년차":4.0,
            "가까운역이름":"NA",
            "가까운역거리":"NA",
            "역세권여부":"NA",
            "30분이내주요거점역":"NA",
            "30분거점역이름":"NA",
            "1시간이내주요거점역":"NA",
            "1시간거점역이름":"NA",
            "3km이내백화점수":0,
            "5km이내아울렛몰수":1,
            "1km이내대형먀트수":1,
            "500m이내은행수":6,
            "500m이내병원수":0,
            "5km이내대형병원수":4,
            "500m이내공원수":3,
            "3km이내혐오시설수":0,
            "초등학교학업성취도":90.01,
            "중학교학업성취도":88.0,
            "용적률":499,
            "건폐율":59,
            "Y":33.492622,
            "X":126.496261,
            "rank":12.0,
            "area_info":"10평(33.6), 13평(43.63), 14평(47.83)",
            "last_sales":"2022-01-04,21500.0,14평(47.83)",
            "rank_history":[
                [
                    "202202",
                    12
                ],
                [
                    "202201",
                    12
                ]
            ],
            "rank_gap":0
        },
        {
            "index":61,
            "아파트명":"해오름",
            "투자타입":"일반",
            "전용면적(m2)":"78.69",
            "전용면적(평)":"23평",
            "법정동주소":"제주도 제주시 노형동 732-1",
            "도로명주소":"제주도 제주시 연화로 16",
            "세대수":30,
            "입주년차":20,
            "용적률점수":"--",
            "건폐율점수":"--",
            "세대당주차수":0,
            "난방방식":30,
            "공급면적":"--",
            "전용률":"--",
            "욕실수":50,
            "현관타입":100,
            "주거총점":32.5,
            "지역구공급총점":100.0,
            "역세권":"NA",
            "30분내 이동가능 거점":"NA",
            "1시간내 이동가능 거점":"NA",
            "교통총점":"NA",
            "백화점":0,
            "아울렛몰":80,
            "대형마트":100,
            "은행":100,
            "병원":0,
            "종합병원":100,
            "공원":100,
            "혐오시설":0,
            "인프라총점":56.0,
            "초등학군":89.99,
            "중학군":54.32,
            "학군총점":61.454,
            "인구수":53.4,
            "인구증감":2.01,
            "인구총점":37.983,
            "일자리":32.81,
            "소득수준":58.26,
            "일자리총점":40.445,
            "가치 총점":49.1385,
            "매매실거래년":20211008.0,
            "매매실거래가":60500.0,
            "전세실거래년":20200907.0,
            "전세실거래가":27000.0,
            "전세가율":44.63,
            "장기전세가율평균":69.13,
            "전세가율거품지수":24.5,
            "검색코드":15151,
            "세대수":346.0,
            "준공년월":"2001-01-11",
            "준공년차":22.0,
            "가까운역이름":"NA",
            "가까운역거리":"NA",
            "역세권여부":"NA",
            "30분이내주요거점역":"NA",
            "30분거점역이름":"NA",
            "1시간이내주요거점역":"NA",
            "1시간거점역이름":"NA",
            "3km이내백화점수":0,
            "5km이내아울렛몰수":1,
            "1km이내대형먀트수":2,
            "500m이내은행수":5,
            "500m이내병원수":0,
            "5km이내대형병원수":3,
            "500m이내공원수":7,
            "3km이내혐오시설수":0,
            "초등학교학업성취도":89.99,
            "중학교학업성취도":89.6,
            "용적률":149,
            "건폐율":15,
            "Y":33.480393,
            "X":126.486592,
            "rank":13.0,
            "area_info":"23평(78.69), 24평(82.18)",
            "last_sales":"2021-10-08,60500.0,23평(78.69)",
            "rank_history":[
                [
                    "202202",
                    13
                ],
                [
                    "202201",
                    16
                ]
            ],
            "rank_gap":3
        },
        {
            "index":401,
            "아파트명":"제주삼화사랑으로부영2차",
            "투자타입":"일반",
            "전용면적(m2)":"108.46",
            "전용면적(평)":"32평",
            "법정동주소":"제주도 제주시 화북2동 116",
            "도로명주소":"제주도 제주시 화삼로 12",
            "세대수":50,
            "입주년차":60,
            "용적률점수":"--",
            "건폐율점수":"--",
            "세대당주차수":30,
            "난방방식":30,
            "공급면적":"--",
            "전용률":"--",
            "욕실수":100,
            "현관타입":100,
            "주거총점":57.0,
            "지역구공급총점":100.0,
            "역세권":"NA",
            "30분내 이동가능 거점":"NA",
            "1시간내 이동가능 거점":"NA",
            "교통총점":"NA",
            "백화점":0,
            "아울렛몰":80,
            "대형마트":80,
            "은행":0,
            "병원":0,
            "종합병원":80,
            "공원":100,
            "혐오시설":0,
            "인프라총점":39.0,
            "초등학군":90.0,
            "중학군":44.16,
            "학군총점":53.328,
            "인구수":53.4,
            "인구증감":2.01,
            "인구총점":37.983,
            "일자리":32.81,
            "소득수준":58.26,
            "일자리총점":40.445,
            "가치 총점":48.882,
            "매매실거래년":20211013.0,
            "매매실거래가":65200.0,
            "전세실거래년":20220121.0,
            "전세실거래가":26250.0,
            "전세가율":40.26,
            "장기전세가율평균":69.13,
            "전세가율거품지수":28.87,
            "검색코드":105883,
            "세대수":448.0,
            "준공년월":"2013-01-28",
            "준공년차":10.0,
            "가까운역이름":"NA",
            "가까운역거리":"NA",
            "역세권여부":"NA",
            "30분이내주요거점역":"NA",
            "30분거점역이름":"NA",
            "1시간이내주요거점역":"NA",
            "1시간거점역이름":"NA",
            "3km이내백화점수":0,
            "5km이내아울렛몰수":1,
            "1km이내대형먀트수":1,
            "500m이내은행수":0,
            "500m이내병원수":0,
            "5km이내대형병원수":1,
            "500m이내공원수":3,
            "3km이내혐오시설수":0,
            "초등학교학업성취도":90.0,
            "중학교학업성취도":73.2,
            "용적률":159,
            "건폐율":20,
            "Y":33.513186,
            "X":126.574255,
            "rank":14.0,
            "area_info":"32평(108.46), 33평(109.81), 33평(109.79)",
            "last_sales":"2021-10-13,65200.0,32평(108.46)",
            "rank_history":[
                [
                    "202202",
                    14
                ],
                [
                    "202201",
                    43
                ]
            ],
            "rank_gap":29
        },
        {
            "index":248,
            "아파트명":"청목더웰연동",
            "투자타입":"일반",
            "전용면적(m2)":"26.16",
            "전용면적(평)":"7평",
            "법정동주소":"제주도 제주시 연동 276-3",
            "도로명주소":"제주도 제주시 연동8길 28",
            "세대수":0,
            "입주년차":80,
            "용적률점수":"--",
            "건폐율점수":"--",
            "세대당주차수":0,
            "난방방식":30,
            "공급면적":"--",
            "전용률":"--",
            "욕실수":50,
            "현관타입":100,
            "주거총점":34.0,
            "지역구공급총점":100.0,
            "역세권":"NA",
            "30분내 이동가능 거점":"NA",
            "1시간내 이동가능 거점":"NA",
            "교통총점":"NA",
            "백화점":0,
            "아울렛몰":80,
            "대형마트":100,
            "은행":70,
            "병원":0,
            "종합병원":100,
            "공원":100,
            "혐오시설":0,
            "인프라총점":53.0,
            "초등학군":90.01,
            "중학군":54.32,
            "학군총점":61.458,
            "인구수":53.4,
            "인구증감":2.01,
            "인구총점":37.983,
            "일자리":32.81,
            "소득수준":58.26,
            "일자리총점":40.445,
            "가치 총점":48.4645,
            "매매실거래년":20211127.0,
            "매매실거래가":8800.0,
            "전세실거래년":20211230.0,
            "전세실거래가":9000.0,
            "전세가율":102.27,
            "장기전세가율평균":69.13,
            "전세가율거품지수":-33.14,
            "검색코드":121931,
            "세대수":220.0,
            "준공년월":"2018-05-03",
            "준공년차":5.0,
            "가까운역이름":"NA",
            "가까운역거리":"NA",
            "역세권여부":"NA",
            "30분이내주요거점역":"NA",
            "30분거점역이름":"NA",
            "1시간이내주요거점역":"NA",
            "1시간거점역이름":"NA",
            "3km이내백화점수":0,
            "5km이내아울렛몰수":1,
            "1km이내대형먀트수":2,
            "500m이내은행수":4,
            "500m이내병원수":0,
            "5km이내대형병원수":3,
            "500m이내공원수":4,
            "3km이내혐오시설수":0,
            "초등학교학업성취도":90.01,
            "중학교학업성취도":89.6,
            "용적률":599,
            "건폐율":74,
            "Y":33.48341,
            "X":126.490319,
            "rank":15.0,
            "area_info":"7평(26.16), 13평(44.06)",
            "last_sales":"2021-11-27,8800.0,7평(26.16)",
            "rank_history":[
                [
                    "202202",
                    15
                ],
                [
                    "202201",
                    23
                ]
            ],
            "rank_gap":8
        },
        {
            "index":43,
            "아파트명":"부영2차",
            "투자타입":"일반",
            "전용면적(m2)":"71.83",
            "전용면적(평)":"21평",
            "법정동주소":"제주도 제주시 노형동 754-4",
            "도로명주소":"제주도 제주시 과원로 11",
            "세대수":80,
            "입주년차":20,
            "용적률점수":"--",
            "건폐율점수":"--",
            "세대당주차수":0,
            "난방방식":30,
            "공급면적":"--",
            "전용률":"--",
            "욕실수":50,
            "현관타입":100,
            "주거총점":50.0,
            "지역구공급총점":100.0,
            "역세권":"NA",
            "30분내 이동가능 거점":"NA",
            "1시간내 이동가능 거점":"NA",
            "교통총점":"NA",
            "백화점":0,
            "아울렛몰":0,
            "대형마트":100,
            "은행":0,
            "병원":0,
            "종합병원":100,
            "공원":100,
            "혐오시설":0,
            "인프라총점":38.0,
            "초등학군":89.99,
            "중학군":54.32,
            "학군총점":61.454,
            "인구수":53.4,
            "인구증감":2.01,
            "인구총점":37.983,
            "일자리":32.81,
            "소득수준":58.26,
            "일자리총점":40.445,
            "가치 총점":48.0635,
            "매매실거래년":20211230.0,
            "매매실거래가":41800.0,
            "전세실거래년":20220127.0,
            "전세실거래가":21000.0,
            "전세가율":50.24,
            "장기전세가율평균":69.13,
            "전세가율거품지수":18.89,
            "검색코드":13616,
            "세대수":710.0,
            "준공년월":"2001-01-20",
            "준공년차":22.0,
            "가까운역이름":"NA",
            "가까운역거리":"NA",
            "역세권여부":"NA",
            "30분이내주요거점역":"NA",
            "30분거점역이름":"NA",
            "1시간이내주요거점역":"NA",
            "1시간거점역이름":"NA",
            "3km이내백화점수":0,
            "5km이내아울렛몰수":0,
            "1km이내대형먀트수":2,
            "500m이내은행수":0,
            "500m이내병원수":0,
            "5km이내대형병원수":3,
            "500m이내공원수":4,
            "3km이내혐오시설수":0,
            "초등학교학업성취도":89.99,
            "중학교학업성취도":89.6,
            "용적률":179,
            "건폐율":20,
            "Y":33.477114,
            "X":126.484626,
            "rank":16.0,
            "area_info":"21평(71.83)",
            "last_sales":"2021-12-30,41800.0,21평(71.83)",
            "rank_history":[
                [
                    "202202",
                    16
                ],
                [
                    "202201",
                    14
                ]
            ],
            "rank_gap":-2
        },
        {
            "index":268,
            "아파트명":"헤르지아",
            "투자타입":"일반",
            "전용면적(m2)":"103.5",
            "전용면적(평)":"31평",
            "법정동주소":"제주도 제주시 오라2동 1365",
            "도로명주소":"제주도 제주시 연사3길 9",
            "세대수":0,
            "입주년차":80,
            "용적률점수":"--",
            "건폐율점수":"--",
            "세대당주차수":60,
            "난방방식":30,
            "공급면적":"--",
            "전용률":"--",
            "욕실수":100,
            "현관타입":100,
            "주거총점":48.0,
            "지역구공급총점":100.0,
            "역세권":"NA",
            "30분내 이동가능 거점":"NA",
            "1시간내 이동가능 거점":"NA",
            "교통총점":"NA",
            "백화점":0,
            "아울렛몰":80,
            "대형마트":80,
            "은행":0,
            "병원":0,
            "종합병원":100,
            "공원":0,
            "혐오시설":0,
            "인프라총점":40.0,
            "초등학군":90.0,
            "중학군":53.68,
            "학군총점":60.944,
            "인구수":53.4,
            "인구증감":2.01,
            "인구총점":37.983,
            "일자리":32.81,
            "소득수준":58.26,
            "일자리총점":40.445,
            "가치 총점":48.036,
            "매매실거래년":20220107.0,
            "매매실거래가":41700.0,
            "전세실거래년":20210107.0,
            "전세실거래가":25700.0,
            "전세가율":76.72,
            "장기전세가율평균":69.13,
            "전세가율거품지수":-7.59,
            "검색코드":115097,
            "세대수":120.0,
            "준공년월":"2015-06-05",
            "준공년차":8.0,
            "가까운역이름":"NA",
            "가까운역거리":"NA",
            "역세권여부":"NA",
            "30분이내주요거점역":"NA",
            "30분거점역이름":"NA",
            "1시간이내주요거점역":"NA",
            "1시간거점역이름":"NA",
            "3km이내백화점수":0,
            "5km이내아울렛몰수":1,
            "1km이내대형먀트수":1,
            "500m이내은행수":0,
            "500m이내병원수":0,
            "5km이내대형병원수":5,
            "500m이내공원수":0,
            "3km이내혐오시설수":0,
            "초등학교학업성취도":90.0,
            "중학교학업성취도":88.0,
            "용적률":0,
            "건폐율":0,
            "Y":33.488466,
            "X":126.512654,
            "rank":17.0,
            "area_info":"31평(103.5), 31평(103.51), 31평(103.74), 31평(103.78), 31평(104.75), 31평(105.28), 32평(105.85), 32평(105.88), 32평(106.09)",
            "last_sales":"2022-01-07,41700.0,32평(106.09)",
            "rank_history":[
                [
                    "202202",
                    17
                ],
                [
                    "202201",
                    26
                ]
            ],
            "rank_gap":9
        },
        {
            "index":122,
            "아파트명":"아라아이파크",
            "투자타입":"일반",
            "전용면적(m2)":"110.71",
            "전용면적(평)":"33평",
            "법정동주소":"제주도 제주시 아라1동 6121",
            "도로명주소":"제주도 제주시 인다1길 20",
            "세대수":50,
            "입주년차":60,
            "용적률점수":"--",
            "건폐율점수":"--",
            "세대당주차수":30,
            "난방방식":30,
            "공급면적":"--",
            "전용률":"--",
            "욕실수":100,
            "현관타입":100,
            "주거총점":57.0,
            "지역구공급총점":100.0,
            "역세권":"NA",
            "30분내 이동가능 거점":"NA",
            "1시간내 이동가능 거점":"NA",
            "교통총점":"NA",
            "백화점":0,
            "아울렛몰":80,
            "대형마트":0,
            "은행":0,
            "병원":0,
            "종합병원":100,
            "공원":100,
            "혐오시설":0,
            "인프라총점":31.0,
            "초등학군":90.0,
            "중학군":55.7,
            "학군총점":62.56,
            "인구수":53.4,
            "인구증감":2.01,
            "인구총점":37.983,
            "일자리":32.81,
            "소득수준":58.26,
            "일자리총점":40.445,
            "가치 총점":47.99,
            "매매실거래년":20211208.0,
            "매매실거래가":87000.0,
            "전세실거래년":20211231.0,
            "전세실거래가":59000.0,
            "전세가율":69.41,
            "장기전세가율평균":69.13,
            "전세가율거품지수":-0.28,
            "검색코드":104080,
            "세대수":614.0,
            "준공년월":"2013-10-01",
            "준공년차":10.0,
            "가까운역이름":"NA",
            "가까운역거리":"NA",
            "역세권여부":"NA",
            "30분이내주요거점역":"NA",
            "30분거점역이름":"NA",
            "1시간이내주요거점역":"NA",
            "1시간거점역이름":"NA",
            "3km이내백화점수":0,
            "5km이내아울렛몰수":1,
            "1km이내대형먀트수":0,
            "500m이내은행수":0,
            "500m이내병원수":0,
            "5km이내대형병원수":3,
            "500m이내공원수":5,
            "3km이내혐오시설수":0,
            "초등학교학업성취도":90.0,
            "중학교학업성취도":91.1,
            "용적률":214,
            "건폐율":25,
            "Y":33.476079,
            "X":126.550345,
            "rank":18.0,
            "area_info":"33평(110.71), 33평(111.63), 33평(111.64), 33평(111.74), 33평(112.36), 39평(130.73), 39평(130.82), 50평(166.29)",
            "last_sales":"2021-12-08,87000.0,33평(112.36)",
            "rank_history":[
                [
                    "202202",
                    18
                ],
                [
                    "202201",
                    22
                ]
            ],
            "rank_gap":4
        },
        {
            "index":4,
            "아파트명":"노형2차아이파크",
            "투자타입":"일반",
            "전용면적(m2)":"110.31",
            "전용면적(평)":"33평",
            "법정동주소":"제주도 제주시 노형동 3791-1",
            "도로명주소":"제주도 제주시 노형12길 24",
            "세대수":0,
            "입주년차":80,
            "용적률점수":"--",
            "건폐율점수":"--",
            "세대당주차수":30,
            "난방방식":30,
            "공급면적":"--",
            "전용률":"--",
            "욕실수":100,
            "현관타입":100,
            "주거총점":43.5,
            "지역구공급총점":100.0,
            "역세권":"NA",
            "30분내 이동가능 거점":"NA",
            "1시간내 이동가능 거점":"NA",
            "교통총점":"NA",
            "백화점":0,
            "아울렛몰":0,
            "대형마트":100,
            "은행":70,
            "병원":0,
            "종합병원":100,
            "공원":100,
            "혐오시설":0,
            "인프라총점":45.0,
            "초등학군":90.0,
            "중학군":50.72,
            "학군총점":58.576,
            "인구수":53.4,
            "인구증감":2.01,
            "인구총점":37.983,
            "일자리":32.81,
            "소득수준":58.26,
            "일자리총점":40.445,
            "가치 총점":47.869,
            "매매실거래년":20211019.0,
            "매매실거래가":140000.0,
            "전세실거래년":20210720.0,
            "전세실거래가":65000.0,
            "전세가율":70.65,
            "장기전세가율평균":69.13,
            "전세가율거품지수":-1.52,
            "검색코드":104907,
            "세대수":174.0,
            "준공년월":"2014-01-20",
            "준공년차":9.0,
            "가까운역이름":"NA",
            "가까운역거리":"NA",
            "역세권여부":"NA",
            "30분이내주요거점역":"NA",
            "30분거점역이름":"NA",
            "1시간이내주요거점역":"NA",
            "1시간거점역이름":"NA",
            "3km이내백화점수":0,
            "5km이내아울렛몰수":0,
            "1km이내대형먀트수":2,
            "500m이내은행수":4,
            "500m이내병원수":0,
            "5km이내대형병원수":3,
            "500m이내공원수":5,
            "3km이내혐오시설수":0,
            "초등학교학업성취도":90.0,
            "중학교학업성취도":81.4,
            "용적률":219,
            "건폐율":20,
            "Y":33.482842,
            "X":126.479685,
            "rank":19.0,
            "area_info":"33평(110.31), 42평(139.25)",
            "last_sales":"2021-10-19,140000.0,42평(139.25)",
            "rank_history":[
                [
                    "202202",
                    19
                ],
                [
                    "202201",
                    9
                ]
            ],
            "rank_gap":-10
        },
        {
            "index":353,
            "아파트명":"일도신천지",
            "투자타입":"일반",
            "전용면적(m2)":"82.12",
            "전용면적(평)":"24평",
            "법정동주소":"제주도 제주시 일도2동 47-1",
            "도로명주소":"제주도 제주시 천수로 72",
            "세대수":50,
            "입주년차":0,
            "용적률점수":"--",
            "건폐율점수":"--",
            "세대당주차수":0,
            "난방방식":30,
            "공급면적":"--",
            "전용률":"--",
            "욕실수":50,
            "현관타입":100,
            "주거총점":35.5,
            "지역구공급총점":100.0,
            "역세권":"NA",
            "30분내 이동가능 거점":"NA",
            "1시간내 이동가능 거점":"NA",
            "교통총점":"NA",
            "백화점":0,
            "아울렛몰":80,
            "대형마트":80,
            "은행":70,
            "병원":0,
            "종합병원":100,
            "공원":100,
            "혐오시설":0,
            "인프라총점":50.0,
            "초등학군":90.0,
            "중학군":53.94,
            "학군총점":61.152,
            "인구수":53.4,
            "인구증감":2.01,
            "인구총점":37.983,
            "일자리":32.81,
            "소득수준":58.26,
            "일자리총점":40.445,
            "가치 총점":47.713,
            "매매실거래년":20210902.0,
            "매매실거래가":28500.0,
            "전세실거래년":20211106.0,
            "전세실거래가":16000.0,
            "전세가율":56.14,
            "장기전세가율평균":69.13,
            "전세가율거품지수":12.99,
            "검색코드":7843,
            "세대수":468.0,
            "준공년월":"1993-07-10",
            "준공년차":30.0,
            "가까운역이름":"NA",
            "가까운역거리":"NA",
            "역세권여부":"NA",
            "30분이내주요거점역":"NA",
            "30분거점역이름":"NA",
            "1시간이내주요거점역":"NA",
            "1시간거점역이름":"NA",
            "3km이내백화점수":0,
            "5km이내아울렛몰수":1,
            "1km이내대형먀트수":1,
            "500m이내은행수":3,
            "500m이내병원수":0,
            "5km이내대형병원수":3,
            "500m이내공원수":4,
            "3km이내혐오시설수":0,
            "초등학교학업성취도":90.0,
            "중학교학업성취도":88.9,
            "용적률":124,
            "건폐율":27,
            "Y":33.504792,
            "X":126.544033,
            "rank":20.0,
            "area_info":"24평(82.12)",
            "last_sales":"2021-09-02,28500.0,24평(82.12)",
            "rank_history":[
                [
                    "202202",
                    20
                ],
                [
                    "202201",
                    38
                ]
            ],
            "rank_gap":18
        },
        {
            "index":45,
            "아파트명":"부영5차",
            "투자타입":"일반",
            "전용면적(m2)":"115.84",
            "전용면적(평)":"35평",
            "법정동주소":"제주도 제주시 노형동 754",
            "도로명주소":"제주도 제주시 과원북2길 12",
            "세대수":30,
            "입주년차":20,
            "용적률점수":"--",
            "건폐율점수":"--",
            "세대당주차수":60,
            "난방방식":30,
            "공급면적":"--",
            "전용률":"--",
            "욕실수":100,
            "현관타입":10,
            "주거총점":37.5,
            "지역구공급총점":100.0,
            "역세권":"NA",
            "30분내 이동가능 거점":"NA",
            "1시간내 이동가능 거점":"NA",
            "교통총점":"NA",
            "백화점":0,
            "아울렛몰":0,
            "대형마트":100,
            "은행":100,
            "병원":0,
            "종합병원":100,
            "공원":100,
            "혐오시설":0,
            "인프라총점":48.0,
            "초등학군":89.99,
            "중학군":54.32,
            "학군총점":61.454,
            "인구수":53.4,
            "인구증감":2.01,
            "인구총점":37.983,
            "일자리":32.81,
            "소득수준":58.26,
            "일자리총점":40.445,
            "가치 총점":47.6885,
            "매매실거래년":20211217.0,
            "매매실거래가":79500.0,
            "전세실거래년":20211231.0,
            "전세실거래가":33000.0,
            "전세가율":41.51,
            "장기전세가율평균":69.13,
            "전세가율거품지수":27.62,
            "검색코드":13617,
            "세대수":384.0,
            "준공년월":"2001-06-29",
            "준공년차":22.0,
            "가까운역이름":"NA",
            "가까운역거리":"NA",
            "역세권여부":"NA",
            "30분이내주요거점역":"NA",
            "30분거점역이름":"NA",
            "1시간이내주요거점역":"NA",
            "1시간거점역이름":"NA",
            "3km이내백화점수":0,
            "5km이내아울렛몰수":0,
            "1km이내대형먀트수":2,
            "500m이내은행수":5,
            "500m이내병원수":0,
            "5km이내대형병원수":3,
            "500m이내공원수":3,
            "3km이내혐오시설수":0,
            "초등학교학업성취도":89.99,
            "중학교학업성취도":89.6,
            "용적률":189,
            "건폐율":19,
            "Y":33.478412,
            "X":126.483861,
            "rank":21.0,
            "area_info":"35평(115.84)",
            "last_sales":"2021-12-17,79500.0,35평(115.84)",
            "rank_history":[
                [
                    "202202",
                    21
                ],
                [
                    "202201",
                    10
                ]
            ],
            "rank_gap":-11
        },
        {
            "index":202,
            "아파트명":"디지털한빛",
            "투자타입":"일반",
            "전용면적(m2)":"75.28",
            "전용면적(평)":"22평",
            "법정동주소":"제주도 제주시 연동 257",
            "도로명주소":"제주도 제주시 연동4길 32",
            "세대수":0,
            "입주년차":40,
            "용적률점수":"--",
            "건폐율점수":"--",
            "세대당주차수":0,
            "난방방식":30,
            "공급면적":"--",
            "전용률":"--",
            "욕실수":100,
            "현관타입":100,
            "주거총점":31.0,
            "지역구공급총점":100.0,
            "역세권":"NA",
            "30분내 이동가능 거점":"NA",
            "1시간내 이동가능 거점":"NA",
            "교통총점":"NA",
            "백화점":0,
            "아울렛몰":80,
            "대형마트":100,
            "은행":70,
            "병원":0,
            "종합병원":100,
            "공원":100,
            "혐오시설":0,
            "인프라총점":53.0,
            "초등학군":89.99,
            "중학군":54.32,
            "학군총점":61.454,
            "인구수":53.4,
            "인구증감":2.01,
            "인구총점":37.983,
            "일자리":32.81,
            "소득수준":58.26,
            "일자리총점":40.445,
            "가치 총점":47.4135,
            "매매실거래년":20211023.0,
            "매매실거래가":49500.0,
            "전세실거래년":20170104.0,
            "전세실거래가":22000.0,
            "전세가율":66.67,
            "장기전세가율평균":69.13,
            "전세가율거품지수":2.46,
            "검색코드":101178,
            "세대수":102.0,
            "준공년월":"2005-06-13",
            "준공년차":18.0,
            "가까운역이름":"NA",
            "가까운역거리":"NA",
            "역세권여부":"NA",
            "30분이내주요거점역":"NA",
            "30분거점역이름":"NA",
            "1시간이내주요거점역":"NA",
            "1시간거점역이름":"NA",
            "3km이내백화점수":0,
            "5km이내아울렛몰수":1,
            "1km이내대형먀트수":2,
            "500m이내은행수":4,
            "500m이내병원수":0,
            "5km이내대형병원수":3,
            "500m이내공원수":6,
            "3km이내혐오시설수":0,
            "초등학교학업성취도":89.99,
            "중학교학업성취도":89.6,
            "용적률":249,
            "건폐율":23,
            "Y":33.483159,
            "X":126.487189,
            "rank":22.0,
            "area_info":"22평(75.28), 31평(103.97), 32평(108.56)",
            "last_sales":"2021-10-23,49500.0,32평(108.56)",
            "rank_history":[
                [
                    "202202",
                    22
                ],
                [
                    "202201",
                    29
                ]
            ],
            "rank_gap":7
        },
        {
            "index":138,
            "아파트명":"염광",
            "투자타입":"재건축",
            "전용면적(m2)":"62.76",
            "전용면적(평)":"18평",
            "법정동주소":"제주도 제주시 아라1동 6142-13",
            "도로명주소":"제주도 제주시 인다15길 5",
            "세대수":30,
            "입주년차":"--",
            "용적률점수":80,
            "건폐율점수":60,
            "세대당주차수":"--",
            "난방방식":"--",
            "공급면적":50,
            "전용률":60,
            "욕실수":"--",
            "현관타입":"--",
            "주거총점":58.5,
            "지역구공급총점":100.0,
            "역세권":"NA",
            "30분내 이동가능 거점":"NA",
            "1시간내 이동가능 거점":"NA",
            "교통총점":"NA",
            "백화점":0,
            "아울렛몰":80,
            "대형마트":0,
            "은행":0,
            "병원":0,
            "종합병원":100,
            "공원":100,
            "혐오시설":0,
            "인프라총점":31.0,
            "초등학군":90.0,
            "중학군":50.16,
            "학군총점":58.128,
            "인구수":53.4,
            "인구증감":2.01,
            "인구총점":37.983,
            "일자리":32.81,
            "소득수준":58.26,
            "일자리총점":40.445,
            "가치 총점":47.407,
            "매매실거래년":20220115.0,
            "매매실거래가":30000.0,
            "전세실거래년":20220127.0,
            "전세실거래가":12000.0,
            "전세가율":40.0,
            "장기전세가율평균":69.13,
            "전세가율거품지수":29.13,
            "검색코드":15165,
            "세대수":350.0,
            "준공년월":"1990-02-01",
            "준공년차":33.0,
            "가까운역이름":"NA",
            "가까운역거리":"NA",
            "역세권여부":"NA",
            "30분이내주요거점역":"NA",
            "30분거점역이름":"NA",
            "1시간이내주요거점역":"NA",
            "1시간거점역이름":"NA",
            "3km이내백화점수":0,
            "5km이내아울렛몰수":1,
            "1km이내대형먀트수":0,
            "500m이내은행수":1,
            "500m이내병원수":0,
            "5km이내대형병원수":3,
            "500m이내공원수":7,
            "3km이내혐오시설수":0,
            "초등학교학업성취도":90.0,
            "중학교학업성취도":83.4,
            "용적률":164,
            "건폐율":33,
            "Y":33.47042,
            "X":126.547502,
            "rank":23.0,
            "area_info":"18평(62.76), 26평(86.56), 27평(90.05), 30평(100.53)",
            "last_sales":"2022-01-15,30000.0,18평(62.76)",
            "rank_history":[
                [
                    "202202",
                    23
                ],
                [
                    "202201",
                    21
                ]
            ],
            "rank_gap":-2
        },
        {
            "index":32,
            "아파트명":"노형중흥에스-클래스",
            "투자타입":"일반",
            "전용면적(m2)":"142.61",
            "전용면적(평)":"43평",
            "법정동주소":"제주도 제주시 노형동 2585-1",
            "도로명주소":"제주도 제주시 광평동로 66",
            "세대수":30,
            "입주년차":40,
            "용적률점수":"--",
            "건폐율점수":"--",
            "세대당주차수":80,
            "난방방식":30,
            "공급면적":"--",
            "전용률":"--",
            "욕실수":100,
            "현관타입":100,
            "주거총점":53.5,
            "지역구공급총점":100.0,
            "역세권":"NA",
            "30분내 이동가능 거점":"NA",
            "1시간내 이동가능 거점":"NA",
            "교통총점":"NA",
            "백화점":0,
            "아울렛몰":0,
            "대형마트":80,
            "은행":0,
            "병원":0,
            "종합병원":100,
            "공원":100,
            "혐오시설":0,
            "인프라총점":35.0,
            "초등학군":89.99,
            "중학군":50.72,
            "학군총점":58.574,
            "인구수":53.4,
            "인구증감":2.01,
            "인구총점":37.983,
            "일자리":32.81,
            "소득수준":58.26,
            "일자리총점":40.445,
            "가치 총점":47.3685,
            "매매실거래년":20210930.0,
            "매매실거래가":86000.0,
            "전세실거래년":20211127.0,
            "전세실거래가":39900.0,
            "전세가율":46.4,
            "장기전세가율평균":69.13,
            "전세가율거품지수":22.73,
            "검색코드":17620,
            "세대수":330.0,
            "준공년월":"2006-01-17",
            "준공년차":17.0,
            "가까운역이름":"NA",
            "가까운역거리":"NA",
            "역세권여부":"NA",
            "30분이내주요거점역":"NA",
            "30분거점역이름":"NA",
            "1시간이내주요거점역":"NA",
            "1시간거점역이름":"NA",
            "3km이내백화점수":0,
            "5km이내아울렛몰수":0,
            "1km이내대형먀트수":1,
            "500m이내은행수":1,
            "500m이내병원수":0,
            "5km이내대형병원수":3,
            "500m이내공원수":8,
            "3km이내혐오시설수":0,
            "초등학교학업성취도":89.99,
            "중학교학업성취도":81.4,
            "용적률":159,
            "건폐율":17,
            "Y":33.485837,
            "X":126.468174,
            "rank":24.0,
            "area_info":"43평(142.61), 52평(173.95)",
            "last_sales":"2021-09-30,86000.0,43평(142.61)",
            "rank_history":[
                [
                    "202202",
                    24
                ],
                [
                    "202201",
                    27
                ]
            ],
            "rank_gap":3
        },
        {
            "index":6,
            "아파트명":"노형e-편한세상",
            "투자타입":"일반",
            "전용면적(m2)":"128.98",
            "전용면적(평)":"39평",
            "법정동주소":"제주도 제주시 노형동 2585-2",
            "도로명주소":"제주도 제주시 수덕로 78",
            "세대수":30,
            "입주년차":40,
            "용적률점수":"--",
            "건폐율점수":"--",
            "세대당주차수":80,
            "난방방식":30,
            "공급면적":"--",
            "전용률":"--",
            "욕실수":100,
            "현관타입":100,
            "주거총점":53.5,
            "지역구공급총점":100.0,
            "역세권":"NA",
            "30분내 이동가능 거점":"NA",
            "1시간내 이동가능 거점":"NA",
            "교통총점":"NA",
            "백화점":0,
            "아울렛몰":0,
            "대형마트":80,
            "은행":0,
            "병원":0,
            "종합병원":100,
            "공원":100,
            "혐오시설":0,
            "인프라총점":35.0,
            "초등학군":89.99,
            "중학군":50.72,
            "학군총점":58.574,
            "인구수":53.4,
            "인구증감":2.01,
            "인구총점":37.983,
            "일자리":32.81,
            "소득수준":58.26,
            "일자리총점":40.445,
            "가치 총점":47.3685,
            "매매실거래년":20211030.0,
            "매매실거래가":119000.0,
            "전세실거래년":20211214.0,
            "전세실거래가":53950.0,
            "전세가율":58.01,
            "장기전세가율평균":69.13,
            "전세가율거품지수":11.12,
            "검색코드":17738,
            "세대수":350.0,
            "준공년월":"2005-12-28",
            "준공년차":18.0,
            "가까운역이름":"NA",
            "가까운역거리":"NA",
            "역세권여부":"NA",
            "30분이내주요거점역":"NA",
            "30분거점역이름":"NA",
            "1시간이내주요거점역":"NA",
            "1시간거점역이름":"NA",
            "3km이내백화점수":0,
            "5km이내아울렛몰수":0,
            "1km이내대형먀트수":1,
            "500m이내은행수":1,
            "500m이내병원수":0,
            "5km이내대형병원수":3,
            "500m이내공원수":9,
            "3km이내혐오시설수":0,
            "초등학교학업성취도":89.99,
            "중학교학업성취도":81.4,
            "용적률":159,
            "건폐율":18,
            "Y":33.484681,
            "X":126.469442,
            "rank":24.0,
            "area_info":"39평(128.98), 46평(154.93), 57평(190.97)",
            "last_sales":"2021-10-30,119000.0,46평(154.93)",
            "rank_history":[
                [
                    "202202",
                    24
                ],
                [
                    "202201",
                    27
                ]
            ],
            "rank_gap":3
        },
        {
            "index":82,
            "아파트명":"수선화1차",
            "투자타입":"재건축",
            "전용면적(m2)":"58.74",
            "전용면적(평)":"17평",
            "법정동주소":"제주도 제주시 도남동 70",
            "도로명주소":"제주도 제주시 독짓골2길 26",
            "세대수":0,
            "입주년차":"--",
            "용적률점수":100,
            "건폐율점수":60,
            "세대당주차수":"--",
            "난방방식":"--",
            "공급면적":50,
            "전용률":80,
            "욕실수":"--",
            "현관타입":"--",
            "주거총점":58.5,
            "지역구공급총점":100.0,
            "역세권":"NA",
            "30분내 이동가능 거점":"NA",
            "1시간내 이동가능 거점":"NA",
            "교통총점":"NA",
            "백화점":0,
            "아울렛몰":80,
            "대형마트":0,
            "은행":0,
            "병원":0,
            "종합병원":100,
            "공원":100,
            "혐오시설":0,
            "인프라총점":31.0,
            "초등학군":89.99,
            "중학군":49.0,
            "학군총점":57.198,
            "인구수":53.4,
            "인구증감":2.01,
            "인구총점":37.983,
            "일자리":32.81,
            "소득수준":58.26,
            "일자리총점":40.445,
            "가치 총점":47.1745,
            "매매실거래년":20220120.0,
            "매매실거래가":15000.0,
            "전세실거래년":20180520.0,
            "전세실거래가":12000.0,
            "전세가율":64.86,
            "장기전세가율평균":69.13,
            "전세가율거품지수":4.27,
            "검색코드":15154,
            "세대수":200.0,
            "준공년월":"1992-10-02",
            "준공년차":31.0,
            "가까운역이름":"NA",
            "가까운역거리":"NA",
            "역세권여부":"NA",
            "30분이내주요거점역":"NA",
            "30분거점역이름":"NA",
            "1시간이내주요거점역":"NA",
            "1시간거점역이름":"NA",
            "3km이내백화점수":0,
            "5km이내아울렛몰수":1,
            "1km이내대형먀트수":0,
            "500m이내은행수":1,
            "500m이내병원수":0,
            "5km이내대형병원수":4,
            "500m이내공원수":9,
            "3km이내혐오시설수":0,
            "초등학교학업성취도":89.99,
            "중학교학업성취도":80.2,
            "용적률":147,
            "건폐율":30,
            "Y":33.49019,
            "X":126.53038,
            "rank":25.0,
            "area_info":"17평(58.74), 18평(60.5)",
            "last_sales":"2022-01-20,15000.0,18평(60.5)",
            "rank_history":[
                [
                    "202202",
                    25
                ],
                [
                    "202201",
                    30
                ]
            ],
            "rank_gap":5
        },
        {
            "index":58,
            "아파트명":"한화",
            "투자타입":"일반",
            "전용면적(m2)":"129.11",
            "전용면적(평)":"39평",
            "법정동주소":"제주도 제주시 노형동 731-2",
            "도로명주소":"제주도 제주시 원노형로 102",
            "세대수":0,
            "입주년차":20,
            "용적률점수":"--",
            "건폐율점수":"--",
            "세대당주차수":60,
            "난방방식":30,
            "공급면적":"--",
            "전용률":"--",
            "욕실수":100,
            "현관타입":100,
            "주거총점":36.0,
            "지역구공급총점":100.0,
            "역세권":"NA",
            "30분내 이동가능 거점":"NA",
            "1시간내 이동가능 거점":"NA",
            "교통총점":"NA",
            "백화점":0,
            "아울렛몰":0,
            "대형마트":100,
            "은행":100,
            "병원":0,
            "종합병원":100,
            "공원":100,
            "혐오시설":0,
            "인프라총점":48.0,
            "초등학군":89.99,
            "중학군":54.32,
            "학군총점":61.454,
            "인구수":53.4,
            "인구증감":2.01,
            "인구총점":37.983,
            "일자리":32.81,
            "소득수준":58.26,
            "일자리총점":40.445,
            "가치 총점":47.1635,
            "매매실거래년":20210711.0,
            "매매실거래가":99800.0,
            "전세실거래년":20211231.0,
            "전세실거래가":70000.0,
            "전세가율":70.14,
            "장기전세가율평균":69.13,
            "전세가율거품지수":-1.01,
            "검색코드":15150,
            "세대수":234.0,
            "준공년월":"2002-01-15",
            "준공년차":21.0,
            "가까운역이름":"NA",
            "가까운역거리":"NA",
            "역세권여부":"NA",
            "30분이내주요거점역":"NA",
            "30분거점역이름":"NA",
            "1시간이내주요거점역":"NA",
            "1시간거점역이름":"NA",
            "3km이내백화점수":0,
            "5km이내아울렛몰수":0,
            "1km이내대형먀트수":2,
            "500m이내은행수":5,
            "500m이내병원수":0,
            "5km이내대형병원수":3,
            "500m이내공원수":4,
            "3km이내혐오시설수":0,
            "초등학교학업성취도":89.99,
            "중학교학업성취도":89.6,
            "용적률":195,
            "건폐율":15,
            "Y":33.47959,
            "X":126.48387,
            "rank":26.0,
            "area_info":"39평(129.11), 44평(148.37), 51평(170.95)",
            "last_sales":"2021-07-11,99800.0,39평(129.11)",
            "rank_history":[
                [
                    "202202",
                    26
                ],
                [
                    "202201",
                    11
                ]
            ],
            "rank_gap":-15
        },
        {
            "index":233,
            "아파트명":"제주연동리슈빌디에스",
            "투자타입":"일반",
            "전용면적(m2)":"38.4",
            "전용면적(평)":"11평",
            "법정동주소":"제주도 제주시 연동 273-43",
            "도로명주소":"제주도 제주시 노연로 103",
            "세대수":0,
            "입주년차":80,
            "용적률점수":"--",
            "건폐율점수":"--",
            "세대당주차수":0,
            "난방방식":30,
            "공급면적":"--",
            "전용률":"--",
            "욕실수":50,
            "현관타입":100,
            "주거총점":34.0,
            "지역구공급총점":100.0,
            "역세권":"NA",
            "30분내 이동가능 거점":"NA",
            "1시간내 이동가능 거점":"NA",
            "교통총점":"NA",
            "백화점":0,
            "아울렛몰":80,
            "대형마트":80,
            "은행":70,
            "병원":0,
            "종합병원":100,
            "공원":100,
            "혐오시설":0,
            "인프라총점":50.0,
            "초등학군":90.01,
            "중학군":53.68,
            "학군총점":60.946,
            "인구수":53.4,
            "인구증감":2.01,
            "인구총점":37.983,
            "일자리":32.81,
            "소득수준":58.26,
            "일자리총점":40.445,
            "가치 총점":47.1365,
            "매매실거래년":20180921.0,
            "매매실거래가":16600.0,
            "전세실거래년":null,
            "전세실거래가":null,
            "전세가율":null,
            "장기전세가율평균":69.13,
            "전세가율거품지수":null,
            "검색코드":121776,
            "세대수":158.0,
            "준공년월":"2018-09-03",
            "준공년차":5.0,
            "가까운역이름":"NA",
            "가까운역거리":"NA",
            "역세권여부":"NA",
            "30분이내주요거점역":"NA",
            "30분거점역이름":"NA",
            "1시간이내주요거점역":"NA",
            "1시간거점역이름":"NA",
            "3km이내백화점수":0,
            "5km이내아울렛몰수":1,
            "1km이내대형먀트수":1,
            "500m이내은행수":3,
            "500m이내병원수":0,
            "5km이내대형병원수":3,
            "500m이내공원수":5,
            "3km이내혐오시설수":0,
            "초등학교학업성취도":90.01,
            "중학교학업성취도":88.0,
            "용적률":693,
            "건폐율":79,
            "Y":33.48604,
            "X":126.491283,
            "rank":27.0,
            "area_info":"11평(38.4), 12평(40.45), 12평(40.45), 12평(40.13), 12평(41.39), 13평(45.91), 13평(45.04)",
            "last_sales":"2018-09-21,16600.0,13평(45.04)",
            "rank_history":[
                [
                    "202202",
                    27
                ],
                [
                    "202201",
                    15
                ]
            ],
            "rank_gap":-12
        },
        {
            "index":146,
            "아파트명":"제주아라KCC스위첸",
            "투자타입":"일반",
            "전용면적(m2)":"108.53",
            "전용면적(평)":"32평",
            "법정동주소":"제주도 제주시 아라1동 6088",
            "도로명주소":"제주도 제주시 아란9길 22",
            "세대수":50,
            "입주년차":60,
            "용적률점수":"--",
            "건폐율점수":"--",
            "세대당주차수":30,
            "난방방식":30,
            "공급면적":"--",
            "전용률":"--",
            "욕실수":100,
            "현관타입":100,
            "주거총점":57.0,
            "지역구공급총점":100.0,
            "역세권":"NA",
            "30분내 이동가능 거점":"NA",
            "1시간내 이동가능 거점":"NA",
            "교통총점":"NA",
            "백화점":0,
            "아울렛몰":80,
            "대형마트":0,
            "은행":0,
            "병원":0,
            "종합병원":100,
            "공원":100,
            "혐오시설":0,
            "인프라총점":31.0,
            "초등학군":90.0,
            "중학군":50.16,
            "학군총점":58.128,
            "인구수":53.4,
            "인구증감":2.01,
            "인구총점":37.983,
            "일자리":32.81,
            "소득수준":58.26,
            "일자리총점":40.445,
            "가치 총점":46.882,
            "매매실거래년":20211230.0,
            "매매실거래가":125000.0,
            "전세실거래년":20211124.0,
            "전세실거래가":55000.0,
            "전세가율":59.46,
            "장기전세가율평균":69.13,
            "전세가율거품지수":9.67,
            "검색코드":102516,
            "세대수":572.0,
            "준공년월":"2012-12-27",
            "준공년차":11.0,
            "가까운역이름":"NA",
            "가까운역거리":"NA",
            "역세권여부":"NA",
            "30분이내주요거점역":"NA",
            "30분거점역이름":"NA",
            "1시간이내주요거점역":"NA",
            "1시간거점역이름":"NA",
            "3km이내백화점수":0,
            "5km이내아울렛몰수":1,
            "1km이내대형먀트수":0,
            "500m이내은행수":0,
            "500m이내병원수":0,
            "5km이내대형병원수":3,
            "500m이내공원수":7,
            "3km이내혐오시설수":0,
            "초등학교학업성취도":90.0,
            "중학교학업성취도":83.4,
            "용적률":219,
            "건폐율":25,
            "Y":33.473933,
            "X":126.542667,
            "rank":28.0,
            "area_info":"32평(108.53), 33평(110.32), 39평(130.04), 39평(131.19), 51평(170.25)",
            "last_sales":"2021-12-30,125000.0,51평(170.25)",
            "rank_history":[
                [
                    "202202",
                    28
                ],
                [
                    "202201",
                    17
                ]
            ],
            "rank_gap":-11
        },
        {
            "index":130,
            "아파트명":"아라원신",
            "투자타입":"재건축",
            "전용면적(m2)":"108.53",
            "전용면적(평)":"32평",
            "법정동주소":"제주도 제주시 아라1동 6082-3",
            "도로명주소":"제주도 제주시 중앙로 578",
            "세대수":0,
            "입주년차":"--",
            "용적률점수":80,
            "건폐율점수":80,
            "세대당주차수":"--",
            "난방방식":"--",
            "공급면적":90,
            "전용률":60,
            "욕실수":"--",
            "현관타입":"--",
            "주거총점":55.5,
            "지역구공급총점":100.0,
            "역세권":"NA",
            "30분내 이동가능 거점":"NA",
            "1시간내 이동가능 거점":"NA",
            "교통총점":"NA",
            "백화점":0,
            "아울렛몰":80,
            "대형마트":0,
            "은행":0,
            "병원":0,
            "종합병원":100,
            "공원":100,
            "혐오시설":0,
            "인프라총점":31.0,
            "초등학군":90.0,
            "중학군":50.16,
            "학군총점":58.128,
            "인구수":53.4,
            "인구증감":2.01,
            "인구총점":37.983,
            "일자리":32.81,
            "소득수준":58.26,
            "일자리총점":40.445,
            "가치 총점":46.357,
            "매매실거래년":20190813.0,
            "매매실거래가":36000.0,
            "전세실거래년":null,
            "전세실거래가":null,
            "전세가율":null,
            "장기전세가율평균":69.13,
            "전세가율거품지수":null,
            "검색코드":15168,
            "세대수":168.0,
            "준공년월":"1992-08-19",
            "준공년차":31.0,
            "가까운역이름":"NA",
            "가까운역거리":"NA",
            "역세권여부":"NA",
            "30분이내주요거점역":"NA",
            "30분거점역이름":"NA",
            "1시간이내주요거점역":"NA",
            "1시간거점역이름":"NA",
            "3km이내백화점수":0,
            "5km이내아울렛몰수":1,
            "1km이내대형먀트수":0,
            "500m이내은행수":0,
            "500m이내병원수":0,
            "5km이내대형병원수":3,
            "500m이내공원수":8,
            "3km이내혐오시설수":0,
            "초등학교학업성취도":90.0,
            "중학교학업성취도":83.4,
            "용적률":163,
            "건폐율":26,
            "Y":33.4718,
            "X":126.544521,
            "rank":29.0,
            "area_info":"32평(108.53), 32평(108.82), 33평(109.48), 33평(109.32), 32평(109.08), 33평(109.27), 33평(109.4), 47평(157.3)",
            "last_sales":"2019-08-13,36000.0,47평(157.3)",
            "rank_history":[
                [
                    "202202",
                    29
                ],
                [
                    "202201",
                    19
                ]
            ],
            "rank_gap":-10
        },
        {
            "index":360,
            "아파트명":"제주대유대림",
            "투자타입":"일반",
            "전용면적(m2)":"104.41",
            "전용면적(평)":"31평",
            "법정동주소":"제주도 제주시 일도2동 113-7",
            "도로명주소":"제주도 제주시 남광로 181",
            "세대수":50,
            "입주년차":0,
            "용적률점수":"--",
            "건폐율점수":"--",
            "세대당주차수":30,
            "난방방식":30,
            "공급면적":"--",
            "전용률":"--",
            "욕실수":50,
            "현관타입":100,
            "주거총점":40.0,
            "지역구공급총점":100.0,
            "역세권":"NA",
            "30분내 이동가능 거점":"NA",
            "1시간내 이동가능 거점":"NA",
            "교통총점":"NA",
            "백화점":0,
            "아울렛몰":80,
            "대형마트":80,
            "은행":0,
            "병원":0,
            "종합병원":100,
            "공원":80,
            "혐오시설":0,
            "인프라총점":42.4,
            "초등학군":90.0,
            "중학군":53.94,
            "학군총점":61.152,
            "인구수":53.4,
            "인구증감":2.01,
            "인구총점":37.983,
            "일자리":32.81,
            "소득수준":58.26,
            "일자리총점":40.445,
            "가치 총점":46.248,
            "매매실거래년":20220113.0,
            "매매실거래가":59500.0,
            "전세실거래년":20211229.0,
            "전세실거래가":19000.0,
            "전세가율":52.78,
            "장기전세가율평균":69.13,
            "전세가율거품지수":16.35,
            "검색코드":7828,
            "세대수":600.0,
            "준공년월":"1997-01-31",
            "준공년차":26.0,
            "가까운역이름":"NA",
            "가까운역거리":"NA",
            "역세권여부":"NA",
            "30분이내주요거점역":"NA",
            "30분거점역이름":"NA",
            "1시간이내주요거점역":"NA",
            "1시간거점역이름":"NA",
            "3km이내백화점수":0,
            "5km이내아울렛몰수":1,
            "1km이내대형먀트수":1,
            "500m이내은행수":0,
            "500m이내병원수":0,
            "5km이내대형병원수":3,
            "500m이내공원수":1,
            "3km이내혐오시설수":0,
            "초등학교학업성취도":90.0,
            "중학교학업성취도":88.9,
            "용적률":152,
            "건폐율":30,
            "Y":33.50244,
            "X":126.5513,
            "rank":30.0,
            "area_info":"31평(104.41), 34평(113.47), 52평(172.44)",
            "last_sales":"2022-01-13,59500.0,52평(172.44)",
            "rank_history":[
                [
                    "202202",
                    30
                ],
                [
                    "202201",
                    56
                ]
            ],
            "rank_gap":26
        },
        {
            "index":297,
            "아파트명":"제주첨단과학기술단지꿈에그린(A2블럭)",
            "투자타입":"일반",
            "전용면적(m2)":"114.05",
            "전용면적(평)":"34평",
            "법정동주소":"제주도 제주시 월평동 745",
            "도로명주소":"제주도 제주시 첨단로동길 74",
            "세대수":50,
            "입주년차":80,
            "용적률점수":"--",
            "건폐율점수":"--",
            "세대당주차수":60,
            "난방방식":30,
            "공급면적":"--",
            "전용률":"--",
            "욕실수":100,
            "현관타입":100,
            "주거총점":65.5,
            "지역구공급총점":100.0,
            "역세권":"NA",
            "30분내 이동가능 거점":"NA",
            "1시간내 이동가능 거점":"NA",
            "교통총점":"NA",
            "백화점":0,
            "아울렛몰":0,
            "대형마트":0,
            "은행":0,
            "병원":0,
            "종합병원":80,
            "공원":100,
            "혐오시설":0,
            "인프라총점":19.0,
            "초등학군":90.01,
            "중학군":55.7,
            "학군총점":62.562,
            "인구수":53.4,
            "인구증감":2.01,
            "인구총점":37.983,
            "일자리":32.81,
            "소득수준":58.26,
            "일자리총점":40.445,
            "가치 총점":46.1655,
            "매매실거래년":20220124.0,
            "매매실거래가":54000.0,
            "전세실거래년":20220121.0,
            "전세실거래가":25200.0,
            "전세가율":46.67,
            "장기전세가율평균":69.13,
            "전세가율거품지수":22.46,
            "검색코드":115401,
            "세대수":410.0,
            "준공년월":"2017-10-01",
            "준공년차":6.0,
            "가까운역이름":"NA",
            "가까운역거리":"NA",
            "역세권여부":"NA",
            "30분이내주요거점역":"NA",
            "30분거점역이름":"NA",
            "1시간이내주요거점역":"NA",
            "1시간거점역이름":"NA",
            "3km이내백화점수":0,
            "5km이내아울렛몰수":0,
            "1km이내대형먀트수":0,
            "500m이내은행수":1,
            "500m이내병원수":0,
            "5km이내대형병원수":1,
            "500m이내공원수":3,
            "3km이내혐오시설수":0,
            "초등학교학업성취도":90.01,
            "중학교학업성취도":91.1,
            "용적률":0,
            "건폐율":0,
            "Y":33.453113,
            "X":126.575799,
            "rank":31.0,
            "area_info":"34평(114.05), 39평(130.76), 39평(131.92), 40평(133.26), 45평(148.95)",
            "last_sales":"2022-01-24,54000.0,34평(114.05)",
            "rank_history":[
                [
                    "202202",
                    31
                ],
                [
                    "202201",
                    37
                ]
            ],
            "rank_gap":6
        },
        {
            "index":210,
            "아파트명":"연동한일씨티파크",
            "투자타입":"일반",
            "전용면적(m2)":"114.69",
            "전용면적(평)":"34평",
            "법정동주소":"제주도 제주시 연동 2325-7",
            "도로명주소":"제주도 제주시 도령로 103",
            "세대수":0,
            "입주년차":80,
            "용적률점수":"--",
            "건폐율점수":"--",
            "세대당주차수":60,
            "난방방식":30,
            "공급면적":"--",
            "전용률":"--",
            "욕실수":100,
            "현관타입":100,
            "주거총점":48.0,
            "지역구공급총점":100.0,
            "역세권":"NA",
            "30분내 이동가능 거점":"NA",
            "1시간내 이동가능 거점":"NA",
            "교통총점":"NA",
            "백화점":0,
            "아울렛몰":80,
            "대형마트":0,
            "은행":70,
            "병원":0,
            "종합병원":100,
            "공원":100,
            "혐오시설":0,
            "인프라총점":38.0,
            "초등학군":89.98,
            "중학군":47.54,
            "학군총점":56.028,
            "인구수":53.4,
            "인구증감":2.01,
            "인구총점":37.983,
            "일자리":32.81,
            "소득수준":58.26,
            "일자리총점":40.445,
            "가치 총점":46.007,
            "매매실거래년":20211217.0,
            "매매실거래가":49500.0,
            "전세실거래년":20191030.0,
            "전세실거래가":28000.0,
            "전세가율":68.29,
            "장기전세가율평균":69.13,
            "전세가율거품지수":0.84,
            "검색코드":110167,
            "세대수":160.0,
            "준공년월":"2014-11-25",
            "준공년차":9.0,
            "가까운역이름":"NA",
            "가까운역거리":"NA",
            "역세권여부":"NA",
            "30분이내주요거점역":"NA",
            "30분거점역이름":"NA",
            "1시간이내주요거점역":"NA",
            "1시간거점역이름":"NA",
            "3km이내백화점수":0,
            "5km이내아울렛몰수":1,
            "1km이내대형먀트수":0,
            "500m이내은행수":3,
            "500m이내병원수":0,
            "5km이내대형병원수":3,
            "500m이내공원수":4,
            "3km이내혐오시설수":0,
            "초등학교학업성취도":89.98,
            "중학교학업성취도":78.3,
            "용적률":821,
            "건폐율":79,
            "Y":33.491705,
            "X":126.488633,
            "rank":32.0,
            "area_info":"34평(114.69), 34평(115.06), 34평(115.2), 35평(115.84), 35평(116.47)",
            "last_sales":"2021-12-17,49500.0,35평(116.47)",
            "rank_history":[
                [
                    "202202",
                    32
                ],
                [
                    "202201",
                    42
                ]
            ],
            "rank_gap":10
        },
        {
            "index":240,
            "아파트명":"제주연동중흥S-클래스",
            "투자타입":"일반",
            "전용면적(m2)":"49.14",
            "전용면적(평)":"14평",
            "법정동주소":"제주도 제주시 연동 306",
            "도로명주소":"제주도 제주시 신대로 160",
            "세대수":0,
            "입주년차":100,
            "용적률점수":"--",
            "건폐율점수":"--",
            "세대당주차수":60,
            "난방방식":30,
            "공급면적":"--",
            "전용률":"--",
            "욕실수":100,
            "현관타입":100,
            "주거총점":52.0,
            "지역구공급총점":100.0,
            "역세권":"NA",
            "30분내 이동가능 거점":"NA",
            "1시간내 이동가능 거점":"NA",
            "교통총점":"NA",
            "백화점":0,
            "아울렛몰":80,
            "대형마트":0,
            "은행":0,
            "병원":0,
            "종합병원":100,
            "공원":100,
            "혐오시설":0,
            "인프라총점":31.0,
            "초등학군":90.01,
            "중학군":53.68,
            "학군총점":60.946,
            "인구수":53.4,
            "인구증감":2.01,
            "인구총점":37.983,
            "일자리":32.81,
            "소득수준":58.26,
            "일자리총점":40.445,
            "가치 총점":45.8365,
            "매매실거래년":20191029.0,
            "매매실거래가":57257.0,
            "전세실거래년":null,
            "전세실거래가":null,
            "전세가율":null,
            "장기전세가율평균":69.13,
            "전세가율거품지수":null,
            "검색코드":121985,
            "세대수":151.0,
            "준공년월":"2020-06-01",
            "준공년차":3.0,
            "가까운역이름":"NA",
            "가까운역거리":"NA",
            "역세권여부":"NA",
            "30분이내주요거점역":"NA",
            "30분거점역이름":"NA",
            "1시간이내주요거점역":"NA",
            "1시간거점역이름":"NA",
            "3km이내백화점수":0,
            "5km이내아울렛몰수":1,
            "1km이내대형먀트수":0,
            "500m이내은행수":1,
            "500m이내병원수":0,
            "5km이내대형병원수":5,
            "500m이내공원수":3,
            "3km이내혐오시설수":0,
            "초등학교학업성취도":90.01,
            "중학교학업성취도":88.0,
            "용적률":0,
            "건폐율":0,
            "Y":33.483464,
            "X":126.495683,
            "rank":33.0,
            "area_info":"14평(49.14), 15평(50.54), 19평(64.07), 23평(78.41), 23평(78.01), 28평(94.42), 29평(96.55), 29평(98.23)",
            "last_sales":"2019-10-29,57257.0,28평(94.42)",
            "rank_history":[
                [
                    "202202",
                    33
                ],
                [
                    "202201",
                    25
                ]
            ],
            "rank_gap":-8
        },
        {
            "index":250,
            "아파트명":"코스모스태홍누리안5차",
            "투자타입":"일반",
            "전용면적(m2)":"96.39",
            "전용면적(평)":"29평",
            "법정동주소":"제주도 제주시 연동 304-5",
            "도로명주소":"제주도 제주시 신대로 136",
            "세대수":0,
            "입주년차":60,
            "용적률점수":"--",
            "건폐율점수":"--",
            "세대당주차수":60,
            "난방방식":30,
            "공급면적":"--",
            "전용률":"--",
            "욕실수":100,
            "현관타입":100,
            "주거총점":44.0,
            "지역구공급총점":100.0,
            "역세권":"NA",
            "30분내 이동가능 거점":"NA",
            "1시간내 이동가능 거점":"NA",
            "교통총점":"NA",
            "백화점":0,
            "아울렛몰":80,
            "대형마트":0,
            "은행":70,
            "병원":0,
            "종합병원":100,
            "공원":100,
            "혐오시설":0,
            "인프라총점":38.0,
            "초등학군":90.01,
            "중학군":53.68,
            "학군총점":60.946,
            "인구수":53.4,
            "인구증감":2.01,
            "인구총점":37.983,
            "일자리":32.81,
            "소득수준":58.26,
            "일자리총점":40.445,
            "가치 총점":45.8365,
            "매매실거래년":20210802.0,
            "매매실거래가":40000.0,
            "전세실거래년":null,
            "전세실거래가":null,
            "전세가율":null,
            "장기전세가율평균":69.13,
            "전세가율거품지수":null,
            "검색코드":108731,
            "세대수":117.0,
            "준공년월":"2013-01-28",
            "준공년차":10.0,
            "가까운역이름":"NA",
            "가까운역거리":"NA",
            "역세권여부":"NA",
            "30분이내주요거점역":"NA",
            "30분거점역이름":"NA",
            "1시간이내주요거점역":"NA",
            "1시간거점역이름":"NA",
            "3km이내백화점수":0,
            "5km이내아울렛몰수":1,
            "1km이내대형먀트수":0,
            "500m이내은행수":4,
            "500m이내병원수":0,
            "5km이내대형병원수":5,
            "500m이내공원수":3,
            "3km이내혐오시설수":0,
            "초등학교학업성취도":90.01,
            "중학교학업성취도":88.0,
            "용적률":499,
            "건폐율":59,
            "Y":33.485115,
            "X":126.496053,
            "rank":33.0,
            "area_info":"29평(96.39), 30평(101.69), 31평(102.95), 31평(103.47), 31평(104.22), 31평(104.74), 31평(105.76), 31평(105.19), 31평(105.36), 31평(105.73), 32평(105.81), 31평(105.49)",
            "last_sales":"2021-08-02,40000.0,31평(105.73)",
            "rank_history":[
                [
                    "202202",
                    33
                ],
                [
                    "202201",
                    32
                ]
            ],
            "rank_gap":-1
        },
        {
            "index":395,
            "아파트명":"화북주공4단지",
            "투자타입":"일반",
            "전용면적(m2)":"69.34",
            "전용면적(평)":"20평",
            "법정동주소":"제주도 제주시 화북1동 12-1",
            "도로명주소":"제주도 제주시 동화로1길 10",
            "세대수":80,
            "입주년차":0,
            "용적률점수":"--",
            "건폐율점수":"--",
            "세대당주차수":0,
            "난방방식":30,
            "공급면적":"--",
            "전용률":"--",
            "욕실수":50,
            "현관타입":100,
            "주거총점":46.0,
            "지역구공급총점":100.0,
            "역세권":"NA",
            "30분내 이동가능 거점":"NA",
            "1시간내 이동가능 거점":"NA",
            "교통총점":"NA",
            "백화점":0,
            "아울렛몰":80,
            "대형마트":80,
            "은행":20,
            "병원":0,
            "종합병원":80,
            "공원":100,
            "혐오시설":0,
            "인프라총점":41.0,
            "초등학군":89.99,
            "중학군":44.16,
            "학군총점":53.326,
            "인구수":53.4,
            "인구증감":2.01,
            "인구총점":37.983,
            "일자리":32.81,
            "소득수준":58.26,
            "일자리총점":40.445,
            "가치 총점":45.8315,
            "매매실거래년":20211216.0,
            "매매실거래가":25650.0,
            "전세실거래년":20220112.0,
            "전세실거래가":11550.0,
            "전세가율":45.03,
            "장기전세가율평균":69.13,
            "전세가율거품지수":24.1,
            "검색코드":19559,
            "세대수":810.0,
            "준공년월":"1998-01-10",
            "준공년차":25.0,
            "가까운역이름":"NA",
            "가까운역거리":"NA",
            "역세권여부":"NA",
            "30분이내주요거점역":"NA",
            "30분거점역이름":"NA",
            "1시간이내주요거점역":"NA",
            "1시간거점역이름":"NA",
            "3km이내백화점수":0,
            "5km이내아울렛몰수":1,
            "1km이내대형먀트수":1,
            "500m이내은행수":2,
            "500m이내병원수":0,
            "5km이내대형병원수":1,
            "500m이내공원수":5,
            "3km이내혐오시설수":0,
            "초등학교학업성취도":89.99,
            "중학교학업성취도":73.2,
            "용적률":159,
            "건폐율":25,
            "Y":33.5184,
            "X":126.574524,
            "rank":34.0,
            "area_info":"20평(69.34), 23평(78.96)",
            "last_sales":"2021-12-16,25650.0,20평(69.34)",
            "rank_history":[
                [
                    "202202",
                    34
                ],
                [
                    "202201",
                    49
                ]
            ],
            "rank_gap":15
        },
        {
            "index":63,
            "아파트명":"도남e-편한세상1차",
            "투자타입":"일반",
            "전용면적(m2)":"111.52",
            "전용면적(평)":"33평",
            "법정동주소":"제주도 제주시 도남동 800",
            "도로명주소":"제주도 제주시 오남로 7-13",
            "세대수":50,
            "입주년차":40,
            "용적률점수":"--",
            "건폐율점수":"--",
            "세대당주차수":30,
            "난방방식":30,
            "공급면적":"--",
            "전용률":"--",
            "욕실수":100,
            "현관타입":100,
            "주거총점":53.0,
            "지역구공급총점":100.0,
            "역세권":"NA",
            "30분내 이동가능 거점":"NA",
            "1시간내 이동가능 거점":"NA",
            "교통총점":"NA",
            "백화점":0,
            "아울렛몰":80,
            "대형마트":0,
            "은행":0,
            "병원":0,
            "종합병원":100,
            "공원":100,
            "혐오시설":0,
            "인프라총점":31.0,
            "초등학군":89.99,
            "중학군":51.6,
            "학군총점":59.278,
            "인구수":53.4,
            "인구증감":2.01,
            "인구총점":37.983,
            "일자리":32.81,
            "소득수준":58.26,
            "일자리총점":40.445,
            "가치 총점":45.7695,
            "매매실거래년":20211221.0,
            "매매실거래가":78500.0,
            "전세실거래년":20201219.0,
            "전세실거래가":26000.0,
            "전세가율":47.53,
            "장기전세가율평균":69.13,
            "전세가율거품지수":21.6,
            "검색코드":13036,
            "세대수":467.0,
            "준공년월":"2005-01-24",
            "준공년차":18.0,
            "가까운역이름":"NA",
            "가까운역거리":"NA",
            "역세권여부":"NA",
            "30분이내주요거점역":"NA",
            "30분거점역이름":"NA",
            "1시간이내주요거점역":"NA",
            "1시간거점역이름":"NA",
            "3km이내백화점수":0,
            "5km이내아울렛몰수":1,
            "1km이내대형먀트수":0,
            "500m이내은행수":0,
            "500m이내병원수":0,
            "5km이내대형병원수":5,
            "500m이내공원수":2,
            "3km이내혐오시설수":0,
            "초등학교학업성취도":89.99,
            "중학교학업성취도":84.4,
            "용적률":171,
            "건폐율":22,
            "Y":33.494945,
            "X":126.522505,
            "rank":35.0,
            "area_info":"33평(111.52), 39평(130.18), 39평(131.45), 46평(153.41)",
            "last_sales":"2021-12-21,78500.0,46평(153.41)",
            "rank_history":[
                [
                    "202202",
                    35
                ],
                [
                    "202201",
                    33
                ]
            ],
            "rank_gap":-2
        },
        {
            "index":99,
            "아파트명":"제주삼화사랑으로부영5차",
            "투자타입":"일반",
            "전용면적(m2)":"88.23",
            "전용면적(평)":"26평",
            "법정동주소":"제주도 제주시 삼양2동 2333",
            "도로명주소":"제주도 제주시 화삼로 166",
            "세대수":50,
            "입주년차":60,
            "용적률점수":"--",
            "건폐율점수":"--",
            "세대당주차수":30,
            "난방방식":30,
            "공급면적":"--",
            "전용률":"--",
            "욕실수":100,
            "현관타입":100,
            "주거총점":57.0,
            "지역구공급총점":100.0,
            "역세권":"NA",
            "30분내 이동가능 거점":"NA",
            "1시간내 이동가능 거점":"NA",
            "교통총점":"NA",
            "백화점":0,
            "아울렛몰":0,
            "대형마트":80,
            "은행":0,
            "병원":0,
            "종합병원":80,
            "공원":100,
            "혐오시설":0,
            "인프라총점":31.0,
            "초등학군":90.0,
            "중학군":44.16,
            "학군총점":53.328,
            "인구수":53.4,
            "인구증감":2.01,
            "인구총점":37.983,
            "일자리":32.81,
            "소득수준":58.26,
            "일자리총점":40.445,
            "가치 총점":45.682,
            "매매실거래년":20220127.0,
            "매매실거래가":59000.0,
            "전세실거래년":20220119.0,
            "전세실거래가":15048.0,
            "전세가율":35.83,
            "장기전세가율평균":69.13,
            "전세가율거품지수":33.3,
            "검색코드":139964,
            "세대수":610.0,
            "준공년월":"2013-12-03",
            "준공년차":10.0,
            "가까운역이름":"NA",
            "가까운역거리":"NA",
            "역세권여부":"NA",
            "30분이내주요거점역":"NA",
            "30분거점역이름":"NA",
            "1시간이내주요거점역":"NA",
            "1시간거점역이름":"NA",
            "3km이내백화점수":0,
            "5km이내아울렛몰수":0,
            "1km이내대형먀트수":1,
            "500m이내은행수":0,
            "500m이내병원수":0,
            "5km이내대형병원수":1,
            "500m이내공원수":5,
            "3km이내혐오시설수":0,
            "초등학교학업성취도":90.0,
            "중학교학업성취도":73.2,
            "용적률":145,
            "건폐율":21,
            "Y":33.51865,
            "X":126.586877,
            "rank":36.0,
            "area_info":"26평(88.23), 32평(108.53)",
            "last_sales":"2022-01-27,59000.0,32평(108.53)",
            "rank_history":[
                [
                    "202202",
                    36
                ],
                [
                    "202201",
                    44
                ]
            ],
            "rank_gap":8
        },
        {
            "index":97,
            "아파트명":"제주삼화사랑으로부영3차",
            "투자타입":"일반",
            "전용면적(m2)":"88.06",
            "전용면적(평)":"26평",
            "법정동주소":"제주도 제주시 삼양2동 2318",
            "도로명주소":"제주도 제주시 화삼로 167",
            "세대수":50,
            "입주년차":60,
            "용적률점수":"--",
            "건폐율점수":"--",
            "세대당주차수":30,
            "난방방식":30,
            "공급면적":"--",
            "전용률":"--",
            "욕실수":100,
            "현관타입":100,
            "주거총점":57.0,
            "지역구공급총점":100.0,
            "역세권":"NA",
            "30분내 이동가능 거점":"NA",
            "1시간내 이동가능 거점":"NA",
            "교통총점":"NA",
            "백화점":0,
            "아울렛몰":0,
            "대형마트":80,
            "은행":0,
            "병원":0,
            "종합병원":80,
            "공원":100,
            "혐오시설":0,
            "인프라총점":31.0,
            "초등학군":90.0,
            "중학군":44.16,
            "학군총점":53.328,
            "인구수":53.4,
            "인구증감":2.01,
            "인구총점":37.983,
            "일자리":32.81,
            "소득수준":58.26,
            "일자리총점":40.445,
            "가치 총점":45.682,
            "매매실거래년":20210608.0,
            "매매실거래가":38000.0,
            "전세실거래년":20220106.0,
            "전세실거래가":14760.0,
            "전세가율":38.84,
            "장기전세가율평균":69.13,
            "전세가율거품지수":30.29,
            "검색코드":128653,
            "세대수":524.0,
            "준공년월":"2013-08-14",
            "준공년차":10.0,
            "가까운역이름":"NA",
            "가까운역거리":"NA",
            "역세권여부":"NA",
            "30분이내주요거점역":"NA",
            "30분거점역이름":"NA",
            "1시간이내주요거점역":"NA",
            "1시간거점역이름":"NA",
            "3km이내백화점수":0,
            "5km이내아울렛몰수":0,
            "1km이내대형먀트수":1,
            "500m이내은행수":0,
            "500m이내병원수":0,
            "5km이내대형병원수":1,
            "500m이내공원수":7,
            "3km이내혐오시설수":0,
            "초등학교학업성취도":90.0,
            "중학교학업성취도":73.2,
            "용적률":146,
            "건폐율":21,
            "Y":33.518651,
            "X":126.584462,
            "rank":36.0,
            "area_info":"26평(88.06), 32평(108.46)",
            "last_sales":"2021-06-08,38000.0,26평(88.06)",
            "rank_history":[
                [
                    "202202",
                    36
                ],
                [
                    "202201",
                    35
                ]
            ],
            "rank_gap":-1
        },
        {
            "index":92,
            "아파트명":"제주삼화사랑으로부영6차",
            "투자타입":"일반",
            "전용면적(m2)":"108.42",
            "전용면적(평)":"32평",
            "법정동주소":"제주도 제주시 도련1동 1911",
            "도로명주소":"제주도 제주시 화삼로 107",
            "세대수":50,
            "입주년차":60,
            "용적률점수":"--",
            "건폐율점수":"--",
            "세대당주차수":30,
            "난방방식":30,
            "공급면적":"--",
            "전용률":"--",
            "욕실수":100,
            "현관타입":100,
            "주거총점":57.0,
            "지역구공급총점":100.0,
            "역세권":"NA",
            "30분내 이동가능 거점":"NA",
            "1시간내 이동가능 거점":"NA",
            "교통총점":"NA",
            "백화점":0,
            "아울렛몰":0,
            "대형마트":80,
            "은행":0,
            "병원":0,
            "종합병원":80,
            "공원":100,
            "혐오시설":0,
            "인프라총점":31.0,
            "초등학군":89.99,
            "중학군":44.16,
            "학군총점":53.326,
            "인구수":53.4,
            "인구증감":2.01,
            "인구총점":37.983,
            "일자리":32.81,
            "소득수준":58.26,
            "일자리총점":40.445,
            "가치 총점":45.6815,
            "매매실거래년":20211216.0,
            "매매실거래가":59990.0,
            "전세실거래년":20220127.0,
            "전세실거래가":17363.0,
            "전세가율":28.94,
            "장기전세가율평균":69.13,
            "전세가율거품지수":40.19,
            "검색코드":127640,
            "세대수":504.0,
            "준공년월":"2013-12-26",
            "준공년차":10.0,
            "가까운역이름":"NA",
            "가까운역거리":"NA",
            "역세권여부":"NA",
            "30분이내주요거점역":"NA",
            "30분거점역이름":"NA",
            "1시간이내주요거점역":"NA",
            "1시간거점역이름":"NA",
            "3km이내백화점수":0,
            "5km이내아울렛몰수":0,
            "1km이내대형먀트수":1,
            "500m이내은행수":0,
            "500m이내병원수":0,
            "5km이내대형병원수":1,
            "500m이내공원수":6,
            "3km이내혐오시설수":0,
            "초등학교학업성취도":89.99,
            "중학교학업성취도":73.2,
            "용적률":168,
            "건폐율":23,
            "Y":33.51526,
            "X":126.584995,
            "rank":37.0,
            "area_info":"32평(108.42)",
            "last_sales":"2021-12-16,59990.0,32평(108.42)",
            "rank_history":[
                [
                    "202202",
                    37
                ],
                [
                    "202201",
                    36
                ]
            ],
            "rank_gap":-1
        },
        {
            "index":29,
            "아파트명":"노형아이파크",
            "투자타입":"일반",
            "전용면적(m2)":"93.69",
            "전용면적(평)":"28평",
            "법정동주소":"제주도 제주시 노형동 731-1",
            "도로명주소":"제주도 제주시 원노형로 90",
            "세대수":0,
            "입주년차":20,
            "용적률점수":"--",
            "건폐율점수":"--",
            "세대당주차수":30,
            "난방방식":30,
            "공급면적":"--",
            "전용률":"--",
            "욕실수":100,
            "현관타입":100,
            "주거총점":31.5,
            "지역구공급총점":100.0,
            "역세권":"NA",
            "30분내 이동가능 거점":"NA",
            "1시간내 이동가능 거점":"NA",
            "교통총점":"NA",
            "백화점":0,
            "아울렛몰":0,
            "대형마트":100,
            "은행":100,
            "병원":0,
            "종합병원":100,
            "공원":100,
            "혐오시설":0,
            "인프라총점":48.0,
            "초등학군":89.99,
            "중학군":54.32,
            "학군총점":61.454,
            "인구수":53.4,
            "인구증감":2.01,
            "인구총점":37.983,
            "일자리":32.81,
            "소득수준":58.26,
            "일자리총점":40.445,
            "가치 총점":45.5885,
            "매매실거래년":20211020.0,
            "매매실거래가":84000.0,
            "전세실거래년":20210501.0,
            "전세실거래가":35000.0,
            "전세가율":46.36,
            "장기전세가율평균":69.13,
            "전세가율거품지수":22.77,
            "검색코드":15152,
            "세대수":247.0,
            "준공년월":"2001-07-25",
            "준공년차":22.0,
            "가까운역이름":"NA",
            "가까운역거리":"NA",
            "역세권여부":"NA",
            "30분이내주요거점역":"NA",
            "30분거점역이름":"NA",
            "1시간이내주요거점역":"NA",
            "1시간거점역이름":"NA",
            "3km이내백화점수":0,
            "5km이내아울렛몰수":0,
            "1km이내대형먀트수":2,
            "500m이내은행수":5,
            "500m이내병원수":0,
            "5km이내대형병원수":3,
            "500m이내공원수":4,
            "3km이내혐오시설수":0,
            "초등학교학업성취도":89.99,
            "중학교학업성취도":89.6,
            "용적률":178,
            "건폐율":17,
            "Y":33.48071,
            "X":126.48397,
            "rank":38.0,
            "area_info":"28평(93.69), 32평(106.17), 32평(106.06)",
            "last_sales":"2021-10-20,84000.0,32평(106.17)",
            "rank_history":[
                [
                    "202202",
                    38
                ],
                [
                    "202201",
                    18
                ]
            ],
            "rank_gap":-20
        },
        {
            "index":227,
            "아파트명":"제주연동리슈빌디에스",
            "투자타입":"일반",
            "전용면적(m2)":"38.4",
            "전용면적(평)":"11평",
            "법정동주소":"제주도 제주시 연동 273-43",
            "도로명주소":"제주도 제주시 노연로 103",
            "세대수":0,
            "입주년차":80,
            "용적률점수":"--",
            "건폐율점수":"--",
            "세대당주차수":0,
            "난방방식":30,
            "공급면적":"--",
            "전용률":"--",
            "욕실수":50,
            "현관타입":50,
            "주거총점":29.0,
            "지역구공급총점":100.0,
            "역세권":"NA",
            "30분내 이동가능 거점":"NA",
            "1시간내 이동가능 거점":"NA",
            "교통총점":"NA",
            "백화점":0,
            "아울렛몰":80,
            "대형마트":80,
            "은행":70,
            "병원":0,
            "종합병원":100,
            "공원":100,
            "혐오시설":0,
            "인프라총점":50.0,
            "초등학군":90.01,
            "중학군":53.68,
            "학군총점":60.946,
            "인구수":53.4,
            "인구증감":2.01,
            "인구총점":37.983,
            "일자리":32.81,
            "소득수준":58.26,
            "일자리총점":40.445,
            "가치 총점":45.3865,
            "매매실거래년":20211123.0,
            "매매실거래가":15100.0,
            "전세실거래년":20210117.0,
            "전세실거래가":10500.0,
            "전세가율":69.54,
            "장기전세가율평균":69.13,
            "전세가율거품지수":-0.41,
            "검색코드":122870,
            "세대수":158.0,
            "준공년월":"2018-09-03",
            "준공년차":5.0,
            "가까운역이름":"NA",
            "가까운역거리":"NA",
            "역세권여부":"NA",
            "30분이내주요거점역":"NA",
            "30분거점역이름":"NA",
            "1시간이내주요거점역":"NA",
            "1시간거점역이름":"NA",
            "3km이내백화점수":0,
            "5km이내아울렛몰수":1,
            "1km이내대형먀트수":1,
            "500m이내은행수":3,
            "500m이내병원수":0,
            "5km이내대형병원수":3,
            "500m이내공원수":5,
            "3km이내혐오시설수":0,
            "초등학교학업성취도":90.01,
            "중학교학업성취도":88.0,
            "용적률":693,
            "건폐율":79,
            "Y":33.486038,
            "X":126.491278,
            "rank":39.0,
            "area_info":"11평(38.4), 12평(40.45), 12평(40.13), 12평(41.39), 13평(45.04), 13평(45.91)",
            "last_sales":"2021-11-23,15100.0,11평(38.4)",
            "rank_history":[
                [
                    "202202",
                    39
                ],
                [
                    "202201",
                    28
                ]
            ],
            "rank_gap":-11
        },
        {
            "index":56,
            "아파트명":"중흥S-클래스",
            "투자타입":"일반",
            "전용면적(m2)":"86.06",
            "전용면적(평)":"26평",
            "법정동주소":"제주도 제주시 노형동 753-1",
            "도로명주소":"제주도 제주시 한라대학로 107",
            "세대수":30,
            "입주년차":20,
            "용적률점수":"--",
            "건폐율점수":"--",
            "세대당주차수":30,
            "난방방식":30,
            "공급면적":"--",
            "전용률":"--",
            "욕실수":100,
            "현관타입":100,
            "주거총점":42.0,
            "지역구공급총점":100.0,
            "역세권":"NA",
            "30분내 이동가능 거점":"NA",
            "1시간내 이동가능 거점":"NA",
            "교통총점":"NA",
            "백화점":0,
            "아울렛몰":0,
            "대형마트":100,
            "은행":0,
            "병원":0,
            "종합병원":100,
            "공원":100,
            "혐오시설":0,
            "인프라총점":38.0,
            "초등학군":89.99,
            "중학군":54.32,
            "학군총점":61.454,
            "인구수":53.4,
            "인구증감":2.01,
            "인구총점":37.983,
            "일자리":32.81,
            "소득수준":58.26,
            "일자리총점":40.445,
            "가치 총점":45.2635,
            "매매실거래년":20211020.0,
            "매매실거래가":84000.0,
            "전세실거래년":20211027.0,
            "전세실거래가":38000.0,
            "전세가율":63.33,
            "장기전세가율평균":69.13,
            "전세가율거품지수":5.8,
            "검색코드":10923,
            "세대수":372.0,
            "준공년월":"2003-01-24",
            "준공년차":20.0,
            "가까운역이름":"NA",
            "가까운역거리":"NA",
            "역세권여부":"NA",
            "30분이내주요거점역":"NA",
            "30분거점역이름":"NA",
            "1시간이내주요거점역":"NA",
            "1시간거점역이름":"NA",
            "3km이내백화점수":0,
            "5km이내아울렛몰수":0,
            "1km이내대형먀트수":2,
            "500m이내은행수":1,
            "500m이내병원수":0,
            "5km이내대형병원수":3,
            "500m이내공원수":3,
            "3km이내혐오시설수":0,
            "초등학교학업성취도":89.99,
            "중학교학업성취도":89.6,
            "용적률":79,
            "건폐율":23,
            "Y":33.47716,
            "X":126.481721,
            "rank":40.0,
            "area_info":"26평(86.06), 34평(112.63)",
            "last_sales":"2021-10-20,84000.0,34평(112.63)",
            "rank_history":[
                [
                    "202202",
                    40
                ],
                [
                    "202201",
                    34
                ]
            ],
            "rank_gap":-6
        },
        {
            "index":84,
            "아파트명":"영산홍",
            "투자타입":"재건축",
            "전용면적(m2)":"78.26",
            "전용면적(평)":"23평",
            "법정동주소":"제주도 제주시 도남동 78",
            "도로명주소":"제주도 제주시 도남로17길 32",
            "세대수":0,
            "입주년차":"--",
            "용적률점수":80,
            "건폐율점수":60,
            "세대당주차수":"--",
            "난방방식":"--",
            "공급면적":50,
            "전용률":60,
            "욕실수":"--",
            "현관타입":"--",
            "주거총점":49.5,
            "지역구공급총점":100.0,
            "역세권":"NA",
            "30분내 이동가능 거점":"NA",
            "1시간내 이동가능 거점":"NA",
            "교통총점":"NA",
            "백화점":0,
            "아울렛몰":80,
            "대형마트":0,
            "은행":20,
            "병원":0,
            "종합병원":100,
            "공원":100,
            "혐오시설":0,
            "인프라총점":33.0,
            "초등학군":89.99,
            "중학군":49.0,
            "학군총점":57.198,
            "인구수":53.4,
            "인구증감":2.01,
            "인구총점":37.983,
            "일자리":32.81,
            "소득수준":58.26,
            "일자리총점":40.445,
            "가치 총점":44.8245,
            "매매실거래년":20211201.0,
            "매매실거래가":20500.0,
            "전세실거래년":20210809.0,
            "전세실거래가":12000.0,
            "전세가율":58.54,
            "장기전세가율평균":69.13,
            "전세가율거품지수":10.59,
            "검색코드":106536,
            "세대수":105.0,
            "준공년월":"1992-06-05",
            "준공년차":31.0,
            "가까운역이름":"NA",
            "가까운역거리":"NA",
            "역세권여부":"NA",
            "30분이내주요거점역":"NA",
            "30분거점역이름":"NA",
            "1시간이내주요거점역":"NA",
            "1시간거점역이름":"NA",
            "3km이내백화점수":0,
            "5km이내아울렛몰수":1,
            "1km이내대형먀트수":0,
            "500m이내은행수":2,
            "500m이내병원수":0,
            "5km이내대형병원수":4,
            "500m이내공원수":8,
            "3km이내혐오시설수":0,
            "초등학교학업성취도":89.99,
            "중학교학업성취도":80.2,
            "용적률":150,
            "건폐율":33,
            "Y":33.491276,
            "X":126.531702,
            "rank":41.0,
            "area_info":"23평(78.26), 25평(85.16)",
            "last_sales":"2021-12-01,20500.0,23평(78.26)",
            "rank_history":[
                [
                    "202202",
                    41
                ],
                [
                    "202201",
                    31
                ]
            ],
            "rank_gap":-10
        },
        {
            "index":49,
            "아파트명":"인텔리전트한빛",
            "투자타입":"일반",
            "전용면적(m2)":"95.78",
            "전용면적(평)":"28평",
            "법정동주소":"제주도 제주시 노형동 3779-5",
            "도로명주소":"제주도 제주시 1100로 3349",
            "세대수":0,
            "입주년차":40,
            "용적률점수":"--",
            "건폐율점수":"--",
            "세대당주차수":0,
            "난방방식":30,
            "공급면적":"--",
            "전용률":"--",
            "욕실수":100,
            "현관타입":100,
            "주거총점":31.0,
            "지역구공급총점":100.0,
            "역세권":"NA",
            "30분내 이동가능 거점":"NA",
            "1시간내 이동가능 거점":"NA",
            "교통총점":"NA",
            "백화점":0,
            "아울렛몰":0,
            "대형마트":100,
            "은행":100,
            "병원":0,
            "종합병원":100,
            "공원":100,
            "혐오시설":0,
            "인프라총점":48.0,
            "초등학군":90.0,
            "중학군":50.72,
            "학군총점":58.576,
            "인구수":53.4,
            "인구증감":2.01,
            "인구총점":37.983,
            "일자리":32.81,
            "소득수준":58.26,
            "일자리총점":40.445,
            "가치 총점":44.694,
            "매매실거래년":20211010.0,
            "매매실거래가":40000.0,
            "전세실거래년":20211114.0,
            "전세실거래가":30000.0,
            "전세가율":75.0,
            "장기전세가율평균":69.13,
            "전세가율거품지수":-5.87,
            "검색코드":106522,
            "세대수":108.0,
            "준공년월":"2004-01-29",
            "준공년차":19.0,
            "가까운역이름":"NA",
            "가까운역거리":"NA",
            "역세권여부":"NA",
            "30분이내주요거점역":"NA",
            "30분거점역이름":"NA",
            "1시간이내주요거점역":"NA",
            "1시간거점역이름":"NA",
            "3km이내백화점수":0,
            "5km이내아울렛몰수":0,
            "1km이내대형먀트수":2,
            "500m이내은행수":5,
            "500m이내병원수":0,
            "5km이내대형병원수":3,
            "500m이내공원수":6,
            "3km이내혐오시설수":0,
            "초등학교학업성취도":90.0,
            "중학교학업성취도":81.4,
            "용적률":548,
            "건폐율":56,
            "Y":33.485097,
            "X":126.479021,
            "rank":42.0,
            "area_info":"28평(95.78), 28평(95.81), 29평(96.92), 29평(96.17), 29평(96.82), 29평(97.72), 29평(97.76)",
            "last_sales":"2021-10-10,40000.0,28평(95.78)",
            "rank_history":[
                [
                    "202202",
                    42
                ],
                [
                    "202201",
                    20
                ]
            ],
            "rank_gap":-22
        },
        {
            "index":394,
            "아파트명":"화북주공2단지",
            "투자타입":"일반",
            "전용면적(m2)":"78.96",
            "전용면적(평)":"23평",
            "법정동주소":"제주도 제주시 화북1동 9-1",
            "도로명주소":"제주도 제주시 동화로1길 39",
            "세대수":50,
            "입주년차":0,
            "용적률점수":"--",
            "건폐율점수":"--",
            "세대당주차수":60,
            "난방방식":30,
            "공급면적":"--",
            "전용률":"--",
            "욕실수":50,
            "현관타입":100,
            "주거총점":44.5,
            "지역구공급총점":100.0,
            "역세권":"NA",
            "30분내 이동가능 거점":"NA",
            "1시간내 이동가능 거점":"NA",
            "교통총점":"NA",
            "백화점":0,
            "아울렛몰":80,
            "대형마트":80,
            "은행":0,
            "병원":0,
            "종합병원":80,
            "공원":100,
            "혐오시설":0,
            "인프라총점":39.0,
            "초등학군":89.99,
            "중학군":44.16,
            "학군총점":53.326,
            "인구수":53.4,
            "인구증감":2.01,
            "인구총점":37.983,
            "일자리":32.81,
            "소득수준":58.26,
            "일자리총점":40.445,
            "가치 총점":44.5065,
            "매매실거래년":20220112.0,
            "매매실거래가":39700.0,
            "전세실거래년":20210302.0,
            "전세실거래가":18000.0,
            "전세가율":45.34,
            "장기전세가율평균":69.13,
            "전세가율거품지수":23.79,
            "검색코드":15193,
            "세대수":566.0,
            "준공년월":"1998-01-15",
            "준공년차":25.0,
            "가까운역이름":"NA",
            "가까운역거리":"NA",
            "역세권여부":"NA",
            "30분이내주요거점역":"NA",
            "30분거점역이름":"NA",
            "1시간이내주요거점역":"NA",
            "1시간거점역이름":"NA",
            "3km이내백화점수":0,
            "5km이내아울렛몰수":1,
            "1km이내대형먀트수":1,
            "500m이내은행수":1,
            "500m이내병원수":0,
            "5km이내대형병원수":1,
            "500m이내공원수":8,
            "3km이내혐오시설수":0,
            "초등학교학업성취도":89.99,
            "중학교학업성취도":73.2,
            "용적률":0,
            "건폐율":0,
            "Y":33.51976,
            "X":126.57868,
            "rank":43.0,
            "area_info":"23평(78.96)",
            "last_sales":"2022-01-12,39700.0,23평(78.96)",
            "rank_history":[
                [
                    "202202",
                    43
                ],
                [
                    "202201",
                    53
                ]
            ],
            "rank_gap":10
        },
        {
            "index":290,
            "아파트명":"현대3차",
            "투자타입":"재건축",
            "전용면적(m2)":"103.19",
            "전용면적(평)":"31평",
            "법정동주소":"제주도 제주시 용담2동 619",
            "도로명주소":"제주도 제주시 성화로6길 46",
            "세대수":0,
            "입주년차":"--",
            "용적률점수":80,
            "건폐율점수":80,
            "세대당주차수":"--",
            "난방방식":"--",
            "공급면적":90,
            "전용률":60,
            "욕실수":"--",
            "현관타입":"--",
            "주거총점":55.5,
            "지역구공급총점":100.0,
            "역세권":"NA",
            "30분내 이동가능 거점":"NA",
            "1시간내 이동가능 거점":"NA",
            "교통총점":"NA",
            "백화점":0,
            "아울렛몰":80,
            "대형마트":0,
            "은행":0,
            "병원":0,
            "종합병원":100,
            "공원":0,
            "혐오시설":0,
            "인프라총점":28.0,
            "초등학군":90.0,
            "중학군":46.04,
            "학군총점":54.832,
            "인구수":53.4,
            "인구증감":2.01,
            "인구총점":37.983,
            "일자리":32.81,
            "소득수준":58.26,
            "일자리총점":40.445,
            "가치 총점":44.333,
            "매매실거래년":20211028.0,
            "매매실거래가":22900.0,
            "전세실거래년":null,
            "전세실거래가":null,
            "전세가율":null,
            "장기전세가율평균":69.13,
            "전세가율거품지수":null,
            "검색코드":7808,
            "세대수":140.0,
            "준공년월":"1992-10-24",
            "준공년차":31.0,
            "가까운역이름":"NA",
            "가까운역거리":"NA",
            "역세권여부":"NA",
            "30분이내주요거점역":"NA",
            "30분거점역이름":"NA",
            "1시간이내주요거점역":"NA",
            "1시간거점역이름":"NA",
            "3km이내백화점수":0,
            "5km이내아울렛몰수":1,
            "1km이내대형먀트수":0,
            "500m이내은행수":1,
            "500m이내병원수":0,
            "5km이내대형병원수":4,
            "500m이내공원수":0,
            "3km이내혐오시설수":0,
            "초등학교학업성취도":90.0,
            "중학교학업성취도":74.8,
            "용적률":150,
            "건폐율":25,
            "Y":33.51097,
            "X":126.5103,
            "rank":44.0,
            "area_info":"31평(103.19), 33평(109.63), 33평(109.86)",
            "last_sales":"2021-10-28,22900.0,33평(109.63)",
            "rank_history":[
                [
                    "202202",
                    44
                ],
                [
                    "202201",
                    40
                ]
            ],
            "rank_gap":-4
        },
        {
            "index":293,
            "아파트명":"용두암현대1차",
            "투자타입":"재건축",
            "전용면적(m2)":"85.73",
            "전용면적(평)":"25평",
            "법정동주소":"제주도 제주시 용담3동 505",
            "도로명주소":"제주도 제주시 용담로5길 25",
            "세대수":0,
            "입주년차":"--",
            "용적률점수":80,
            "건폐율점수":80,
            "세대당주차수":"--",
            "난방방식":"--",
            "공급면적":70,
            "전용률":60,
            "욕실수":"--",
            "현관타입":"--",
            "주거총점":54.5,
            "지역구공급총점":100.0,
            "역세권":"NA",
            "30분내 이동가능 거점":"NA",
            "1시간내 이동가능 거점":"NA",
            "교통총점":"NA",
            "백화점":0,
            "아울렛몰":80,
            "대형마트":0,
            "은행":0,
            "병원":0,
            "종합병원":100,
            "공원":0,
            "혐오시설":0,
            "인프라총점":28.0,
            "초등학군":90.0,
            "중학군":46.04,
            "학군총점":54.832,
            "인구수":53.4,
            "인구증감":2.01,
            "인구총점":37.983,
            "일자리":32.81,
            "소득수준":58.26,
            "일자리총점":40.445,
            "가치 총점":43.983,
            "매매실거래년":20211222.0,
            "매매실거래가":38500.0,
            "전세실거래년":20201120.0,
            "전세실거래가":15000.0,
            "전세가율":65.22,
            "장기전세가율평균":69.13,
            "전세가율거품지수":3.91,
            "검색코드":26549,
            "세대수":252.0,
            "준공년월":"1991-02-27",
            "준공년차":32.0,
            "가까운역이름":"NA",
            "가까운역거리":"NA",
            "역세권여부":"NA",
            "30분이내주요거점역":"NA",
            "30분거점역이름":"NA",
            "1시간이내주요거점역":"NA",
            "1시간거점역이름":"NA",
            "3km이내백화점수":0,
            "5km이내아울렛몰수":1,
            "1km이내대형먀트수":0,
            "500m이내은행수":0,
            "500m이내병원수":0,
            "5km이내대형병원수":4,
            "500m이내공원수":0,
            "3km이내혐오시설수":0,
            "초등학교학업성취도":90.0,
            "중학교학업성취도":74.8,
            "용적률":174,
            "건폐율":29,
            "Y":33.51551,
            "X":126.50754,
            "rank":45.0,
            "area_info":"25평(85.73), 31평(104.33), 48평(161.56), 59평(196.68)",
            "last_sales":"2021-12-22,38500.0,48평(161.56)",
            "rank_history":[
                [
                    "202202",
                    45
                ],
                [
                    "202201",
                    46
                ]
            ],
            "rank_gap":1
        },
        {
            "index":302,
            "아파트명":"제주첨단과학기술단지꿈에그린(A3블럭)",
            "투자타입":"일반",
            "전용면적(m2)":"113.74",
            "전용면적(평)":"34평",
            "법정동주소":"제주도 제주시 월평동 747",
            "도로명주소":"제주도 제주시 첨단로동길 106",
            "세대수":30,
            "입주년차":80,
            "용적률점수":"--",
            "건폐율점수":"--",
            "세대당주차수":60,
            "난방방식":30,
            "공급면적":"--",
            "전용률":"--",
            "욕실수":100,
            "현관타입":100,
            "주거총점":58.5,
            "지역구공급총점":100.0,
            "역세권":"NA",
            "30분내 이동가능 거점":"NA",
            "1시간내 이동가능 거점":"NA",
            "교통총점":"NA",
            "백화점":0,
            "아울렛몰":0,
            "대형마트":0,
            "은행":0,
            "병원":0,
            "종합병원":80,
            "공원":100,
            "혐오시설":0,
            "인프라총점":19.0,
            "초등학군":90.01,
            "중학군":55.7,
            "학군총점":62.562,
            "인구수":53.4,
            "인구증감":2.01,
            "인구총점":37.983,
            "일자리":32.81,
            "소득수준":58.26,
            "일자리총점":40.445,
            "가치 총점":43.7155,
            "매매실거래년":20180213.0,
            "매매실거래가":37257.0,
            "전세실거래년":null,
            "전세실거래가":null,
            "전세가율":null,
            "장기전세가율평균":69.13,
            "전세가율거품지수":null,
            "검색코드":115402,
            "세대수":349.0,
            "준공년월":"2018-01-01",
            "준공년차":5.0,
            "가까운역이름":"NA",
            "가까운역거리":"NA",
            "역세권여부":"NA",
            "30분이내주요거점역":"NA",
            "30분거점역이름":"NA",
            "1시간이내주요거점역":"NA",
            "1시간거점역이름":"NA",
            "3km이내백화점수":0,
            "5km이내아울렛몰수":0,
            "1km이내대형먀트수":0,
            "500m이내은행수":1,
            "500m이내병원수":0,
            "5km이내대형병원수":1,
            "500m이내공원수":2,
            "3km이내혐오시설수":0,
            "초등학교학업성취도":90.01,
            "중학교학업성취도":91.1,
            "용적률":0,
            "건폐율":0,
            "Y":33.450487,
            "X":126.576379,
            "rank":46.0,
            "area_info":"34평(113.74), 39평(130.4), 39평(131.57), 44평(148.56)",
            "last_sales":"2018-02-13,37257.0,39평(131.57)",
            "rank_history":[
                [
                    "202202",
                    46
                ],
                [
                    "202201",
                    47
                ]
            ],
            "rank_gap":1
        },
        {
            "index":93,
            "아파트명":"제주삼화사랑으로부영1차",
            "투자타입":"일반",
            "전용면적(m2)":"95.39",
            "전용면적(평)":"28평",
            "법정동주소":"제주도 제주시 도련2동 548",
            "도로명주소":"제주도 제주시 화삼북로 136",
            "세대수":30,
            "입주년차":60,
            "용적률점수":"--",
            "건폐율점수":"--",
            "세대당주차수":30,
            "난방방식":30,
            "공급면적":"--",
            "전용률":"--",
            "욕실수":100,
            "현관타입":100,
            "주거총점":50.0,
            "지역구공급총점":100.0,
            "역세권":"NA",
            "30분내 이동가능 거점":"NA",
            "1시간내 이동가능 거점":"NA",
            "교통총점":"NA",
            "백화점":0,
            "아울렛몰":0,
            "대형마트":80,
            "은행":0,
            "병원":0,
            "종합병원":80,
            "공원":100,
            "혐오시설":0,
            "인프라총점":31.0,
            "초등학군":89.99,
            "중학군":44.16,
            "학군총점":53.326,
            "인구수":53.4,
            "인구증감":2.01,
            "인구총점":37.983,
            "일자리":32.81,
            "소득수준":58.26,
            "일자리총점":40.445,
            "가치 총점":43.2315,
            "매매실거래년":20220106.0,
            "매매실거래가":59500.0,
            "전세실거래년":20211222.0,
            "전세실거래가":35000.0,
            "전세가율":70.0,
            "장기전세가율평균":69.13,
            "전세가율거품지수":-0.87,
            "검색코드":106227,
            "세대수":324.0,
            "준공년월":"2013-01-23",
            "준공년차":10.0,
            "가까운역이름":"NA",
            "가까운역거리":"NA",
            "역세권여부":"NA",
            "30분이내주요거점역":"NA",
            "30분거점역이름":"NA",
            "1시간이내주요거점역":"NA",
            "1시간거점역이름":"NA",
            "3km이내백화점수":0,
            "5km이내아울렛몰수":0,
            "1km이내대형먀트수":1,
            "500m이내은행수":0,
            "500m이내병원수":0,
            "5km이내대형병원수":1,
            "500m이내공원수":5,
            "3km이내혐오시설수":0,
            "초등학교학업성취도":89.99,
            "중학교학업성취도":73.2,
            "용적률":149,
            "건폐율":22,
            "Y":33.516356,
            "X":126.587427,
            "rank":47.0,
            "area_info":"28평(95.39), 32평(108.61)",
            "last_sales":"2022-01-06,59500.0,32평(108.61)",
            "rank_history":[
                [
                    "202202",
                    47
                ],
                [
                    "202201",
                    55
                ]
            ],
            "rank_gap":8
        },
        {
            "index":280,
            "아파트명":"부영2차",
            "투자타입":"일반",
            "전용면적(m2)":"118.49",
            "전용면적(평)":"35평",
            "법정동주소":"제주도 제주시 외도1동 560-2",
            "도로명주소":"제주도 제주시 우평로 318",
            "세대수":80,
            "입주년차":20,
            "용적률점수":"--",
            "건폐율점수":"--",
            "세대당주차수":30,
            "난방방식":30,
            "공급면적":"--",
            "전용률":"--",
            "욕실수":100,
            "현관타입":100,
            "주거총점":59.5,
            "지역구공급총점":100.0,
            "역세권":"NA",
            "30분내 이동가능 거점":"NA",
            "1시간내 이동가능 거점":"NA",
            "교통총점":"NA",
            "백화점":0,
            "아울렛몰":0,
            "대형마트":0,
            "은행":0,
            "병원":0,
            "종합병원":100,
            "공원":100,
            "혐오시설":0,
            "인프라총점":23.0,
            "초등학군":89.99,
            "중학군":41.4,
            "학군총점":51.118,
            "인구수":53.4,
            "인구증감":2.01,
            "인구총점":37.983,
            "일자리":32.81,
            "소득수준":58.26,
            "일자리총점":40.445,
            "가치 총점":42.8045,
            "매매실거래년":20211230.0,
            "매매실거래가":47800.0,
            "전세실거래년":20220119.0,
            "전세실거래가":29000.0,
            "전세가율":60.67,
            "장기전세가율평균":69.13,
            "전세가율거품지수":8.46,
            "검색코드":105169,
            "세대수":892.0,
            "준공년월":"2001-01-30",
            "준공년차":22.0,
            "가까운역이름":"NA",
            "가까운역거리":"NA",
            "역세권여부":"NA",
            "30분이내주요거점역":"NA",
            "30분거점역이름":"NA",
            "1시간이내주요거점역":"NA",
            "1시간거점역이름":"NA",
            "3km이내백화점수":0,
            "5km이내아울렛몰수":0,
            "1km이내대형먀트수":0,
            "500m이내은행수":0,
            "500m이내병원수":0,
            "5km이내대형병원수":2,
            "500m이내공원수":3,
            "3km이내혐오시설수":0,
            "초등학교학업성취도":89.99,
            "중학교학업성취도":67.2,
            "용적률":213,
            "건폐율":23,
            "Y":33.484936,
            "X":126.432835,
            "rank":48.0,
            "area_info":"35평(118.49)",
            "last_sales":"2021-12-30,47800.0,35평(118.49)",
            "rank_history":[
                [
                    "202202",
                    48
                ],
                [
                    "202201",
                    41
                ]
            ],
            "rank_gap":-7
        },
        {
            "index":44,
            "아파트명":"부영3차",
            "투자타입":"일반",
            "전용면적(m2)":"113.86",
            "전용면적(평)":"34평",
            "법정동주소":"제주도 제주시 노형동 754-3",
            "도로명주소":"제주도 제주시 과원로 27",
            "세대수":0,
            "입주년차":20,
            "용적률점수":"--",
            "건폐율점수":"--",
            "세대당주차수":60,
            "난방방식":30,
            "공급면적":"--",
            "전용률":"--",
            "욕실수":100,
            "현관타입":100,
            "주거총점":36.0,
            "지역구공급총점":100.0,
            "역세권":"NA",
            "30분내 이동가능 거점":"NA",
            "1시간내 이동가능 거점":"NA",
            "교통총점":"NA",
            "백화점":0,
            "아울렛몰":0,
            "대형마트":80,
            "은행":20,
            "병원":0,
            "종합병원":100,
            "공원":100,
            "혐오시설":0,
            "인프라총점":37.0,
            "초등학군":89.99,
            "중학군":54.32,
            "학군총점":61.454,
            "인구수":53.4,
            "인구증감":2.01,
            "인구총점":37.983,
            "일자리":32.81,
            "소득수준":58.26,
            "일자리총점":40.445,
            "가치 총점":42.7635,
            "매매실거래년":20211013.0,
            "매매실거래가":43000.0,
            "전세실거래년":20220109.0,
            "전세실거래가":31500.0,
            "전세가율":73.26,
            "장기전세가율평균":69.13,
            "전세가율거품지수":-4.13,
            "검색코드":100933,
            "세대수":240.0,
            "준공년월":"2001-05-28",
            "준공년차":22.0,
            "가까운역이름":"NA",
            "가까운역거리":"NA",
            "역세권여부":"NA",
            "30분이내주요거점역":"NA",
            "30분거점역이름":"NA",
            "1시간이내주요거점역":"NA",
            "1시간거점역이름":"NA",
            "3km이내백화점수":0,
            "5km이내아울렛몰수":0,
            "1km이내대형먀트수":1,
            "500m이내은행수":2,
            "500m이내병원수":0,
            "5km이내대형병원수":3,
            "500m이내공원수":2,
            "3km이내혐오시설수":0,
            "초등학교학업성취도":89.99,
            "중학교학업성취도":89.6,
            "용적률":177,
            "건폐율":21,
            "Y":33.477118,
            "X":126.486412,
            "rank":49.0,
            "area_info":"34평(113.86)",
            "last_sales":"2021-10-13,43000.0,34평(113.86)",
            "rank_history":[
                [
                    "202202",
                    49
                ],
                [
                    "202201",
                    45
                ]
            ],
            "rank_gap":-4
        },
        {
            "index":46,
            "아파트명":"유나이티드",
            "투자타입":"재건축",
            "전용면적(m2)":"58.64",
            "전용면적(평)":"17평",
            "법정동주소":"제주도 제주시 노형동 945",
            "도로명주소":"제주도 제주시 원노형10길 28",
            "세대수":0,
            "입주년차":"--",
            "용적률점수":0,
            "건폐율점수":40,
            "세대당주차수":"--",
            "난방방식":"--",
            "공급면적":50,
            "전용률":60,
            "욕실수":"--",
            "현관타입":"--",
            "주거총점":13.5,
            "지역구공급총점":100.0,
            "역세권":"NA",
            "30분내 이동가능 거점":"NA",
            "1시간내 이동가능 거점":"NA",
            "교통총점":"NA",
            "백화점":0,
            "아울렛몰":80,
            "대형마트":100,
            "은행":100,
            "병원":0,
            "종합병원":100,
            "공원":100,
            "혐오시설":0,
            "인프라총점":56.0,
            "초등학군":89.99,
            "중학군":54.32,
            "학군총점":61.454,
            "인구수":53.4,
            "인구증감":2.01,
            "인구총점":37.983,
            "일자리":32.81,
            "소득수준":58.26,
            "일자리총점":40.445,
            "가치 총점":42.4885,
            "매매실거래년":20220119.0,
            "매매실거래가":17500.0,
            "전세실거래년":20211228.0,
            "전세실거래가":13500.0,
            "전세가율":77.14,
            "장기전세가율평균":69.13,
            "전세가율거품지수":-8.01,
            "검색코드":7800,
            "세대수":197.0,
            "준공년월":"1984-11-10",
            "준공년차":39.0,
            "가까운역이름":"NA",
            "가까운역거리":"NA",
            "역세권여부":"NA",
            "30분이내주요거점역":"NA",
            "30분거점역이름":"NA",
            "1시간이내주요거점역":"NA",
            "1시간거점역이름":"NA",
            "3km이내백화점수":0,
            "5km이내아울렛몰수":1,
            "1km이내대형먀트수":2,
            "500m이내은행수":5,
            "500m이내병원수":0,
            "5km이내대형병원수":3,
            "500m이내공원수":6,
            "3km이내혐오시설수":0,
            "초등학교학업성취도":89.99,
            "중학교학업성취도":89.6,
            "용적률":225,
            "건폐율":37,
            "Y":33.483701,
            "X":126.485824,
            "rank":50.0,
            "area_info":"17평(58.64), 21평(71.67), 28평(94.62)",
            "last_sales":"2022-01-19,17500.0,17평(58.64)",
            "rank_history":[
                [
                    "202202",
                    50
                ],
                [
                    "202201",
                    52
                ]
            ],
            "rank_gap":2
        },
        {
            "index":355,
            "아파트명":"일도우성",
            "투자타입":"일반",
            "전용면적(m2)":"60.28",
            "전용면적(평)":"18평",
            "법정동주소":"제주도 제주시 일도2동 113",
            "도로명주소":"제주도 제주시 태성로 3",
            "세대수":30,
            "입주년차":0,
            "용적률점수":"--",
            "건폐율점수":"--",
            "세대당주차수":0,
            "난방방식":30,
            "공급면적":"--",
            "전용률":"--",
            "욕실수":50,
            "현관타입":100,
            "주거총점":28.5,
            "지역구공급총점":100.0,
            "역세권":"NA",
            "30분내 이동가능 거점":"NA",
            "1시간내 이동가능 거점":"NA",
            "교통총점":"NA",
            "백화점":0,
            "아울렛몰":80,
            "대형마트":80,
            "은행":0,
            "병원":0,
            "종합병원":100,
            "공원":100,
            "혐오시설":0,
            "인프라총점":43.0,
            "초등학군":90.0,
            "중학군":53.94,
            "학군총점":61.152,
            "인구수":53.4,
            "인구증감":2.01,
            "인구총점":37.983,
            "일자리":32.81,
            "소득수준":58.26,
            "일자리총점":40.445,
            "가치 총점":42.463,
            "매매실거래년":20220121.0,
            "매매실거래가":26000.0,
            "전세실거래년":20211021.0,
            "전세실거래가":13000.0,
            "전세가율":65.66,
            "장기전세가율평균":69.13,
            "전세가율거품지수":3.47,
            "검색코드":7846,
            "세대수":360.0,
            "준공년월":"1995-01-28",
            "준공년차":28.0,
            "가까운역이름":"NA",
            "가까운역거리":"NA",
            "역세권여부":"NA",
            "30분이내주요거점역":"NA",
            "30분거점역이름":"NA",
            "1시간이내주요거점역":"NA",
            "1시간거점역이름":"NA",
            "3km이내백화점수":0,
            "5km이내아울렛몰수":1,
            "1km이내대형먀트수":1,
            "500m이내은행수":1,
            "500m이내병원수":0,
            "5km이내대형병원수":3,
            "500m이내공원수":2,
            "3km이내혐오시설수":0,
            "초등학교학업성취도":90.0,
            "중학교학업성취도":88.9,
            "용적률":110,
            "건폐율":28,
            "Y":33.5023,
            "X":126.548347,
            "rank":51.0,
            "area_info":"18평(60.28), 21평(70.72), 26평(89.06)",
            "last_sales":"2022-01-21,26000.0,26평(89.06)",
            "rank_history":[
                [
                    "202202",
                    51
                ],
                [
                    "202201",
                    66
                ]
            ],
            "rank_gap":15
        },
        {
            "index":392,
            "아파트명":"화북주공1단지",
            "투자타입":"일반",
            "전용면적(m2)":"103.93",
            "전용면적(평)":"31평",
            "법정동주소":"제주도 제주시 화북1동 10-1",
            "도로명주소":"제주도 제주시 동화로1길 11",
            "세대수":30,
            "입주년차":0,
            "용적률점수":"--",
            "건폐율점수":"--",
            "세대당주차수":30,
            "난방방식":30,
            "공급면적":"--",
            "전용률":"--",
            "욕실수":100,
            "현관타입":100,
            "주거총점":38.0,
            "지역구공급총점":100.0,
            "역세권":"NA",
            "30분내 이동가능 거점":"NA",
            "1시간내 이동가능 거점":"NA",
            "교통총점":"NA",
            "백화점":0,
            "아울렛몰":80,
            "대형마트":80,
            "은행":0,
            "병원":0,
            "종합병원":80,
            "공원":100,
            "혐오시설":0,
            "인프라총점":39.0,
            "초등학군":89.99,
            "중학군":44.16,
            "학군총점":53.326,
            "인구수":53.4,
            "인구증감":2.01,
            "인구총점":37.983,
            "일자리":32.81,
            "소득수준":58.26,
            "일자리총점":40.445,
            "가치 총점":42.2315,
            "매매실거래년":20220112.0,
            "매매실거래가":48200.0,
            "전세실거래년":20220125.0,
            "전세실거래가":25000.0,
            "전세가율":51.87,
            "장기전세가율평균":69.13,
            "전세가율거품지수":17.26,
            "검색코드":15192,
            "세대수":392.0,
            "준공년월":"1998-06-18",
            "준공년차":25.0,
            "가까운역이름":"NA",
            "가까운역거리":"NA",
            "역세권여부":"NA",
            "30분이내주요거점역":"NA",
            "30분거점역이름":"NA",
            "1시간이내주요거점역":"NA",
            "1시간거점역이름":"NA",
            "3km이내백화점수":0,
            "5km이내아울렛몰수":1,
            "1km이내대형먀트수":1,
            "500m이내은행수":1,
            "500m이내병원수":0,
            "5km이내대형병원수":1,
            "500m이내공원수":7,
            "3km이내혐오시설수":0,
            "초등학교학업성취도":89.99,
            "중학교학업성취도":73.2,
            "용적률":134,
            "건폐율":25,
            "Y":33.52038,
            "X":126.5751,
            "rank":52.0,
            "area_info":"31평(103.93), 31평(103.8)",
            "last_sales":"2022-01-12,48200.0,31평(103.93)",
            "rank_history":[
                [
                    "202202",
                    52
                ],
                [
                    "202201",
                    62
                ]
            ],
            "rank_gap":10
        },
        {
            "index":349,
            "아파트명":"일도삼주",
            "투자타입":"일반",
            "전용면적(m2)":"81.78",
            "전용면적(평)":"24평",
            "법정동주소":"제주도 제주시 일도2동 47",
            "도로명주소":"제주도 제주시 천수로8길 18",
            "세대수":0,
            "입주년차":0,
            "용적률점수":"--",
            "건폐율점수":"--",
            "세대당주차수":0,
            "난방방식":30,
            "공급면적":"--",
            "전용률":"--",
            "욕실수":50,
            "현관타입":100,
            "주거총점":18.0,
            "지역구공급총점":100.0,
            "역세권":"NA",
            "30분내 이동가능 거점":"NA",
            "1시간내 이동가능 거점":"NA",
            "교통총점":"NA",
            "백화점":0,
            "아울렛몰":80,
            "대형마트":80,
            "은행":70,
            "병원":0,
            "종합병원":100,
            "공원":100,
            "혐오시설":0,
            "인프라총점":50.0,
            "초등학군":90.0,
            "중학군":53.94,
            "학군총점":61.152,
            "인구수":53.4,
            "인구증감":2.01,
            "인구총점":37.983,
            "일자리":32.81,
            "소득수준":58.26,
            "일자리총점":40.445,
            "가치 총점":41.588,
            "매매실거래년":20211110.0,
            "매매실거래가":20000.0,
            "전세실거래년":20210807.0,
            "전세실거래가":15000.0,
            "전세가율":75.0,
            "장기전세가율평균":69.13,
            "전세가율거품지수":-5.87,
            "검색코드":7838,
            "세대수":180.0,
            "준공년월":"1993-06-26",
            "준공년차":30.0,
            "가까운역이름":"NA",
            "가까운역거리":"NA",
            "역세권여부":"NA",
            "30분이내주요거점역":"NA",
            "30분거점역이름":"NA",
            "1시간이내주요거점역":"NA",
            "1시간거점역이름":"NA",
            "3km이내백화점수":0,
            "5km이내아울렛몰수":1,
            "1km이내대형먀트수":1,
            "500m이내은행수":3,
            "500m이내병원수":0,
            "5km이내대형병원수":3,
            "500m이내공원수":4,
            "3km이내혐오시설수":0,
            "초등학교학업성취도":90.0,
            "중학교학업성취도":88.9,
            "용적률":129,
            "건폐율":27,
            "Y":33.503656,
            "X":126.543277,
            "rank":53.0,
            "area_info":"24평(81.78)",
            "last_sales":"2021-11-10,20000.0,24평(81.78)",
            "rank_history":[
                [
                    "202202",
                    53
                ],
                [
                    "202201",
                    63
                ]
            ],
            "rank_gap":10
        },
        {
            "index":277,
            "아파트명":"부영1차",
            "투자타입":"일반",
            "전용면적(m2)":"54.7",
            "전용면적(평)":"16평",
            "법정동주소":"제주도 제주시 외도1동 560-1",
            "도로명주소":"제주도 제주시 우정로11길 22",
            "세대수":90,
            "입주년차":20,
            "용적률점수":"--",
            "건폐율점수":"--",
            "세대당주차수":0,
            "난방방식":30,
            "공급면적":"--",
            "전용률":"--",
            "욕실수":50,
            "현관타입":100,
            "주거총점":53.5,
            "지역구공급총점":100.0,
            "역세권":"NA",
            "30분내 이동가능 거점":"NA",
            "1시간내 이동가능 거점":"NA",
            "교통총점":"NA",
            "백화점":0,
            "아울렛몰":0,
            "대형마트":0,
            "은행":0,
            "병원":0,
            "종합병원":100,
            "공원":100,
            "혐오시설":0,
            "인프라총점":23.0,
            "초등학군":89.99,
            "중학군":41.4,
            "학군총점":51.118,
            "인구수":53.4,
            "인구증감":2.01,
            "인구총점":37.983,
            "일자리":32.81,
            "소득수준":58.26,
            "일자리총점":40.445,
            "가치 총점":40.7045,
            "매매실거래년":20220111.0,
            "매매실거래가":26000.0,
            "전세실거래년":20220124.0,
            "전세실거래가":10500.0,
            "전세가율":52.76,
            "장기전세가율평균":69.13,
            "전세가율거품지수":16.37,
            "검색코드":104524,
            "세대수":1012.0,
            "준공년월":"2000-05-22",
            "준공년차":23.0,
            "가까운역이름":"NA",
            "가까운역거리":"NA",
            "역세권여부":"NA",
            "30분이내주요거점역":"NA",
            "30분거점역이름":"NA",
            "1시간이내주요거점역":"NA",
            "1시간거점역이름":"NA",
            "3km이내백화점수":0,
            "5km이내아울렛몰수":0,
            "1km이내대형먀트수":0,
            "500m이내은행수":1,
            "500m이내병원수":0,
            "5km이내대형병원수":2,
            "500m이내공원수":6,
            "3km이내혐오시설수":0,
            "초등학교학업성취도":89.99,
            "중학교학업성취도":67.2,
            "용적률":229,
            "건폐율":27,
            "Y":33.48681,
            "X":126.433479,
            "rank":54.0,
            "area_info":"16평(54.7), 20평(68.51), 24평(82.3)",
            "last_sales":"2022-01-11,26000.0,24평(82.3)",
            "rank_history":[
                [
                    "202202",
                    54
                ],
                [
                    "202201",
                    50
                ]
            ],
            "rank_gap":-4
        },
        {
            "index":312,
            "아파트명":"장원월드컵",
            "투자타입":"일반",
            "전용면적(m2)":"108.89",
            "전용면적(평)":"32평",
            "법정동주소":"제주도 제주시 이도1동 1650-4",
            "도로명주소":"제주도 제주시 서광로29길 25",
            "세대수":0,
            "입주년차":20,
            "용적률점수":"--",
            "건폐율점수":"--",
            "세대당주차수":60,
            "난방방식":30,
            "공급면적":"--",
            "전용률":"--",
            "욕실수":100,
            "현관타입":100,
            "주거총점":36.0,
            "지역구공급총점":100.0,
            "역세권":"NA",
            "30분내 이동가능 거점":"NA",
            "1시간내 이동가능 거점":"NA",
            "교통총점":"NA",
            "백화점":0,
            "아울렛몰":80,
            "대형마트":0,
            "은행":20,
            "병원":0,
            "종합병원":100,
            "공원":100,
            "혐오시설":0,
            "인프라총점":33.0,
            "초등학군":90.0,
            "중학군":51.6,
            "학군총점":59.28,
            "인구수":53.4,
            "인구증감":2.01,
            "인구총점":37.983,
            "일자리":32.81,
            "소득수준":58.26,
            "일자리총점":40.445,
            "가치 총점":40.62,
            "매매실거래년":20220110.0,
            "매매실거래가":40000.0,
            "전세실거래년":null,
            "전세실거래가":null,
            "전세가율":null,
            "장기전세가율평균":69.13,
            "전세가율거품지수":null,
            "검색코드":17168,
            "세대수":181.0,
            "준공년월":"2001-11-24",
            "준공년차":22.0,
            "가까운역이름":"NA",
            "가까운역거리":"NA",
            "역세권여부":"NA",
            "30분이내주요거점역":"NA",
            "30분거점역이름":"NA",
            "1시간이내주요거점역":"NA",
            "1시간거점역이름":"NA",
            "3km이내백화점수":0,
            "5km이내아울렛몰수":1,
            "1km이내대형먀트수":0,
            "500m이내은행수":2,
            "500m이내병원수":0,
            "5km이내대형병원수":4,
            "500m이내공원수":2,
            "3km이내혐오시설수":0,
            "초등학교학업성취도":90.0,
            "중학교학업성취도":84.4,
            "용적률":232,
            "건폐율":26,
            "Y":33.50217,
            "X":126.52577,
            "rank":55.0,
            "area_info":"32평(108.89), 43평(143.85), 46평(152.82)",
            "last_sales":"2022-01-10,40000.0,32평(108.89)",
            "rank_history":[
                [
                    "202202",
                    55
                ],
                [
                    "202201",
                    48
                ]
            ],
            "rank_gap":-7
        },
        {
            "index":95,
            "아파트명":"미듬아뜨리에",
            "투자타입":"일반",
            "전용면적(m2)":"112.38",
            "전용면적(평)":"33평",
            "법정동주소":"제주도 제주시 삼도2동 300-4",
            "도로명주소":"제주도 제주시 중앙로26길 25",
            "세대수":0,
            "입주년차":40,
            "용적률점수":"--",
            "건폐율점수":"--",
            "세대당주차수":30,
            "난방방식":30,
            "공급면적":"--",
            "전용률":"--",
            "욕실수":100,
            "현관타입":100,
            "주거총점":35.5,
            "지역구공급총점":100.0,
            "역세권":"NA",
            "30분내 이동가능 거점":"NA",
            "1시간내 이동가능 거점":"NA",
            "교통총점":"NA",
            "백화점":0,
            "아울렛몰":80,
            "대형마트":0,
            "은행":20,
            "병원":0,
            "종합병원":100,
            "공원":100,
            "혐오시설":0,
            "인프라총점":33.0,
            "초등학군":90.0,
            "중학군":51.6,
            "학군총점":59.28,
            "인구수":53.4,
            "인구증감":2.01,
            "인구총점":37.983,
            "일자리":32.81,
            "소득수준":58.26,
            "일자리총점":40.445,
            "가치 총점":40.445,
            "매매실거래년":20210824.0,
            "매매실거래가":27000.0,
            "전세실거래년":20210414.0,
            "전세실거래가":23000.0,
            "전세가율":85.19,
            "장기전세가율평균":69.13,
            "전세가율거품지수":-16.06,
            "검색코드":105188,
            "세대수":112.0,
            "준공년월":"2006-02-01",
            "준공년차":17.0,
            "가까운역이름":"NA",
            "가까운역거리":"NA",
            "역세권여부":"NA",
            "30분이내주요거점역":"NA",
            "30분거점역이름":"NA",
            "1시간이내주요거점역":"NA",
            "1시간거점역이름":"NA",
            "3km이내백화점수":0,
            "5km이내아울렛몰수":1,
            "1km이내대형먀트수":0,
            "500m이내은행수":2,
            "500m이내병원수":0,
            "5km이내대형병원수":4,
            "500m이내공원수":2,
            "3km이내혐오시설수":0,
            "초등학교학업성취도":90.0,
            "중학교학업성취도":84.4,
            "용적률":217,
            "건폐율":23,
            "Y":33.505098,
            "X":126.522666,
            "rank":56.0,
            "area_info":"33평(112.38), 36평(119.72)",
            "last_sales":"2021-08-24,27000.0,33평(112.38)",
            "rank_history":[
                [
                    "202202",
                    56
                ],
                [
                    "202201",
                    57
                ]
            ],
            "rank_gap":1
        },
        {
            "index":352,
            "아파트명":"일도수선화",
            "투자타입":"일반",
            "전용면적(m2)":"59.4",
            "전용면적(평)":"17평",
            "법정동주소":"제주도 제주시 일도2동 113-1",
            "도로명주소":"제주도 제주시 연삼로 560-1",
            "세대수":0,
            "입주년차":0,
            "용적률점수":"--",
            "건폐율점수":"--",
            "세대당주차수":30,
            "난방방식":30,
            "공급면적":"--",
            "전용률":"--",
            "욕실수":50,
            "현관타입":100,
            "주거총점":22.5,
            "지역구공급총점":100.0,
            "역세권":"NA",
            "30분내 이동가능 거점":"NA",
            "1시간내 이동가능 거점":"NA",
            "교통총점":"NA",
            "백화점":0,
            "아울렛몰":80,
            "대형마트":80,
            "은행":0,
            "병원":0,
            "종합병원":100,
            "공원":100,
            "혐오시설":0,
            "인프라총점":43.0,
            "초등학군":90.0,
            "중학군":53.94,
            "학군총점":61.152,
            "인구수":53.4,
            "인구증감":2.01,
            "인구총점":37.983,
            "일자리":32.81,
            "소득수준":58.26,
            "일자리총점":40.445,
            "가치 총점":40.363,
            "매매실거래년":20211213.0,
            "매매실거래가":25000.0,
            "전세실거래년":20210820.0,
            "전세실거래가":16000.0,
            "전세가율":64.0,
            "장기전세가율평균":69.13,
            "전세가율거품지수":5.13,
            "검색코드":7842,
            "세대수":198.0,
            "준공년월":"1993-11-24",
            "준공년차":30.0,
            "가까운역이름":"NA",
            "가까운역거리":"NA",
            "역세권여부":"NA",
            "30분이내주요거점역":"NA",
            "30분거점역이름":"NA",
            "1시간이내주요거점역":"NA",
            "1시간거점역이름":"NA",
            "3km이내백화점수":0,
            "5km이내아울렛몰수":1,
            "1km이내대형먀트수":1,
            "500m이내은행수":0,
            "500m이내병원수":0,
            "5km이내대형병원수":3,
            "500m이내공원수":2,
            "3km이내혐오시설수":0,
            "초등학교학업성취도":90.0,
            "중학교학업성취도":88.9,
            "용적률":0,
            "건폐율":0,
            "Y":33.502885,
            "X":126.548983,
            "rank":57.0,
            "area_info":"17평(59.4)",
            "last_sales":"2021-12-13,25000.0,17평(59.4)",
            "rank_history":[
                [
                    "202202",
                    57
                ],
                [
                    "202201",
                    76
                ]
            ],
            "rank_gap":19
        },
        {
            "index":358,
            "아파트명":"일도우성2단지",
            "투자타입":"일반",
            "전용면적(m2)":"99.61",
            "전용면적(평)":"30평",
            "법정동주소":"제주도 제주시 일도2동 113-6",
            "도로명주소":"제주도 제주시 남광로 223",
            "세대수":0,
            "입주년차":0,
            "용적률점수":"--",
            "건폐율점수":"--",
            "세대당주차수":0,
            "난방방식":80,
            "공급면적":"--",
            "전용률":"--",
            "욕실수":50,
            "현관타입":100,
            "주거총점":23.0,
            "지역구공급총점":100.0,
            "역세권":"NA",
            "30분내 이동가능 거점":"NA",
            "1시간내 이동가능 거점":"NA",
            "교통총점":"NA",
            "백화점":0,
            "아울렛몰":80,
            "대형마트":80,
            "은행":0,
            "병원":0,
            "종합병원":100,
            "공원":80,
            "혐오시설":0,
            "인프라총점":42.4,
            "초등학군":90.0,
            "중학군":53.94,
            "학군총점":61.152,
            "인구수":53.4,
            "인구증감":2.01,
            "인구총점":37.983,
            "일자리":32.81,
            "소득수준":58.26,
            "일자리총점":40.445,
            "가치 총점":40.298,
            "매매실거래년":20211001.0,
            "매매실거래가":30000.0,
            "전세실거래년":20211012.0,
            "전세실거래가":20000.0,
            "전세가율":66.67,
            "장기전세가율평균":69.13,
            "전세가율거품지수":2.46,
            "검색코드":7848,
            "세대수":170.0,
            "준공년월":"1995-01-28",
            "준공년차":28.0,
            "가까운역이름":"NA",
            "가까운역거리":"NA",
            "역세권여부":"NA",
            "30분이내주요거점역":"NA",
            "30분거점역이름":"NA",
            "1시간이내주요거점역":"NA",
            "1시간거점역이름":"NA",
            "3km이내백화점수":0,
            "5km이내아울렛몰수":1,
            "1km이내대형먀트수":1,
            "500m이내은행수":0,
            "500m이내병원수":0,
            "5km이내대형병원수":3,
            "500m이내공원수":1,
            "3km이내혐오시설수":0,
            "초등학교학업성취도":90.0,
            "중학교학업성취도":88.9,
            "용적률":110,
            "건폐율":22,
            "Y":33.503418,
            "X":126.550642,
            "rank":58.0,
            "area_info":"30평(99.61), 34평(113.67)",
            "last_sales":"2021-10-01,30000.0,30평(99.61)",
            "rank_history":[
                [
                    "202202",
                    58
                ],
                [
                    "202201",
                    77
                ]
            ],
            "rank_gap":19
        },
        {
            "index":354,
            "아파트명":"일도신천지2차",
            "투자타입":"일반",
            "전용면적(m2)":"77.46",
            "전용면적(평)":"23평",
            "법정동주소":"제주도 제주시 일도2동 46",
            "도로명주소":"제주도 제주시 천수로 92",
            "세대수":0,
            "입주년차":0,
            "용적률점수":"--",
            "건폐율점수":"--",
            "세대당주차수":0,
            "난방방식":30,
            "공급면적":"--",
            "전용률":"--",
            "욕실수":50,
            "현관타입":100,
            "주거총점":18.0,
            "지역구공급총점":100.0,
            "역세권":"NA",
            "30분내 이동가능 거점":"NA",
            "1시간내 이동가능 거점":"NA",
            "교통총점":"NA",
            "백화점":0,
            "아울렛몰":80,
            "대형마트":80,
            "은행":20,
            "병원":0,
            "종합병원":100,
            "공원":100,
            "혐오시설":0,
            "인프라총점":45.0,
            "초등학군":90.0,
            "중학군":53.94,
            "학군총점":61.152,
            "인구수":53.4,
            "인구증감":2.01,
            "인구총점":37.983,
            "일자리":32.81,
            "소득수준":58.26,
            "일자리총점":40.445,
            "가치 총점":39.588,
            "매매실거래년":20220125.0,
            "매매실거래가":25500.0,
            "전세실거래년":20211104.0,
            "전세실거래가":18000.0,
            "전세가율":70.59,
            "장기전세가율평균":69.13,
            "전세가율거품지수":-1.46,
            "검색코드":7844,
            "세대수":228.0,
            "준공년월":"1994-08-05",
            "준공년차":29.0,
            "가까운역이름":"NA",
            "가까운역거리":"NA",
            "역세권여부":"NA",
            "30분이내주요거점역":"NA",
            "30분거점역이름":"NA",
            "1시간이내주요거점역":"NA",
            "1시간거점역이름":"NA",
            "3km이내백화점수":0,
            "5km이내아울렛몰수":1,
            "1km이내대형먀트수":1,
            "500m이내은행수":2,
            "500m이내병원수":0,
            "5km이내대형병원수":3,
            "500m이내공원수":5,
            "3km이내혐오시설수":0,
            "초등학교학업성취도":90.0,
            "중학교학업성취도":88.9,
            "용적률":121,
            "건폐율":21,
            "Y":33.5062,
            "X":126.54599,
            "rank":59.0,
            "area_info":"23평(77.46)",
            "last_sales":"2022-01-25,25500.0,23평(77.46)",
            "rank_history":[
                [
                    "202202",
                    59
                ],
                [
                    "202201",
                    75
                ]
            ],
            "rank_gap":16
        },
        {
            "index":365,
            "아파트명":"혜성대유",
            "투자타입":"일반",
            "전용면적(m2)":"75.55",
            "전용면적(평)":"22평",
            "법정동주소":"제주도 제주시 일도2동 46-1",
            "도로명주소":"제주도 제주시 연수로 40",
            "세대수":0,
            "입주년차":0,
            "용적률점수":"--",
            "건폐율점수":"--",
            "세대당주차수":0,
            "난방방식":30,
            "공급면적":"--",
            "전용률":"--",
            "욕실수":50,
            "현관타입":100,
            "주거총점":18.0,
            "지역구공급총점":100.0,
            "역세권":"NA",
            "30분내 이동가능 거점":"NA",
            "1시간내 이동가능 거점":"NA",
            "교통총점":"NA",
            "백화점":0,
            "아울렛몰":80,
            "대형마트":80,
            "은행":20,
            "병원":0,
            "종합병원":100,
            "공원":100,
            "혐오시설":0,
            "인프라총점":45.0,
            "초등학군":90.0,
            "중학군":53.94,
            "학군총점":61.152,
            "인구수":53.4,
            "인구증감":2.01,
            "인구총점":37.983,
            "일자리":32.81,
            "소득수준":58.26,
            "일자리총점":40.445,
            "가치 총점":39.588,
            "매매실거래년":20220102.0,
            "매매실거래가":30000.0,
            "전세실거래년":20211204.0,
            "전세실거래가":14000.0,
            "전세가율":46.67,
            "장기전세가율평균":69.13,
            "전세가율거품지수":22.46,
            "검색코드":7852,
            "세대수":204.0,
            "준공년월":"1995-05-11",
            "준공년차":28.0,
            "가까운역이름":"NA",
            "가까운역거리":"NA",
            "역세권여부":"NA",
            "30분이내주요거점역":"NA",
            "30분거점역이름":"NA",
            "1시간이내주요거점역":"NA",
            "1시간거점역이름":"NA",
            "3km이내백화점수":0,
            "5km이내아울렛몰수":1,
            "1km이내대형먀트수":1,
            "500m이내은행수":2,
            "500m이내병원수":0,
            "5km이내대형병원수":3,
            "500m이내공원수":5,
            "3km이내혐오시설수":0,
            "초등학교학업성취도":90.0,
            "중학교학업성취도":88.9,
            "용적률":127,
            "건폐율":27,
            "Y":33.50571,
            "X":126.54512,
            "rank":59.0,
            "area_info":"22평(75.55)",
            "last_sales":"2022-01-02,30000.0,22평(75.55)",
            "rank_history":[
                [
                    "202202",
                    59
                ],
                [
                    "202201",
                    71
                ]
            ],
            "rank_gap":12
        },
        {
            "index":321,
            "아파트명":"영산홍",
            "투자타입":"일반",
            "전용면적(m2)":"79.13",
            "전용면적(평)":"23평",
            "법정동주소":"제주도 제주시 이도2동 405",
            "도로명주소":"제주도 제주시 승천로 27",
            "세대수":30,
            "입주년차":0,
            "용적률점수":"--",
            "건폐율점수":"--",
            "세대당주차수":0,
            "난방방식":30,
            "공급면적":"--",
            "전용률":"--",
            "욕실수":50,
            "현관타입":100,
            "주거총점":28.5,
            "지역구공급총점":100.0,
            "역세권":"NA",
            "30분내 이동가능 거점":"NA",
            "1시간내 이동가능 거점":"NA",
            "교통총점":"NA",
            "백화점":0,
            "아울렛몰":80,
            "대형마트":0,
            "은행":70,
            "병원":0,
            "종합병원":100,
            "공원":100,
            "혐오시설":0,
            "인프라총점":38.0,
            "초등학군":90.0,
            "중학군":49.0,
            "학군총점":57.2,
            "인구수":53.4,
            "인구증감":2.01,
            "인구총점":37.983,
            "일자리":32.81,
            "소득수준":58.26,
            "일자리총점":40.445,
            "가치 총점":39.475,
            "매매실거래년":"18000101",
            "매매실거래가":null,
            "전세실거래년":null,
            "전세실거래가":null,
            "전세가율":null,
            "장기전세가율평균":69.13,
            "전세가율거품지수":null,
            "검색코드":17169,
            "세대수":312.0,
            "준공년월":"1993-03-24",
            "준공년차":30.0,
            "가까운역이름":"NA",
            "가까운역거리":"NA",
            "역세권여부":"NA",
            "30분이내주요거점역":"NA",
            "30분거점역이름":"NA",
            "1시간이내주요거점역":"NA",
            "1시간거점역이름":"NA",
            "3km이내백화점수":0,
            "5km이내아울렛몰수":1,
            "1km이내대형먀트수":0,
            "500m이내은행수":3,
            "500m이내병원수":0,
            "5km이내대형병원수":3,
            "500m이내공원수":10,
            "3km이내혐오시설수":0,
            "초등학교학업성취도":90.0,
            "중학교학업성취도":80.2,
            "용적률":97,
            "건폐율":28,
            "Y":33.496283,
            "X":126.540323,
            "rank":60.0,
            "area_info":"23평(79.13), 24평(80.5)",
            "last_sales":"1800-01-01,nan,23평(79.13)",
            "rank_history":[
                [
                    "202202",
                    60
                ],
                [
                    "202201",
                    61
                ]
            ],
            "rank_gap":1
        },
        {
            "index":319,
            "아파트명":"영도갤럭시타운(도시형)",
            "투자타입":"일반",
            "전용면적(m2)":"34.49",
            "전용면적(평)":"10평",
            "법정동주소":"제주도 제주시 이도2동 1011-3",
            "도로명주소":"제주도 제주시 중앙로 266",
            "세대수":0,
            "입주년차":80,
            "용적률점수":"--",
            "건폐율점수":"--",
            "세대당주차수":0,
            "난방방식":30,
            "공급면적":"--",
            "전용률":"--",
            "욕실수":50,
            "현관타입":10,
            "주거총점":25.0,
            "지역구공급총점":100.0,
            "역세권":"NA",
            "30분내 이동가능 거점":"NA",
            "1시간내 이동가능 거점":"NA",
            "교통총점":"NA",
            "백화점":0,
            "아울렛몰":80,
            "대형마트":0,
            "은행":100,
            "병원":0,
            "종합병원":100,
            "공원":100,
            "혐오시설":0,
            "인프라총점":41.0,
            "초등학군":89.99,
            "중학군":49.0,
            "학군총점":57.198,
            "인구수":53.4,
            "인구증감":2.01,
            "인구총점":37.983,
            "일자리":32.81,
            "소득수준":58.26,
            "일자리총점":40.445,
            "가치 총점":39.4495,
            "매매실거래년":20211114.0,
            "매매실거래가":12500.0,
            "전세실거래년":20210519.0,
            "전세실거래가":9000.0,
            "전세가율":72.0,
            "장기전세가율평균":69.13,
            "전세가율거품지수":-2.87,
            "검색코드":115260,
            "세대수":207.0,
            "준공년월":"2017-11-06",
            "준공년차":6.0,
            "가까운역이름":"NA",
            "가까운역거리":"NA",
            "역세권여부":"NA",
            "30분이내주요거점역":"NA",
            "30분거점역이름":"NA",
            "1시간이내주요거점역":"NA",
            "1시간거점역이름":"NA",
            "3km이내백화점수":0,
            "5km이내아울렛몰수":1,
            "1km이내대형먀트수":0,
            "500m이내은행수":6,
            "500m이내병원수":0,
            "5km이내대형병원수":4,
            "500m이내공원수":5,
            "3km이내혐오시설수":0,
            "초등학교학업성취도":89.99,
            "중학교학업성취도":80.2,
            "용적률":554,
            "건폐율":77,
            "Y":33.496207,
            "X":126.531764,
            "rank":61.0,
            "area_info":"10평(34.49), 16평(53.04)",
            "last_sales":"2021-11-14,12500.0,10평(34.49)",
            "rank_history":[
                [
                    "202202",
                    61
                ],
                [
                    "202201",
                    54
                ]
            ],
            "rank_gap":-7
        },
        {
            "index":28,
            "아파트명":"노형수선화",
            "투자타입":"일반",
            "전용면적(m2)":"66.14",
            "전용면적(평)":"20평",
            "법정동주소":"제주도 제주시 노형동 1058-1",
            "도로명주소":"제주도 제주시 수덕로 25",
            "세대수":0,
            "입주년차":0,
            "용적률점수":"--",
            "건폐율점수":"--",
            "세대당주차수":0,
            "난방방식":30,
            "공급면적":"--",
            "전용률":"--",
            "욕실수":50,
            "현관타입":100,
            "주거총점":18.0,
            "지역구공급총점":100.0,
            "역세권":"NA",
            "30분내 이동가능 거점":"NA",
            "1시간내 이동가능 거점":"NA",
            "교통총점":"NA",
            "백화점":0,
            "아울렛몰":0,
            "대형마트":100,
            "은행":70,
            "병원":0,
            "종합병원":100,
            "공원":100,
            "혐오시설":0,
            "인프라총점":45.0,
            "초등학군":90.0,
            "중학군":50.72,
            "학군총점":58.576,
            "인구수":53.4,
            "인구증감":2.01,
            "인구총점":37.983,
            "일자리":32.81,
            "소득수준":58.26,
            "일자리총점":40.445,
            "가치 총점":38.944,
            "매매실거래년":20210503.0,
            "매매실거래가":21100.0,
            "전세실거래년":20211113.0,
            "전세실거래가":24500.0,
            "전세가율":116.11,
            "장기전세가율평균":69.13,
            "전세가율거품지수":-46.98,
            "검색코드":7792,
            "세대수":120.0,
            "준공년월":"1994-12-03",
            "준공년차":29.0,
            "가까운역이름":"NA",
            "가까운역거리":"NA",
            "역세권여부":"NA",
            "30분이내주요거점역":"NA",
            "30분거점역이름":"NA",
            "1시간이내주요거점역":"NA",
            "1시간거점역이름":"NA",
            "3km이내백화점수":0,
            "5km이내아울렛몰수":0,
            "1km이내대형먀트수":3,
            "500m이내은행수":4,
            "500m이내병원수":0,
            "5km이내대형병원수":3,
            "500m이내공원수":9,
            "3km이내혐오시설수":0,
            "초등학교학업성취도":90.0,
            "중학교학업성취도":81.4,
            "용적률":200,
            "건폐율":52,
            "Y":33.48741,
            "X":126.47468,
            "rank":62.0,
            "area_info":"20평(66.14)",
            "last_sales":"2021-05-03,21100.0,20평(66.14)",
            "rank_history":[
                [
                    "202202",
                    62
                ],
                [
                    "202201",
                    51
                ]
            ],
            "rank_gap":-11
        },
        {
            "index":0,
            "아파트명":"제주건입현대",
            "투자타입":"일반",
            "전용면적(m2)":"85.5",
            "전용면적(평)":"25평",
            "법정동주소":"제주도 제주시 건입동 940-3",
            "도로명주소":"제주도 제주시 만덕로3길 26",
            "세대수":50,
            "입주년차":0,
            "용적률점수":"--",
            "건폐율점수":"--",
            "세대당주차수":0,
            "난방방식":30,
            "공급면적":"--",
            "전용률":"--",
            "욕실수":50,
            "현관타입":100,
            "주거총점":35.5,
            "지역구공급총점":100.0,
            "역세권":"NA",
            "30분내 이동가능 거점":"NA",
            "1시간내 이동가능 거점":"NA",
            "교통총점":"NA",
            "백화점":0,
            "아울렛몰":80,
            "대형마트":0,
            "은행":0,
            "병원":0,
            "종합병원":100,
            "공원":0,
            "혐오시설":0,
            "인프라총점":28.0,
            "초등학군":90.0,
            "중학군":53.94,
            "학군총점":61.152,
            "인구수":53.4,
            "인구증감":2.01,
            "인구총점":37.983,
            "일자리":32.81,
            "소득수준":58.26,
            "일자리총점":40.445,
            "가치 총점":38.913,
            "매매실거래년":20211129.0,
            "매매실거래가":24700.0,
            "전세실거래년":20211128.0,
            "전세실거래가":17500.0,
            "전세가율":70.85,
            "장기전세가율평균":69.13,
            "전세가율거품지수":-1.72,
            "검색코드":7784,
            "세대수":448.0,
            "준공년월":"1993-09-01",
            "준공년차":30.0,
            "가까운역이름":"NA",
            "가까운역거리":"NA",
            "역세권여부":"NA",
            "30분이내주요거점역":"NA",
            "30분거점역이름":"NA",
            "1시간이내주요거점역":"NA",
            "1시간거점역이름":"NA",
            "3km이내백화점수":0,
            "5km이내아울렛몰수":1,
            "1km이내대형먀트수":0,
            "500m이내은행수":0,
            "500m이내병원수":0,
            "5km이내대형병원수":2,
            "500m이내공원수":0,
            "3km이내혐오시설수":0,
            "초등학교학업성취도":90.0,
            "중학교학업성취도":88.9,
            "용적률":162,
            "건폐율":29,
            "Y":33.51694,
            "X":126.53446,
            "rank":63.0,
            "area_info":"25평(85.5), 31평(104.23), 31평(104.84), 50평(165.65)",
            "last_sales":"2021-11-29,24700.0,25평(85.5)",
            "rank_history":[
                [
                    "202202",
                    63
                ],
                [
                    "202201",
                    59
                ]
            ],
            "rank_gap":-4
        },
        {
            "index":350,
            "아파트명":"일도성환",
            "투자타입":"일반",
            "전용면적(m2)":"72.6",
            "전용면적(평)":"21평",
            "법정동주소":"제주도 제주시 일도2동 113-3",
            "도로명주소":"제주도 제주시 태성로 23",
            "세대수":0,
            "입주년차":0,
            "용적률점수":"--",
            "건폐율점수":"--",
            "세대당주차수":0,
            "난방방식":30,
            "공급면적":"--",
            "전용률":"--",
            "욕실수":50,
            "현관타입":100,
            "주거총점":18.0,
            "지역구공급총점":100.0,
            "역세권":"NA",
            "30분내 이동가능 거점":"NA",
            "1시간내 이동가능 거점":"NA",
            "교통총점":"NA",
            "백화점":0,
            "아울렛몰":80,
            "대형마트":80,
            "은행":0,
            "병원":0,
            "종합병원":100,
            "공원":100,
            "혐오시설":0,
            "인프라총점":43.0,
            "초등학군":90.0,
            "중학군":53.94,
            "학군총점":61.152,
            "인구수":53.4,
            "인구증감":2.01,
            "인구총점":37.983,
            "일자리":32.81,
            "소득수준":58.26,
            "일자리총점":40.445,
            "가치 총점":38.788,
            "매매실거래년":20210925.0,
            "매매실거래가":30700.0,
            "전세실거래년":20220104.0,
            "전세실거래가":18000.0,
            "전세가율":58.63,
            "장기전세가율평균":69.13,
            "전세가율거품지수":10.5,
            "검색코드":15190,
            "세대수":189.0,
            "준공년월":"1995-04-14",
            "준공년차":28.0,
            "가까운역이름":"NA",
            "가까운역거리":"NA",
            "역세권여부":"NA",
            "30분이내주요거점역":"NA",
            "30분거점역이름":"NA",
            "1시간이내주요거점역":"NA",
            "1시간거점역이름":"NA",
            "3km이내백화점수":0,
            "5km이내아울렛몰수":1,
            "1km이내대형먀트수":1,
            "500m이내은행수":0,
            "500m이내병원수":0,
            "5km이내대형병원수":3,
            "500m이내공원수":2,
            "3km이내혐오시설수":0,
            "초등학교학업성취도":90.0,
            "중학교학업성취도":88.9,
            "용적률":116,
            "건폐율":30,
            "Y":33.50147,
            "X":126.549782,
            "rank":64.0,
            "area_info":"21평(72.6), 27평(92.17)",
            "last_sales":"2021-09-25,30700.0,21평(72.6)",
            "rank_history":[
                [
                    "202202",
                    64
                ],
                [
                    "202201",
                    85
                ]
            ],
            "rank_gap":21
        },
        {
            "index":170,
            "아파트명":"제주하귀휴먼시아1단지",
            "투자타입":"일반",
            "전용면적(m2)":"111.63",
            "전용면적(평)":"33평",
            "법정동주소":"제주도 제주시 애월읍 하귀1리 167",
            "도로명주소":"제주도 제주시 하귀9길 45",
            "세대수":50,
            "입주년차":60,
            "용적률점수":"--",
            "건폐율점수":"--",
            "세대당주차수":30,
            "난방방식":30,
            "공급면적":"--",
            "전용률":"--",
            "욕실수":100,
            "현관타입":100,
            "주거총점":57.0,
            "지역구공급총점":100.0,
            "역세권":"NA",
            "30분내 이동가능 거점":"NA",
            "1시간내 이동가능 거점":"NA",
            "교통총점":"NA",
            "백화점":0,
            "아울렛몰":0,
            "대형마트":80,
            "은행":0,
            "병원":0,
            "종합병원":0,
            "공원":100,
            "혐오시설":0,
            "인프라총점":15.0,
            "초등학군":89.99,
            "중학군":41.4,
            "학군총점":51.118,
            "인구수":53.4,
            "인구증감":2.01,
            "인구총점":37.983,
            "일자리":32.81,
            "소득수준":58.26,
            "일자리총점":40.445,
            "가치 총점":38.7295,
            "매매실거래년":20220127.0,
            "매매실거래가":49000.0,
            "전세실거래년":20210110.0,
            "전세실거래가":25000.0,
            "전세가율":51.02,
            "장기전세가율평균":69.13,
            "전세가율거품지수":18.11,
            "검색코드":102372,
            "세대수":445.0,
            "준공년월":"2010-09-30",
            "준공년차":13.0,
            "가까운역이름":"NA",
            "가까운역거리":"NA",
            "역세권여부":"NA",
            "30분이내주요거점역":"NA",
            "30분거점역이름":"NA",
            "1시간이내주요거점역":"NA",
            "1시간거점역이름":"NA",
            "3km이내백화점수":0,
            "5km이내아울렛몰수":0,
            "1km이내대형먀트수":1,
            "500m이내은행수":0,
            "500m이내병원수":0,
            "5km이내대형병원수":0,
            "500m이내공원수":3,
            "3km이내혐오시설수":0,
            "초등학교학업성취도":89.99,
            "중학교학업성취도":67.2,
            "용적률":124,
            "건폐율":18,
            "Y":33.482445,
            "X":126.416343,
            "rank":65.0,
            "area_info":"33평(111.63), 33평(111.78), 33평(111.76), 33평(111.8), 33평(111.96), 33평(111.56), 33평(111.62)",
            "last_sales":"2022-01-27,49000.0,33평(111.63)",
            "rank_history":[
                [
                    "202202",
                    65
                ],
                [
                    "202201",
                    64
                ]
            ],
            "rank_gap":-1
        },
        {
            "index":363,
            "아파트명":"제주일도대림1차",
            "투자타입":"일반",
            "전용면적(m2)":"90.09",
            "전용면적(평)":"27평",
            "법정동주소":"제주도 제주시 일도2동 113-4",
            "도로명주소":"제주도 제주시 태성로 31",
            "세대수":0,
            "입주년차":0,
            "용적률점수":"--",
            "건폐율점수":"--",
            "세대당주차수":0,
            "난방방식":30,
            "공급면적":"--",
            "전용률":"--",
            "욕실수":50,
            "현관타입":100,
            "주거총점":18.0,
            "지역구공급총점":100.0,
            "역세권":"NA",
            "30분내 이동가능 거점":"NA",
            "1시간내 이동가능 거점":"NA",
            "교통총점":"NA",
            "백화점":0,
            "아울렛몰":80,
            "대형마트":80,
            "은행":0,
            "병원":0,
            "종합병원":100,
            "공원":80,
            "혐오시설":0,
            "인프라총점":42.4,
            "초등학군":90.0,
            "중학군":53.94,
            "학군총점":61.152,
            "인구수":53.4,
            "인구증감":2.01,
            "인구총점":37.983,
            "일자리":32.81,
            "소득수준":58.26,
            "일자리총점":40.445,
            "가치 총점":38.548,
            "매매실거래년":20211211.0,
            "매매실거래가":42000.0,
            "전세실거래년":20211123.0,
            "전세실거래가":17000.0,
            "전세가율":40.48,
            "장기전세가율평균":69.13,
            "전세가율거품지수":28.65,
            "검색코드":7824,
            "세대수":168.0,
            "준공년월":"1994-10-01",
            "준공년차":29.0,
            "가까운역이름":"NA",
            "가까운역거리":"NA",
            "역세권여부":"NA",
            "30분이내주요거점역":"NA",
            "30분거점역이름":"NA",
            "1시간이내주요거점역":"NA",
            "1시간거점역이름":"NA",
            "3km이내백화점수":0,
            "5km이내아울렛몰수":1,
            "1km이내대형먀트수":1,
            "500m이내은행수":0,
            "500m이내병원수":0,
            "5km이내대형병원수":3,
            "500m이내공원수":1,
            "3km이내혐오시설수":0,
            "초등학교학업성취도":90.0,
            "중학교학업성취도":88.9,
            "용적률":110,
            "건폐율":28,
            "Y":33.5009,
            "X":126.55018,
            "rank":66.0,
            "area_info":"27평(90.09)",
            "last_sales":"2021-12-11,42000.0,27평(90.09)",
            "rank_history":[
                [
                    "202202",
                    66
                ],
                [
                    "202201",
                    86
                ]
            ],
            "rank_gap":20
        },
        {
            "index":364,
            "아파트명":"제주일도대림2차",
            "투자타입":"일반",
            "전용면적(m2)":"90.61",
            "전용면적(평)":"27평",
            "법정동주소":"제주도 제주시 일도2동 113-5",
            "도로명주소":"제주도 제주시 태성로 39",
            "세대수":0,
            "입주년차":0,
            "용적률점수":"--",
            "건폐율점수":"--",
            "세대당주차수":0,
            "난방방식":30,
            "공급면적":"--",
            "전용률":"--",
            "욕실수":50,
            "현관타입":100,
            "주거총점":18.0,
            "지역구공급총점":100.0,
            "역세권":"NA",
            "30분내 이동가능 거점":"NA",
            "1시간내 이동가능 거점":"NA",
            "교통총점":"NA",
            "백화점":0,
            "아울렛몰":80,
            "대형마트":80,
            "은행":0,
            "병원":0,
            "종합병원":100,
            "공원":80,
            "혐오시설":0,
            "인프라총점":42.4,
            "초등학군":90.0,
            "중학군":53.94,
            "학군총점":61.152,
            "인구수":53.4,
            "인구증감":2.01,
            "인구총점":37.983,
            "일자리":32.81,
            "소득수준":58.26,
            "일자리총점":40.445,
            "가치 총점":38.548,
            "매매실거래년":20220113.0,
            "매매실거래가":45000.0,
            "전세실거래년":20220118.0,
            "전세실거래가":18000.0,
            "전세가율":40.0,
            "장기전세가율평균":69.13,
            "전세가율거품지수":29.13,
            "검색코드":7826,
            "세대수":179.0,
            "준공년월":"1995-08-24",
            "준공년차":28.0,
            "가까운역이름":"NA",
            "가까운역거리":"NA",
            "역세권여부":"NA",
            "30분이내주요거점역":"NA",
            "30분거점역이름":"NA",
            "1시간이내주요거점역":"NA",
            "1시간거점역이름":"NA",
            "3km이내백화점수":0,
            "5km이내아울렛몰수":1,
            "1km이내대형먀트수":1,
            "500m이내은행수":0,
            "500m이내병원수":0,
            "5km이내대형병원수":3,
            "500m이내공원수":1,
            "3km이내혐오시설수":0,
            "초등학교학업성취도":90.0,
            "중학교학업성취도":88.9,
            "용적률":110,
            "건폐율":22,
            "Y":33.5005,
            "X":126.5505,
            "rank":66.0,
            "area_info":"27평(90.61)",
            "last_sales":"2022-01-13,45000.0,27평(90.61)",
            "rank_history":[
                [
                    "202202",
                    66
                ],
                [
                    "202201",
                    86
                ]
            ],
            "rank_gap":20
        },
        {
            "index":67,
            "아파트명":"도남e-편한세상2차",
            "투자타입":"일반",
            "전용면적(m2)":"111.39",
            "전용면적(평)":"33평",
            "법정동주소":"제주도 제주시 도남동 902",
            "도로명주소":"제주도 제주시 서광로22길 32",
            "세대수":0,
            "입주년차":40,
            "용적률점수":"--",
            "건폐율점수":"--",
            "세대당주차수":30,
            "난방방식":30,
            "공급면적":"--",
            "전용률":"--",
            "욕실수":100,
            "현관타입":50,
            "주거총점":30.5,
            "지역구공급총점":100.0,
            "역세권":"NA",
            "30분내 이동가능 거점":"NA",
            "1시간내 이동가능 거점":"NA",
            "교통총점":"NA",
            "백화점":0,
            "아울렛몰":80,
            "대형마트":0,
            "은행":0,
            "병원":0,
            "종합병원":100,
            "공원":100,
            "혐오시설":0,
            "인프라총점":31.0,
            "초등학군":89.99,
            "중학군":51.6,
            "학군총점":59.278,
            "인구수":53.4,
            "인구증감":2.01,
            "인구총점":37.983,
            "일자리":32.81,
            "소득수준":58.26,
            "일자리총점":40.445,
            "가치 총점":37.8945,
            "매매실거래년":20211012.0,
            "매매실거래가":50000.0,
            "전세실거래년":20201202.0,
            "전세실거래가":30000.0,
            "전세가율":60.0,
            "장기전세가율평균":69.13,
            "전세가율거품지수":9.13,
            "검색코드":19477,
            "세대수":193.0,
            "준공년월":"2005-01-24",
            "준공년차":18.0,
            "가까운역이름":"NA",
            "가까운역거리":"NA",
            "역세권여부":"NA",
            "30분이내주요거점역":"NA",
            "30분거점역이름":"NA",
            "1시간이내주요거점역":"NA",
            "1시간거점역이름":"NA",
            "3km이내백화점수":0,
            "5km이내아울렛몰수":1,
            "1km이내대형먀트수":0,
            "500m이내은행수":1,
            "500m이내병원수":0,
            "5km이내대형병원수":5,
            "500m이내공원수":2,
            "3km이내혐오시설수":0,
            "초등학교학업성취도":89.99,
            "중학교학업성취도":84.4,
            "용적률":203,
            "건폐율":25,
            "Y":33.497551,
            "X":126.522536,
            "rank":67.0,
            "area_info":"33평(111.39), 39평(130.35), 46평(152.27)",
            "last_sales":"2021-10-12,50000.0,33평(111.39)",
            "rank_history":[
                [
                    "202202",
                    67
                ],
                [
                    "202201",
                    58
                ]
            ],
            "rank_gap":-9
        },
        {
            "index":205,
            "아파트명":"미도스카이빌",
            "투자타입":"일반",
            "전용면적(m2)":"33.52",
            "전용면적(평)":"10평",
            "법정동주소":"제주도 제주시 연동 284-5",
            "도로명주소":"제주도 제주시 노연로 118-1",
            "세대수":0,
            "입주년차":60,
            "용적률점수":"--",
            "건폐율점수":"--",
            "세대당주차수":0,
            "난방방식":30,
            "공급면적":"--",
            "전용률":"--",
            "욕실수":50,
            "현관타입":10,
            "주거총점":21.0,
            "지역구공급총점":100.0,
            "역세권":"NA",
            "30분내 이동가능 거점":"NA",
            "1시간내 이동가능 거점":"NA",
            "교통총점":"NA",
            "백화점":0,
            "아울렛몰":80,
            "대형마트":0,
            "은행":70,
            "병원":0,
            "종합병원":100,
            "공원":100,
            "혐오시설":0,
            "인프라총점":38.0,
            "초등학군":90.01,
            "중학군":53.68,
            "학군총점":60.946,
            "인구수":53.4,
            "인구증감":2.01,
            "인구총점":37.983,
            "일자리":32.81,
            "소득수준":58.26,
            "일자리총점":40.445,
            "가치 총점":37.7865,
            "매매실거래년":20170323.0,
            "매매실거래가":12600.0,
            "전세실거래년":null,
            "전세실거래가":null,
            "전세가율":null,
            "장기전세가율평균":69.13,
            "전세가율거품지수":null,
            "검색코드":117659,
            "세대수":120.0,
            "준공년월":"2012-12-26",
            "준공년차":11.0,
            "가까운역이름":"NA",
            "가까운역거리":"NA",
            "역세권여부":"NA",
            "30분이내주요거점역":"NA",
            "30분거점역이름":"NA",
            "1시간이내주요거점역":"NA",
            "1시간거점역이름":"NA",
            "3km이내백화점수":0,
            "5km이내아울렛몰수":1,
            "1km이내대형먀트수":0,
            "500m이내은행수":3,
            "500m이내병원수":0,
            "5km이내대형병원수":3,
            "500m이내공원수":4,
            "3km이내혐오시설수":0,
            "초등학교학업성취도":90.01,
            "중학교학업성취도":88.0,
            "용적률":649,
            "건폐율":79,
            "Y":33.485556,
            "X":126.492824,
            "rank":68.0,
            "area_info":"10평(33.52), 11평(37.66), 11평(37.3), 11평(37.73), 16평(55.35)",
            "last_sales":"2017-03-23,12600.0,11평(37.73)",
            "rank_history":[
                [
                    "202202",
                    68
                ],
                [
                    "202201",
                    60
                ]
            ],
            "rank_gap":-8
        },
        {
            "index":289,
            "아파트명":"장원하이빌",
            "투자타입":"일반",
            "전용면적(m2)":"104.7",
            "전용면적(평)":"31평",
            "법정동주소":"제주도 제주시 용담2동 2706-1",
            "도로명주소":"제주도 제주시 용문로14길 14",
            "세대수":0,
            "입주년차":40,
            "용적률점수":"--",
            "건폐율점수":"--",
            "세대당주차수":30,
            "난방방식":30,
            "공급면적":"--",
            "전용률":"--",
            "욕실수":100,
            "현관타입":100,
            "주거총점":35.5,
            "지역구공급총점":100.0,
            "역세권":"NA",
            "30분내 이동가능 거점":"NA",
            "1시간내 이동가능 거점":"NA",
            "교통총점":"NA",
            "백화점":0,
            "아울렛몰":80,
            "대형마트":0,
            "은행":0,
            "병원":0,
            "종합병원":100,
            "공원":0,
            "혐오시설":0,
            "인프라총점":28.0,
            "초등학군":90.0,
            "중학군":44.2,
            "학군총점":53.36,
            "인구수":53.4,
            "인구증감":2.01,
            "인구총점":37.983,
            "일자리":32.81,
            "소득수준":58.26,
            "일자리총점":40.445,
            "가치 총점":36.965,
            "매매실거래년":20211210.0,
            "매매실거래가":25000.0,
            "전세실거래년":20210917.0,
            "전세실거래가":10000.0,
            "전세가율":40.0,
            "장기전세가율평균":69.13,
            "전세가율거품지수":29.13,
            "검색코드":119615,
            "세대수":109.0,
            "준공년월":"2007-02-16",
            "준공년차":16.0,
            "가까운역이름":"NA",
            "가까운역거리":"NA",
            "역세권여부":"NA",
            "30분이내주요거점역":"NA",
            "30분거점역이름":"NA",
            "1시간이내주요거점역":"NA",
            "1시간거점역이름":"NA",
            "3km이내백화점수":0,
            "5km이내아울렛몰수":1,
            "1km이내대형먀트수":0,
            "500m이내은행수":1,
            "500m이내병원수":0,
            "5km이내대형병원수":4,
            "500m이내공원수":0,
            "3km이내혐오시설수":0,
            "초등학교학업성취도":90.0,
            "중학교학업성취도":72.6,
            "용적률":223,
            "건폐율":32,
            "Y":33.505864,
            "X":126.510155,
            "rank":69.0,
            "area_info":"31평(104.7)",
            "last_sales":"2021-12-10,25000.0,31평(104.7)",
            "rank_history":[
                [
                    "202202",
                    69
                ],
                [
                    "202201",
                    69
                ]
            ],
            "rank_gap":0
        },
        {
            "index":388,
            "아파트명":"오션월드",
            "투자타입":"일반",
            "전용면적(m2)":"41.16",
            "전용면적(평)":"12평",
            "법정동주소":"제주도 제주시 화북1동 1937-1",
            "도로명주소":"제주도 제주시 진동로 8",
            "세대수":0,
            "입주년차":60,
            "용적률점수":"--",
            "건폐율점수":"--",
            "세대당주차수":0,
            "난방방식":30,
            "공급면적":"--",
            "전용률":"--",
            "욕실수":100,
            "현관타입":100,
            "주거총점":35.0,
            "지역구공급총점":100.0,
            "역세권":"NA",
            "30분내 이동가능 거점":"NA",
            "1시간내 이동가능 거점":"NA",
            "교통총점":"NA",
            "백화점":0,
            "아울렛몰":80,
            "대형마트":0,
            "은행":0,
            "병원":0,
            "종합병원":80,
            "공원":100,
            "혐오시설":0,
            "인프라총점":27.0,
            "초등학군":89.99,
            "중학군":44.16,
            "학군총점":53.326,
            "인구수":53.4,
            "인구증감":2.01,
            "인구총점":37.983,
            "일자리":32.81,
            "소득수준":58.26,
            "일자리총점":40.445,
            "가치 총점":36.3815,
            "매매실거래년":20210712.0,
            "매매실거래가":10300.0,
            "전세실거래년":20180618.0,
            "전세실거래가":4000.0,
            "전세가율":38.83,
            "장기전세가율평균":69.13,
            "전세가율거품지수":30.3,
            "검색코드":127769,
            "세대수":120.0,
            "준공년월":"2013-08-21",
            "준공년차":10.0,
            "가까운역이름":"NA",
            "가까운역거리":"NA",
            "역세권여부":"NA",
            "30분이내주요거점역":"NA",
            "30분거점역이름":"NA",
            "1시간이내주요거점역":"NA",
            "1시간거점역이름":"NA",
            "3km이내백화점수":0,
            "5km이내아울렛몰수":1,
            "1km이내대형먀트수":0,
            "500m이내은행수":1,
            "500m이내병원수":0,
            "5km이내대형병원수":1,
            "500m이내공원수":7,
            "3km이내혐오시설수":0,
            "초등학교학업성취도":89.99,
            "중학교학업성취도":73.2,
            "용적률":436,
            "건폐율":55,
            "Y":33.519999,
            "X":126.568932,
            "rank":70.0,
            "area_info":"12평(41.16), 16평(55.4), 17평(57.94), 19평(64.76)",
            "last_sales":"2021-07-12,10300.0,12평(41.16)",
            "rank_history":[
                [
                    "202202",
                    70
                ],
                [
                    "202201",
                    65
                ]
            ],
            "rank_gap":-5
        },
        {
            "index":34,
            "아파트명":"노형청목더웰(도시형)",
            "투자타입":"일반",
            "전용면적(m2)":"82.39",
            "전용면적(평)":"24평",
            "법정동주소":"제주도 제주시 노형동 3586",
            "도로명주소":"제주도 제주시 월산북길 49",
            "세대수":0,
            "입주년차":80,
            "용적률점수":"--",
            "건폐율점수":"--",
            "세대당주차수":0,
            "난방방식":30,
            "공급면적":"--",
            "전용률":"--",
            "욕실수":100,
            "현관타입":100,
            "주거총점":39.0,
            "지역구공급총점":100.0,
            "역세권":"NA",
            "30분내 이동가능 거점":"NA",
            "1시간내 이동가능 거점":"NA",
            "교통총점":"NA",
            "백화점":0,
            "아울렛몰":0,
            "대형마트":0,
            "은행":0,
            "병원":0,
            "종합병원":100,
            "공원":0,
            "혐오시설":0,
            "인프라총점":20.0,
            "초등학군":89.99,
            "중학군":50.72,
            "학군총점":58.574,
            "인구수":53.4,
            "인구증감":2.01,
            "인구총점":37.983,
            "일자리":32.81,
            "소득수준":58.26,
            "일자리총점":40.445,
            "가치 총점":36.2935,
            "매매실거래년":"18000101",
            "매매실거래가":null,
            "전세실거래년":null,
            "전세실거래가":null,
            "전세가율":null,
            "장기전세가율평균":69.13,
            "전세가율거품지수":null,
            "검색코드":115259,
            "세대수":104.0,
            "준공년월":"2018-03-01",
            "준공년차":5.0,
            "가까운역이름":"NA",
            "가까운역거리":"NA",
            "역세권여부":"NA",
            "30분이내주요거점역":"NA",
            "30분거점역이름":"NA",
            "1시간이내주요거점역":"NA",
            "1시간거점역이름":"NA",
            "3km이내백화점수":0,
            "5km이내아울렛몰수":0,
            "1km이내대형먀트수":0,
            "500m이내은행수":0,
            "500m이내병원수":0,
            "5km이내대형병원수":2,
            "500m이내공원수":0,
            "3km이내혐오시설수":0,
            "초등학교학업성취도":89.99,
            "중학교학업성취도":81.4,
            "용적률":99,
            "건폐율":32,
            "Y":33.475936,
            "X":126.461268,
            "rank":71.0,
            "area_info":"24평(82.39), 28평(93.01)",
            "last_sales":"1800-01-01,nan,24평(82.39)",
            "rank_history":[
                [
                    "202202",
                    71
                ],
                [
                    "202201",
                    73
                ]
            ],
            "rank_gap":2
        },
        {
            "index":218,
            "아파트명":"제원2차",
            "투자타입":"재건축",
            "전용면적(m2)":"96.29",
            "전용면적(평)":"29평",
            "법정동주소":"제주도 제주시 연동 251-16",
            "도로명주소":"제주도 제주시 신광로6길 26",
            "세대수":0,
            "입주년차":"--",
            "용적률점수":0,
            "건폐율점수":0,
            "세대당주차수":"--",
            "난방방식":"--",
            "공급면적":70,
            "전용률":100,
            "욕실수":"--",
            "현관타입":"--",
            "주거총점":8.5,
            "지역구공급총점":100.0,
            "역세권":"NA",
            "30분내 이동가능 거점":"NA",
            "1시간내 이동가능 거점":"NA",
            "교통총점":"NA",
            "백화점":0,
            "아울렛몰":80,
            "대형마트":100,
            "은행":20,
            "병원":0,
            "종합병원":100,
            "공원":100,
            "혐오시설":0,
            "인프라총점":48.0,
            "초등학군":89.98,
            "중학군":47.54,
            "학군총점":56.028,
            "인구수":53.4,
            "인구증감":2.01,
            "인구총점":37.983,
            "일자리":32.81,
            "소득수준":58.26,
            "일자리총점":40.445,
            "가치 총점":36.182,
            "매매실거래년":20210916.0,
            "매매실거래가":74500.0,
            "전세실거래년":20200917.0,
            "전세실거래가":12000.0,
            "전세가율":25.26,
            "장기전세가율평균":69.13,
            "전세가율거품지수":43.87,
            "검색코드":104462,
            "세대수":150.0,
            "준공년월":"1979-01-04",
            "준공년차":44.0,
            "가까운역이름":"NA",
            "가까운역거리":"NA",
            "역세권여부":"NA",
            "30분이내주요거점역":"NA",
            "30분거점역이름":"NA",
            "1시간이내주요거점역":"NA",
            "1시간거점역이름":"NA",
            "3km이내백화점수":0,
            "5km이내아울렛몰수":1,
            "1km이내대형먀트수":2,
            "500m이내은행수":2,
            "500m이내병원수":0,
            "5km이내대형병원수":3,
            "500m이내공원수":4,
            "3km이내혐오시설수":0,
            "초등학교학업성취도":89.98,
            "중학교학업성취도":78.3,
            "용적률":0,
            "건폐율":0,
            "Y":33.487865,
            "X":126.487204,
            "rank":72.0,
            "area_info":"29평(96.29), 29평(96.12), 29평(96.16), 35평(117.98), 35평(118.14), 35평(118.24)",
            "last_sales":"2021-09-16,74500.0,35평(118.14)",
            "rank_history":[
                [
                    "202202",
                    72
                ],
                [
                    "202201",
                    78
                ]
            ],
            "rank_gap":6
        },
        {
            "index":404,
            "아파트명":"황사평갤럭시타운",
            "투자타입":"일반",
            "전용면적(m2)":"60.01",
            "전용면적(평)":"18평",
            "법정동주소":"제주도 제주시 화북2동 5466-2",
            "도로명주소":"제주도 제주시 황사평6길 58",
            "세대수":0,
            "입주년차":60,
            "용적률점수":"--",
            "건폐율점수":"--",
            "세대당주차수":0,
            "난방방식":30,
            "공급면적":"--",
            "전용률":"--",
            "욕실수":50,
            "현관타입":100,
            "주거총점":30.0,
            "지역구공급총점":100.0,
            "역세권":"NA",
            "30분내 이동가능 거점":"NA",
            "1시간내 이동가능 거점":"NA",
            "교통총점":"NA",
            "백화점":0,
            "아울렛몰":80,
            "대형마트":0,
            "은행":0,
            "병원":0,
            "종합병원":100,
            "공원":0,
            "혐오시설":0,
            "인프라총점":28.0,
            "초등학군":90.0,
            "중학군":49.84,
            "학군총점":57.872,
            "인구수":53.4,
            "인구증감":2.01,
            "인구총점":37.983,
            "일자리":32.81,
            "소득수준":58.26,
            "일자리총점":40.445,
            "가치 총점":36.168,
            "매매실거래년":"18000101",
            "매매실거래가":null,
            "전세실거래년":null,
            "전세실거래가":null,
            "전세가율":null,
            "장기전세가율평균":69.13,
            "전세가율거품지수":null,
            "검색코드":132774,
            "세대수":120.0,
            "준공년월":"2013-12-02",
            "준공년차":10.0,
            "가까운역이름":"NA",
            "가까운역거리":"NA",
            "역세권여부":"NA",
            "30분이내주요거점역":"NA",
            "30분거점역이름":"NA",
            "1시간이내주요거점역":"NA",
            "1시간거점역이름":"NA",
            "3km이내백화점수":0,
            "5km이내아울렛몰수":1,
            "1km이내대형먀트수":0,
            "500m이내은행수":0,
            "500m이내병원수":0,
            "5km이내대형병원수":3,
            "500m이내공원수":0,
            "3km이내혐오시설수":0,
            "초등학교학업성취도":90.0,
            "중학교학업성취도":81.2,
            "용적률":86,
            "건폐율":30,
            "Y":33.493615,
            "X":126.558531,
            "rank":73.0,
            "area_info":"18평(60.01), 18평(60.02), 21평(70.51), 21평(70.51), 21평(70.52), 21평(71.28), 21평(71.57), 24평(80.92), 24평(80.93)",
            "last_sales":"1800-01-01,nan,18평(60.01)",
            "rank_history":[
                [
                    "202202",
                    73
                ],
                [
                    "202201",
                    74
                ]
            ],
            "rank_gap":1
        },
        {
            "index":24,
            "아파트명":"노형성환그린1차",
            "투자타입":"일반",
            "전용면적(m2)":"66.77",
            "전용면적(평)":"20평",
            "법정동주소":"제주도 제주시 노형동 2528-1",
            "도로명주소":"제주도 제주시 정존5길 39",
            "세대수":0,
            "입주년차":0,
            "용적률점수":"--",
            "건폐율점수":"--",
            "세대당주차수":0,
            "난방방식":30,
            "공급면적":"--",
            "전용률":"--",
            "욕실수":50,
            "현관타입":100,
            "주거총점":18.0,
            "지역구공급총점":100.0,
            "역세권":"NA",
            "30분내 이동가능 거점":"NA",
            "1시간내 이동가능 거점":"NA",
            "교통총점":"NA",
            "백화점":0,
            "아울렛몰":0,
            "대형마트":100,
            "은행":0,
            "병원":0,
            "종합병원":100,
            "공원":100,
            "혐오시설":0,
            "인프라총점":38.0,
            "초등학군":89.99,
            "중학군":50.72,
            "학군총점":58.574,
            "인구수":53.4,
            "인구증감":2.01,
            "인구총점":37.983,
            "일자리":32.81,
            "소득수준":58.26,
            "일자리총점":40.445,
            "가치 총점":36.1435,
            "매매실거래년":20210816.0,
            "매매실거래가":20000.0,
            "전세실거래년":20220103.0,
            "전세실거래가":15000.0,
            "전세가율":75.0,
            "장기전세가율평균":69.13,
            "전세가율거품지수":-5.87,
            "검색코드":7787,
            "세대수":139.0,
            "준공년월":"1996-02-10",
            "준공년차":27.0,
            "가까운역이름":"NA",
            "가까운역거리":"NA",
            "역세권여부":"NA",
            "30분이내주요거점역":"NA",
            "30분거점역이름":"NA",
            "1시간이내주요거점역":"NA",
            "1시간거점역이름":"NA",
            "3km이내백화점수":0,
            "5km이내아울렛몰수":0,
            "1km이내대형먀트수":3,
            "500m이내은행수":1,
            "500m이내병원수":0,
            "5km이내대형병원수":3,
            "500m이내공원수":13,
            "3km이내혐오시설수":0,
            "초등학교학업성취도":89.99,
            "중학교학업성취도":81.4,
            "용적률":0,
            "건폐율":0,
            "Y":33.484977,
            "X":126.471546,
            "rank":74.0,
            "area_info":"20평(66.77), 23평(77.66), 25평(83.42), 31평(104.23)",
            "last_sales":"2021-08-16,20000.0,20평(66.77)",
            "rank_history":[
                [
                    "202202",
                    74
                ],
                [
                    "202201",
                    68
                ]
            ],
            "rank_gap":-6
        },
        {
            "index":347,
            "아파트명":"서해1차",
            "투자타입":"재건축",
            "전용면적(m2)":"112.89",
            "전용면적(평)":"34평",
            "법정동주소":"제주도 제주시 일도2동 408",
            "도로명주소":"제주도 제주시 천수로9길 10",
            "세대수":0,
            "입주년차":"--",
            "용적률점수":0,
            "건폐율점수":0,
            "세대당주차수":"--",
            "난방방식":"--",
            "공급면적":90,
            "전용률":60,
            "욕실수":"--",
            "현관타입":"--",
            "주거총점":7.5,
            "지역구공급총점":100.0,
            "역세권":"NA",
            "30분내 이동가능 거점":"NA",
            "1시간내 이동가능 거점":"NA",
            "교통총점":"NA",
            "백화점":0,
            "아울렛몰":80,
            "대형마트":80,
            "은행":20,
            "병원":0,
            "종합병원":100,
            "공원":100,
            "혐오시설":0,
            "인프라총점":45.0,
            "초등학군":89.99,
            "중학군":53.94,
            "학군총점":61.15,
            "인구수":53.4,
            "인구증감":2.01,
            "인구총점":37.983,
            "일자리":32.81,
            "소득수준":58.26,
            "일자리총점":40.445,
            "가치 총점":35.9125,
            "매매실거래년":20211202.0,
            "매매실거래가":24500.0,
            "전세실거래년":20211214.0,
            "전세실거래가":22000.0,
            "전세가율":89.8,
            "장기전세가율평균":69.13,
            "전세가율거품지수":-20.67,
            "검색코드":7839,
            "세대수":119.0,
            "준공년월":"1984-03-28",
            "준공년차":39.0,
            "가까운역이름":"NA",
            "가까운역거리":"NA",
            "역세권여부":"NA",
            "30분이내주요거점역":"NA",
            "30분거점역이름":"NA",
            "1시간이내주요거점역":"NA",
            "1시간거점역이름":"NA",
            "3km이내백화점수":0,
            "5km이내아울렛몰수":1,
            "1km이내대형먀트수":1,
            "500m이내은행수":2,
            "500m이내병원수":0,
            "5km이내대형병원수":3,
            "500m이내공원수":6,
            "3km이내혐오시설수":0,
            "초등학교학업성취도":89.99,
            "중학교학업성취도":88.9,
            "용적률":0,
            "건폐율":0,
            "Y":33.505468,
            "X":126.542483,
            "rank":75.0,
            "area_info":"34평(112.89), 34평(113.11)",
            "last_sales":"2021-12-02,24500.0,34평(112.89)",
            "rank_history":[
                [
                    "202202",
                    75
                ],
                [
                    "202201",
                    82
                ]
            ],
            "rank_gap":7
        },
        {
            "index":343,
            "아파트명":"혜성무지개타운",
            "투자타입":"일반",
            "전용면적(m2)":"59.79",
            "전용면적(평)":"18평",
            "법정동주소":"제주도 제주시 이도2동 438",
            "도로명주소":"제주도 제주시 남광로 65",
            "세대수":0,
            "입주년차":0,
            "용적률점수":"--",
            "건폐율점수":"--",
            "세대당주차수":0,
            "난방방식":30,
            "공급면적":"--",
            "전용률":"--",
            "욕실수":50,
            "현관타입":100,
            "주거총점":18.0,
            "지역구공급총점":100.0,
            "역세권":"NA",
            "30분내 이동가능 거점":"NA",
            "1시간내 이동가능 거점":"NA",
            "교통총점":"NA",
            "백화점":0,
            "아울렛몰":80,
            "대형마트":0,
            "은행":70,
            "병원":0,
            "종합병원":100,
            "공원":100,
            "혐오시설":0,
            "인프라총점":38.0,
            "초등학군":90.0,
            "중학군":49.0,
            "학군총점":57.2,
            "인구수":53.4,
            "인구증감":2.01,
            "인구총점":37.983,
            "일자리":32.81,
            "소득수준":58.26,
            "일자리총점":40.445,
            "가치 총점":35.8,
            "매매실거래년":"18000101",
            "매매실거래가":null,
            "전세실거래년":null,
            "전세실거래가":null,
            "전세가율":null,
            "장기전세가율평균":69.13,
            "전세가율거품지수":null,
            "검색코드":15184,
            "세대수":272.0,
            "준공년월":"1995-01-23",
            "준공년차":28.0,
            "가까운역이름":"NA",
            "가까운역거리":"NA",
            "역세권여부":"NA",
            "30분이내주요거점역":"NA",
            "30분거점역이름":"NA",
            "1시간이내주요거점역":"NA",
            "1시간거점역이름":"NA",
            "3km이내백화점수":0,
            "5km이내아울렛몰수":1,
            "1km이내대형먀트수":0,
            "500m이내은행수":3,
            "500m이내병원수":0,
            "5km이내대형병원수":3,
            "500m이내공원수":8,
            "3km이내혐오시설수":0,
            "초등학교학업성취도":90.0,
            "중학교학업성취도":80.2,
            "용적률":105,
            "건폐율":36,
            "Y":33.49607,
            "X":126.54168,
            "rank":76.0,
            "area_info":"18평(59.79)",
            "last_sales":"1800-01-01,nan,18평(59.79)",
            "rank_history":[
                [
                    "202202",
                    76
                ],
                [
                    "202201",
                    72
                ]
            ],
            "rank_gap":-4
        },
        {
            "index":36,
            "아파트명":"노형탐라빌",
            "투자타입":"일반",
            "전용면적(m2)":"71.05",
            "전용면적(평)":"21평",
            "법정동주소":"제주도 제주시 노형동 2512-3",
            "도로명주소":"제주도 제주시 수덕9길 72",
            "세대수":0,
            "입주년차":20,
            "용적률점수":"--",
            "건폐율점수":"--",
            "세대당주차수":0,
            "난방방식":30,
            "공급면적":"--",
            "전용률":"--",
            "욕실수":50,
            "현관타입":50,
            "주거총점":17.0,
            "지역구공급총점":100.0,
            "역세권":"NA",
            "30분내 이동가능 거점":"NA",
            "1시간내 이동가능 거점":"NA",
            "교통총점":"NA",
            "백화점":0,
            "아울렛몰":0,
            "대형마트":100,
            "은행":0,
            "병원":0,
            "종합병원":100,
            "공원":100,
            "혐오시설":0,
            "인프라총점":38.0,
            "초등학군":89.99,
            "중학군":50.72,
            "학군총점":58.574,
            "인구수":53.4,
            "인구증감":2.01,
            "인구총점":37.983,
            "일자리":32.81,
            "소득수준":58.26,
            "일자리총점":40.445,
            "가치 총점":35.7935,
            "매매실거래년":20210722.0,
            "매매실거래가":22500.0,
            "전세실거래년":20210131.0,
            "전세실거래가":12000.0,
            "전세가율":53.33,
            "장기전세가율평균":69.13,
            "전세가율거품지수":15.8,
            "검색코드":106532,
            "세대수":124.0,
            "준공년월":"2001-05-02",
            "준공년차":22.0,
            "가까운역이름":"NA",
            "가까운역거리":"NA",
            "역세권여부":"NA",
            "30분이내주요거점역":"NA",
            "30분거점역이름":"NA",
            "1시간이내주요거점역":"NA",
            "1시간거점역이름":"NA",
            "3km이내백화점수":0,
            "5km이내아울렛몰수":0,
            "1km이내대형먀트수":2,
            "500m이내은행수":1,
            "500m이내병원수":0,
            "5km이내대형병원수":3,
            "500m이내공원수":9,
            "3km이내혐오시설수":0,
            "초등학교학업성취도":89.99,
            "중학교학업성취도":81.4,
            "용적률":219,
            "건폐율":44,
            "Y":33.48385,
            "X":126.47078,
            "rank":77.0,
            "area_info":"21평(71.05), 29평(96.37)",
            "last_sales":"2021-07-22,22500.0,21평(71.05)",
            "rank_history":[
                [
                    "202202",
                    77
                ],
                [
                    "202201",
                    70
                ]
            ],
            "rank_gap":-7
        },
        {
            "index":224,
            "아파트명":"제원3차",
            "투자타입":"재건축",
            "전용면적(m2)":"62.34",
            "전용면적(평)":"18평",
            "법정동주소":"제주도 제주시 연동 251-38",
            "도로명주소":"제주도 제주시 신광로6길 38",
            "세대수":0,
            "입주년차":"--",
            "용적률점수":0,
            "건폐율점수":0,
            "세대당주차수":"--",
            "난방방식":"--",
            "공급면적":50,
            "전용률":80,
            "욕실수":"--",
            "현관타입":"--",
            "주거총점":6.5,
            "지역구공급총점":100.0,
            "역세권":"NA",
            "30분내 이동가능 거점":"NA",
            "1시간내 이동가능 거점":"NA",
            "교통총점":"NA",
            "백화점":0,
            "아울렛몰":80,
            "대형마트":100,
            "은행":20,
            "병원":0,
            "종합병원":100,
            "공원":100,
            "혐오시설":0,
            "인프라총점":48.0,
            "초등학군":89.98,
            "중학군":47.54,
            "학군총점":56.028,
            "인구수":53.4,
            "인구증감":2.01,
            "인구총점":37.983,
            "일자리":32.81,
            "소득수준":58.26,
            "일자리총점":40.445,
            "가치 총점":35.482,
            "매매실거래년":20211223.0,
            "매매실거래가":62000.0,
            "전세실거래년":20210221.0,
            "전세실거래가":11000.0,
            "전세가율":27.5,
            "장기전세가율평균":69.13,
            "전세가율거품지수":41.63,
            "검색코드":104463,
            "세대수":200.0,
            "준공년월":"1979-08-25",
            "준공년차":44.0,
            "가까운역이름":"NA",
            "가까운역거리":"NA",
            "역세권여부":"NA",
            "30분이내주요거점역":"NA",
            "30분거점역이름":"NA",
            "1시간이내주요거점역":"NA",
            "1시간거점역이름":"NA",
            "3km이내백화점수":0,
            "5km이내아울렛몰수":1,
            "1km이내대형먀트수":2,
            "500m이내은행수":2,
            "500m이내병원수":0,
            "5km이내대형병원수":3,
            "500m이내공원수":5,
            "3km이내혐오시설수":0,
            "초등학교학업성취도":89.98,
            "중학교학업성취도":78.3,
            "용적률":0,
            "건폐율":0,
            "Y":33.488119,
            "X":126.485855,
            "rank":78.0,
            "area_info":"18평(62.34), 24평(79.93), 24평(79.94)",
            "last_sales":"2021-12-23,62000.0,24평(79.93)",
            "rank_history":[
                [
                    "202202",
                    78
                ],
                [
                    "202201",
                    80
                ]
            ],
            "rank_gap":2
        },
        {
            "index":215,
            "아파트명":"제원1차",
            "투자타입":"재건축",
            "전용면적(m2)":"48.02",
            "전용면적(평)":"14평",
            "법정동주소":"제주도 제주시 연동 261-44",
            "도로명주소":"제주도 제주시 신광로6길 13",
            "세대수":0,
            "입주년차":"--",
            "용적률점수":0,
            "건폐율점수":0,
            "세대당주차수":"--",
            "난방방식":"--",
            "공급면적":50,
            "전용률":80,
            "욕실수":"--",
            "현관타입":"--",
            "주거총점":6.5,
            "지역구공급총점":100.0,
            "역세권":"NA",
            "30분내 이동가능 거점":"NA",
            "1시간내 이동가능 거점":"NA",
            "교통총점":"NA",
            "백화점":0,
            "아울렛몰":80,
            "대형마트":100,
            "은행":20,
            "병원":0,
            "종합병원":100,
            "공원":100,
            "혐오시설":0,
            "인프라총점":48.0,
            "초등학군":89.98,
            "중학군":47.54,
            "학군총점":56.028,
            "인구수":53.4,
            "인구증감":2.01,
            "인구총점":37.983,
            "일자리":32.81,
            "소득수준":58.26,
            "일자리총점":40.445,
            "가치 총점":35.482,
            "매매실거래년":20211026.0,
            "매매실거래가":39000.0,
            "전세실거래년":20210607.0,
            "전세실거래가":7500.0,
            "전세가율":19.23,
            "장기전세가율평균":69.13,
            "전세가율거품지수":49.9,
            "검색코드":7802,
            "세대수":278.0,
            "준공년월":"1978-07-14",
            "준공년차":45.0,
            "가까운역이름":"NA",
            "가까운역거리":"NA",
            "역세권여부":"NA",
            "30분이내주요거점역":"NA",
            "30분거점역이름":"NA",
            "1시간이내주요거점역":"NA",
            "1시간거점역이름":"NA",
            "3km이내백화점수":0,
            "5km이내아울렛몰수":1,
            "1km이내대형먀트수":2,
            "500m이내은행수":2,
            "500m이내병원수":0,
            "5km이내대형병원수":3,
            "500m이내공원수":3,
            "3km이내혐오시설수":0,
            "초등학교학업성취도":89.98,
            "중학교학업성취도":78.3,
            "용적률":0,
            "건폐율":0,
            "Y":33.487827,
            "X":126.488654,
            "rank":78.0,
            "area_info":"14평(48.02), 22평(72.97), 25평(85.04)",
            "last_sales":"2021-10-26,39000.0,14평(48.02)",
            "rank_history":[
                [
                    "202202",
                    78
                ],
                [
                    "202201",
                    80
                ]
            ],
            "rank_gap":2
        },
        {
            "index":191,
            "아파트명":"대림",
            "투자타입":"재건축",
            "전용면적(m2)":"77.48",
            "전용면적(평)":"23평",
            "법정동주소":"제주도 제주시 연동 1964-2",
            "도로명주소":"제주도 제주시 성신로 9",
            "세대수":0,
            "입주년차":"--",
            "용적률점수":0,
            "건폐율점수":0,
            "세대당주차수":"--",
            "난방방식":"--",
            "공급면적":50,
            "전용률":80,
            "욕실수":"--",
            "현관타입":"--",
            "주거총점":6.5,
            "지역구공급총점":100.0,
            "역세권":"NA",
            "30분내 이동가능 거점":"NA",
            "1시간내 이동가능 거점":"NA",
            "교통총점":"NA",
            "백화점":0,
            "아울렛몰":80,
            "대형마트":100,
            "은행":20,
            "병원":0,
            "종합병원":100,
            "공원":100,
            "혐오시설":0,
            "인프라총점":48.0,
            "초등학군":89.98,
            "중학군":47.54,
            "학군총점":56.028,
            "인구수":53.4,
            "인구증감":2.01,
            "인구총점":37.983,
            "일자리":32.81,
            "소득수준":58.26,
            "일자리총점":40.445,
            "가치 총점":35.482,
            "매매실거래년":20211013.0,
            "매매실거래가":33500.0,
            "전세실거래년":20211127.0,
            "전세실거래가":22000.0,
            "전세가율":84.62,
            "장기전세가율평균":69.13,
            "전세가율거품지수":-15.49,
            "검색코드":9356,
            "세대수":109.0,
            "준공년월":"1990-12-15",
            "준공년차":33.0,
            "가까운역이름":"NA",
            "가까운역거리":"NA",
            "역세권여부":"NA",
            "30분이내주요거점역":"NA",
            "30분거점역이름":"NA",
            "1시간이내주요거점역":"NA",
            "1시간거점역이름":"NA",
            "3km이내백화점수":0,
            "5km이내아울렛몰수":1,
            "1km이내대형먀트수":2,
            "500m이내은행수":2,
            "500m이내병원수":0,
            "5km이내대형병원수":3,
            "500m이내공원수":6,
            "3km이내혐오시설수":0,
            "초등학교학업성취도":89.98,
            "중학교학업성취도":78.3,
            "용적률":0,
            "건폐율":0,
            "Y":33.49061,
            "X":126.48552,
            "rank":78.0,
            "area_info":"23평(77.48), 23평(77.29), 23평(77.16), 28평(93.36), 33평(109.69)",
            "last_sales":"2021-10-13,33500.0,23평(77.29)",
            "rank_history":[
                [
                    "202202",
                    78
                ],
                [
                    "202201",
                    80
                ]
            ],
            "rank_gap":2
        },
        {
            "index":284,
            "아파트명":"해밀마루",
            "투자타입":"일반",
            "전용면적(m2)":"67.7",
            "전용면적(평)":"20평",
            "법정동주소":"제주도 제주시 외도1동 529-1",
            "도로명주소":"제주도 제주시 우정로15길 48",
            "세대수":0,
            "입주년차":100,
            "용적률점수":"--",
            "건폐율점수":"--",
            "세대당주차수":0,
            "난방방식":30,
            "공급면적":"--",
            "전용률":"--",
            "욕실수":50,
            "현관타입":100,
            "주거총점":38.0,
            "지역구공급총점":100.0,
            "역세권":"NA",
            "30분내 이동가능 거점":"NA",
            "1시간내 이동가능 거점":"NA",
            "교통총점":"NA",
            "백화점":0,
            "아울렛몰":0,
            "대형마트":0,
            "은행":0,
            "병원":0,
            "종합병원":100,
            "공원":100,
            "혐오시설":0,
            "인프라총점":23.0,
            "초등학군":89.99,
            "중학군":41.4,
            "학군총점":51.118,
            "인구수":53.4,
            "인구증감":2.01,
            "인구총점":37.983,
            "일자리":32.81,
            "소득수준":58.26,
            "일자리총점":40.445,
            "가치 총점":35.2795,
            "매매실거래년":20220104.0,
            "매매실거래가":22000.0,
            "전세실거래년":20211014.0,
            "전세실거래가":16000.0,
            "전세가율":76.19,
            "장기전세가율평균":69.13,
            "전세가율거품지수":-7.06,
            "검색코드":123581,
            "세대수":130.0,
            "준공년월":"2019-01-21",
            "준공년차":4.0,
            "가까운역이름":"NA",
            "가까운역거리":"NA",
            "역세권여부":"NA",
            "30분이내주요거점역":"NA",
            "30분거점역이름":"NA",
            "1시간이내주요거점역":"NA",
            "1시간거점역이름":"NA",
            "3km이내백화점수":0,
            "5km이내아울렛몰수":0,
            "1km이내대형먀트수":0,
            "500m이내은행수":1,
            "500m이내병원수":0,
            "5km이내대형병원수":2,
            "500m이내공원수":8,
            "3km이내혐오시설수":0,
            "초등학교학업성취도":89.99,
            "중학교학업성취도":67.2,
            "용적률":497,
            "건폐율":57,
            "Y":33.489066,
            "X":126.432798,
            "rank":79.0,
            "area_info":"20평(67.7), 20평(67.42), 20평(67.42), 20평(68.79), 20평(69.1)",
            "last_sales":"2022-01-04,22000.0,20평(68.79)",
            "rank_history":[
                [
                    "202202",
                    79
                ],
                [
                    "202201",
                    67
                ]
            ],
            "rank_gap":-12
        },
        {
            "index":266,
            "아파트명":"영평반석타운",
            "투자타입":"일반",
            "전용면적(m2)":"57.37",
            "전용면적(평)":"17평",
            "법정동주소":"제주도 제주시 영평동 792-1",
            "도로명주소":"제주도 제주시",
            "세대수":0,
            "입주년차":20,
            "용적률점수":"--",
            "건폐율점수":"--",
            "세대당주차수":0,
            "난방방식":30,
            "공급면적":"--",
            "전용률":"--",
            "욕실수":50,
            "현관타입":100,
            "주거총점":22.0,
            "지역구공급총점":100.0,
            "역세권":"NA",
            "30분내 이동가능 거점":"NA",
            "1시간내 이동가능 거점":"NA",
            "교통총점":"NA",
            "백화점":0,
            "아울렛몰":80,
            "대형마트":0,
            "은행":0,
            "병원":0,
            "종합병원":100,
            "공원":0,
            "혐오시설":0,
            "인프라총점":28.0,
            "초등학군":90.01,
            "중학군":55.7,
            "학군총점":62.562,
            "인구수":53.4,
            "인구증감":2.01,
            "인구총점":37.983,
            "일자리":32.81,
            "소득수준":58.26,
            "일자리총점":40.445,
            "가치 총점":34.5405,
            "매매실거래년":"18000101",
            "매매실거래가":null,
            "전세실거래년":null,
            "전세실거래가":null,
            "전세가율":null,
            "장기전세가율평균":69.13,
            "전세가율거품지수":null,
            "검색코드":132598,
            "세대수":112.0,
            "준공년월":"2001-02-16",
            "준공년차":22.0,
            "가까운역이름":"NA",
            "가까운역거리":"NA",
            "역세권여부":"NA",
            "30분이내주요거점역":"NA",
            "30분거점역이름":"NA",
            "1시간이내주요거점역":"NA",
            "1시간거점역이름":"NA",
            "3km이내백화점수":0,
            "5km이내아울렛몰수":1,
            "1km이내대형먀트수":0,
            "500m이내은행수":0,
            "500m이내병원수":0,
            "5km이내대형병원수":2,
            "500m이내공원수":0,
            "3km이내혐오시설수":0,
            "초등학교학업성취도":90.01,
            "중학교학업성취도":91.1,
            "용적률":73,
            "건폐율":19,
            "Y":33.481972,
            "X":126.569966,
            "rank":80.0,
            "area_info":"17평(57.37), 21평(69.82)",
            "last_sales":"1800-01-01,nan,17평(57.37)",
            "rank_history":[
                [
                    "202202",
                    80
                ],
                [
                    "202201",
                    79
                ]
            ],
            "rank_gap":-1
        },
        {
            "index":142,
            "아파트명":"이도빌리지",
            "투자타입":"일반",
            "전용면적(m2)":"30.63",
            "전용면적(평)":"9평",
            "법정동주소":"제주도 제주시 아라1동 396-28",
            "도로명주소":"제주도 제주시 516로 3080",
            "세대수":0,
            "입주년차":80,
            "용적률점수":"--",
            "건폐율점수":"--",
            "세대당주차수":0,
            "난방방식":30,
            "공급면적":"--",
            "전용률":"--",
            "욕실수":50,
            "현관타입":100,
            "주거총점":34.0,
            "지역구공급총점":100.0,
            "역세권":"NA",
            "30분내 이동가능 거점":"NA",
            "1시간내 이동가능 거점":"NA",
            "교통총점":"NA",
            "백화점":0,
            "아울렛몰":0,
            "대형마트":0,
            "은행":0,
            "병원":0,
            "종합병원":80,
            "공원":0,
            "혐오시설":0,
            "인프라총점":16.0,
            "초등학군":90.0,
            "중학군":55.7,
            "학군총점":62.56,
            "인구수":53.4,
            "인구증감":2.01,
            "인구총점":37.983,
            "일자리":32.81,
            "소득수준":58.26,
            "일자리총점":40.445,
            "가치 총점":33.94,
            "매매실거래년":"18000101",
            "매매실거래가":null,
            "전세실거래년":null,
            "전세실거래가":null,
            "전세가율":null,
            "장기전세가율평균":69.13,
            "전세가율거품지수":null,
            "검색코드":132780,
            "세대수":160.0,
            "준공년월":"2015-10-02",
            "준공년차":8.0,
            "가까운역이름":"NA",
            "가까운역거리":"NA",
            "역세권여부":"NA",
            "30분이내주요거점역":"NA",
            "30분거점역이름":"NA",
            "1시간이내주요거점역":"NA",
            "1시간거점역이름":"NA",
            "3km이내백화점수":0,
            "5km이내아울렛몰수":0,
            "1km이내대형먀트수":0,
            "500m이내은행수":0,
            "500m이내병원수":0,
            "5km이내대형병원수":1,
            "500m이내공원수":0,
            "3km이내혐오시설수":0,
            "초등학교학업성취도":90.0,
            "중학교학업성취도":91.1,
            "용적률":63,
            "건폐율":19,
            "Y":33.449754,
            "X":126.553627,
            "rank":81.0,
            "area_info":"9평(30.63), 9평(30.64), 9평(31.66), 9평(31.67)",
            "last_sales":"1800-01-01,nan,9평(30.63)",
            "rank_history":[
                [
                    "202202",
                    81
                ],
                [
                    "202201",
                    84
                ]
            ],
            "rank_gap":3
        },
        {
            "index":89,
            "아파트명":"미듬하나로",
            "투자타입":"일반",
            "전용면적(m2)":"67.14",
            "전용면적(평)":"20평",
            "법정동주소":"제주도 제주시 도련1동 1789-2",
            "도로명주소":"제주도 제주시 삼봉로 115-1",
            "세대수":0,
            "입주년차":20,
            "용적률점수":"--",
            "건폐율점수":"--",
            "세대당주차수":0,
            "난방방식":30,
            "공급면적":"--",
            "전용률":"--",
            "욕실수":50,
            "현관타입":100,
            "주거총점":22.0,
            "지역구공급총점":100.0,
            "역세권":"NA",
            "30분내 이동가능 거점":"NA",
            "1시간내 이동가능 거점":"NA",
            "교통총점":"NA",
            "백화점":0,
            "아울렛몰":0,
            "대형마트":80,
            "은행":0,
            "병원":0,
            "종합병원":80,
            "공원":100,
            "혐오시설":0,
            "인프라총점":31.0,
            "초등학군":89.99,
            "중학군":44.16,
            "학군총점":53.326,
            "인구수":53.4,
            "인구증감":2.01,
            "인구총점":37.983,
            "일자리":32.81,
            "소득수준":58.26,
            "일자리총점":40.445,
            "가치 총점":33.4315,
            "매매실거래년":20220110.0,
            "매매실거래가":18000.0,
            "전세실거래년":20190709.0,
            "전세실거래가":11000.0,
            "전세가율":95.65,
            "장기전세가율평균":69.13,
            "전세가율거품지수":-26.52,
            "검색코드":17162,
            "세대수":185.0,
            "준공년월":"2002-02-06",
            "준공년차":21.0,
            "가까운역이름":"NA",
            "가까운역거리":"NA",
            "역세권여부":"NA",
            "30분이내주요거점역":"NA",
            "30분거점역이름":"NA",
            "1시간이내주요거점역":"NA",
            "1시간거점역이름":"NA",
            "3km이내백화점수":0,
            "5km이내아울렛몰수":0,
            "1km이내대형먀트수":1,
            "500m이내은행수":0,
            "500m이내병원수":0,
            "5km이내대형병원수":1,
            "500m이내공원수":3,
            "3km이내혐오시설수":0,
            "초등학교학업성취도":89.99,
            "중학교학업성취도":73.2,
            "용적률":173,
            "건폐율":28,
            "Y":33.51133,
            "X":126.58994,
            "rank":82.0,
            "area_info":"20평(67.14), 20평(69.22), 22평(73.34)",
            "last_sales":"2022-01-10,18000.0,22평(73.34)",
            "rank_history":[
                [
                    "202202",
                    82
                ],
                [
                    "202201",
                    93
                ]
            ],
            "rank_gap":11
        },
        {
            "index":101,
            "아파트명":"아라미화",
            "투자타입":"일반",
            "전용면적(m2)":"49.54",
            "전용면적(평)":"14평",
            "법정동주소":"제주도 제주시 아라1동 6075-2",
            "도로명주소":"제주도 제주시 아란12길 8",
            "세대수":0,
            "입주년차":0,
            "용적률점수":"--",
            "건폐율점수":"--",
            "세대당주차수":0,
            "난방방식":30,
            "공급면적":"--",
            "전용률":"--",
            "욕실수":50,
            "현관타입":100,
            "주거총점":18.0,
            "지역구공급총점":100.0,
            "역세권":"NA",
            "30분내 이동가능 거점":"NA",
            "1시간내 이동가능 거점":"NA",
            "교통총점":"NA",
            "백화점":0,
            "아울렛몰":80,
            "대형마트":0,
            "은행":0,
            "병원":0,
            "종합병원":100,
            "공원":100,
            "혐오시설":0,
            "인프라총점":31.0,
            "초등학군":90.0,
            "중학군":50.16,
            "학군총점":58.128,
            "인구수":53.4,
            "인구증감":2.01,
            "인구총점":37.983,
            "일자리":32.81,
            "소득수준":58.26,
            "일자리총점":40.445,
            "가치 총점":33.232,
            "매매실거래년":20170922.0,
            "매매실거래가":27200.0,
            "전세실거래년":null,
            "전세실거래가":null,
            "전세가율":null,
            "장기전세가율평균":69.13,
            "전세가율거품지수":null,
            "검색코드":15160,
            "세대수":126.0,
            "준공년월":"1993-01-21",
            "준공년차":30.0,
            "가까운역이름":"NA",
            "가까운역거리":"NA",
            "역세권여부":"NA",
            "30분이내주요거점역":"NA",
            "30분거점역이름":"NA",
            "1시간이내주요거점역":"NA",
            "1시간거점역이름":"NA",
            "3km이내백화점수":0,
            "5km이내아울렛몰수":1,
            "1km이내대형먀트수":0,
            "500m이내은행수":1,
            "500m이내병원수":0,
            "5km이내대형병원수":3,
            "500m이내공원수":7,
            "3km이내혐오시설수":0,
            "초등학교학업성취도":90.0,
            "중학교학업성취도":83.4,
            "용적률":235,
            "건폐율":36,
            "Y":33.470538,
            "X":126.544912,
            "rank":83.0,
            "area_info":"14평(49.54), 16평(55.67), 17평(57.28), 18평(61.69), 19평(63.08), 19평(65.41), 19평(66.08), 20평(66.49), 20평(67.78), 20평(67.86), 20평(68.78), 20평(68.24), 20평(68.93), 24평(80.35), 24평(80.73), 24평(80.62), 24평(80.34), 26평(86.34), 26평(86.03), 28평(95.06), 38평(127.97)",
            "last_sales":"2017-09-22,27200.0,38평(127.97)",
            "rank_history":[
                [
                    "202202",
                    83
                ],
                [
                    "202201",
                    81
                ]
            ],
            "rank_gap":-2
        },
        {
            "index":315,
            "아파트명":"동아",
            "투자타입":"일반",
            "전용면적(m2)":"56.91",
            "전용면적(평)":"17평",
            "법정동주소":"제주도 제주시 이도2동 1909-19",
            "도로명주소":"제주도 제주시 독짓골8길 67",
            "세대수":0,
            "입주년차":0,
            "용적률점수":"--",
            "건폐율점수":"--",
            "세대당주차수":0,
            "난방방식":30,
            "공급면적":"--",
            "전용률":"--",
            "욕실수":50,
            "현관타입":100,
            "주거총점":18.0,
            "지역구공급총점":100.0,
            "역세권":"NA",
            "30분내 이동가능 거점":"NA",
            "1시간내 이동가능 거점":"NA",
            "교통총점":"NA",
            "백화점":0,
            "아울렛몰":80,
            "대형마트":0,
            "은행":0,
            "병원":0,
            "종합병원":100,
            "공원":100,
            "혐오시설":0,
            "인프라총점":31.0,
            "초등학군":89.99,
            "중학군":49.0,
            "학군총점":57.198,
            "인구수":53.4,
            "인구증감":2.01,
            "인구총점":37.983,
            "일자리":32.81,
            "소득수준":58.26,
            "일자리총점":40.445,
            "가치 총점":32.9995,
            "매매실거래년":20201226.0,
            "매매실거래가":21200.0,
            "전세실거래년":20130314.0,
            "전세실거래가":8000.0,
            "전세가율":66.67,
            "장기전세가율평균":69.13,
            "전세가율거품지수":2.46,
            "검색코드":15178,
            "세대수":110.0,
            "준공년월":"1996-01-12",
            "준공년차":27.0,
            "가까운역이름":"NA",
            "가까운역거리":"NA",
            "역세권여부":"NA",
            "30분이내주요거점역":"NA",
            "30분거점역이름":"NA",
            "1시간이내주요거점역":"NA",
            "1시간거점역이름":"NA",
            "3km이내백화점수":0,
            "5km이내아울렛몰수":1,
            "1km이내대형먀트수":0,
            "500m이내은행수":0,
            "500m이내병원수":0,
            "5km이내대형병원수":4,
            "500m이내공원수":8,
            "3km이내혐오시설수":0,
            "초등학교학업성취도":89.99,
            "중학교학업성취도":80.2,
            "용적률":157,
            "건폐율":29,
            "Y":33.48891,
            "X":126.53098,
            "rank":84.0,
            "area_info":"17평(56.91), 22평(74.38), 24평(80.31)",
            "last_sales":"2020-12-26,21200.0,24평(80.31)",
            "rank_history":[
                [
                    "202202",
                    84
                ],
                [
                    "202201",
                    88
                ]
            ],
            "rank_gap":4
        },
        {
            "index":184,
            "아파트명":"하귀코아루오션뷰",
            "투자타입":"일반",
            "전용면적(m2)":"103.17",
            "전용면적(평)":"31평",
            "법정동주소":"제주도 제주시 애월읍 하귀2리 1437",
            "도로명주소":"제주도 제주시 항몽로 7",
            "세대수":0,
            "입주년차":80,
            "용적률점수":"--",
            "건폐율점수":"--",
            "세대당주차수":30,
            "난방방식":30,
            "공급면적":"--",
            "전용률":"--",
            "욕실수":100,
            "현관타입":100,
            "주거총점":43.5,
            "지역구공급총점":100.0,
            "역세권":"NA",
            "30분내 이동가능 거점":"NA",
            "1시간내 이동가능 거점":"NA",
            "교통총점":"NA",
            "백화점":0,
            "아울렛몰":0,
            "대형마트":80,
            "은행":0,
            "병원":0,
            "종합병원":0,
            "공원":0,
            "혐오시설":0,
            "인프라총점":12.0,
            "초등학군":90.02,
            "중학군":41.4,
            "학군총점":51.124,
            "인구수":53.4,
            "인구증감":2.01,
            "인구총점":37.983,
            "일자리":32.81,
            "소득수준":58.26,
            "일자리총점":40.445,
            "가치 총점":32.806,
            "매매실거래년":20211217.0,
            "매매실거래가":40300.0,
            "전세실거래년":20211006.0,
            "전세실거래가":25200.0,
            "전세가율":67.38,
            "장기전세가율평균":69.13,
            "전세가율거품지수":1.75,
            "검색코드":115997,
            "세대수":132.0,
            "준공년월":"2018-09-01",
            "준공년차":5.0,
            "가까운역이름":"NA",
            "가까운역거리":"NA",
            "역세권여부":"NA",
            "30분이내주요거점역":"NA",
            "30분거점역이름":"NA",
            "1시간이내주요거점역":"NA",
            "1시간거점역이름":"NA",
            "3km이내백화점수":0,
            "5km이내아울렛몰수":0,
            "1km이내대형먀트수":1,
            "500m이내은행수":0,
            "500m이내병원수":0,
            "5km이내대형병원수":0,
            "500m이내공원수":0,
            "3km이내혐오시설수":0,
            "초등학교학업성취도":90.02,
            "중학교학업성취도":67.2,
            "용적률":0,
            "건폐율":0,
            "Y":33.482547,
            "X":126.405183,
            "rank":85.0,
            "area_info":"31평(103.17), 33평(110.74), 33평(110.67), 33평(111.04)",
            "last_sales":"2021-12-17,40300.0,33평(110.74)",
            "rank_history":[
                [
                    "202202",
                    85
                ],
                [
                    "202201",
                    83
                ]
            ],
            "rank_gap":-2
        },
        {
            "index":177,
            "아파트명":"제주하귀휴먼시아2단지",
            "투자타입":"일반",
            "전용면적(m2)":"114.58",
            "전용면적(평)":"34평",
            "법정동주소":"제주도 제주시 애월읍 하귀1리 166-1",
            "도로명주소":"제주도 제주시 하귀9길 71",
            "세대수":0,
            "입주년차":60,
            "용적률점수":"--",
            "건폐율점수":"--",
            "세대당주차수":30,
            "난방방식":30,
            "공급면적":"--",
            "전용률":"--",
            "욕실수":100,
            "현관타입":100,
            "주거총점":39.5,
            "지역구공급총점":100.0,
            "역세권":"NA",
            "30분내 이동가능 거점":"NA",
            "1시간내 이동가능 거점":"NA",
            "교통총점":"NA",
            "백화점":0,
            "아울렛몰":0,
            "대형마트":80,
            "은행":0,
            "병원":0,
            "종합병원":0,
            "공원":100,
            "혐오시설":0,
            "인프라총점":15.0,
            "초등학군":89.99,
            "중학군":41.4,
            "학군총점":51.118,
            "인구수":53.4,
            "인구증감":2.01,
            "인구총점":37.983,
            "일자리":32.81,
            "소득수준":58.26,
            "일자리총점":40.445,
            "가치 총점":32.6045,
            "매매실거래년":20211006.0,
            "매매실거래가":53000.0,
            "전세실거래년":20210808.0,
            "전세실거래가":30000.0,
            "전세가율":82.19,
            "장기전세가율평균":69.13,
            "전세가율거품지수":-13.06,
            "검색코드":137735,
            "세대수":246.0,
            "준공년월":"2010-09-30",
            "준공년차":13.0,
            "가까운역이름":"NA",
            "가까운역거리":"NA",
            "역세권여부":"NA",
            "30분이내주요거점역":"NA",
            "30분거점역이름":"NA",
            "1시간이내주요거점역":"NA",
            "1시간거점역이름":"NA",
            "3km이내백화점수":0,
            "5km이내아울렛몰수":0,
            "1km이내대형먀트수":1,
            "500m이내은행수":0,
            "500m이내병원수":0,
            "5km이내대형병원수":0,
            "500m이내공원수":2,
            "3km이내혐오시설수":0,
            "초등학교학업성취도":89.99,
            "중학교학업성취도":67.2,
            "용적률":110,
            "건폐율":16,
            "Y":33.480845,
            "X":126.415661,
            "rank":86.0,
            "area_info":"34평(114.58), 34평(114.74), 34평(114.75), 34평(114.71), 34평(114.91), 34평(114.51), 34평(114.57)",
            "last_sales":"2021-10-06,53000.0,34평(114.74)",
            "rank_history":[
                [
                    "202202",
                    86
                ],
                [
                    "202201",
                    90
                ]
            ],
            "rank_gap":4
        },
        {
            "index":306,
            "아파트명":"신세계",
            "투자타입":"일반",
            "전용면적(m2)":"35.96",
            "전용면적(평)":"10평",
            "법정동주소":"제주도 제주시 이도1동 1692-2",
            "도로명주소":"제주도 제주시 오현길 9",
            "세대수":0,
            "입주년차":0,
            "용적률점수":"--",
            "건폐율점수":"--",
            "세대당주차수":0,
            "난방방식":30,
            "공급면적":"--",
            "전용률":"--",
            "욕실수":50,
            "현관타입":100,
            "주거총점":18.0,
            "지역구공급총점":100.0,
            "역세권":"NA",
            "30분내 이동가능 거점":"NA",
            "1시간내 이동가능 거점":"NA",
            "교통총점":"NA",
            "백화점":0,
            "아울렛몰":80,
            "대형마트":0,
            "은행":0,
            "병원":0,
            "종합병원":100,
            "공원":0,
            "혐오시설":0,
            "인프라총점":28.0,
            "초등학군":90.0,
            "중학군":51.6,
            "학군총점":59.28,
            "인구수":53.4,
            "인구증감":2.01,
            "인구총점":37.983,
            "일자리":32.81,
            "소득수준":58.26,
            "일자리총점":40.445,
            "가치 총점":32.32,
            "매매실거래년":20210919.0,
            "매매실거래가":33500.0,
            "전세실거래년":20110130.0,
            "전세실거래가":2500.0,
            "전세가율":31.25,
            "장기전세가율평균":69.13,
            "전세가율거품지수":37.88,
            "검색코드":17167,
            "세대수":131.0,
            "준공년월":"1995-03-22",
            "준공년차":28.0,
            "가까운역이름":"NA",
            "가까운역거리":"NA",
            "역세권여부":"NA",
            "30분이내주요거점역":"NA",
            "30분거점역이름":"NA",
            "1시간이내주요거점역":"NA",
            "1시간거점역이름":"NA",
            "3km이내백화점수":0,
            "5km이내아울렛몰수":1,
            "1km이내대형먀트수":0,
            "500m이내은행수":1,
            "500m이내병원수":0,
            "5km이내대형병원수":4,
            "500m이내공원수":0,
            "3km이내혐오시설수":0,
            "초등학교학업성취도":90.0,
            "중학교학업성취도":84.4,
            "용적률":228,
            "건폐율":40,
            "Y":33.506043,
            "X":126.527772,
            "rank":87.0,
            "area_info":"10평(35.96), 21평(71.26), 28평(94.67), 29평(96.39), 29평(97.44), 43평(142.91)",
            "last_sales":"2021-09-19,33500.0,43평(142.91)",
            "rank_history":[
                [
                    "202202",
                    87
                ],
                [
                    "202201",
                    87
                ]
            ],
            "rank_gap":0
        },
        {
            "index":318,
            "아파트명":"수선화시영",
            "투자타입":"일반",
            "전용면적(m2)":"48.8",
            "전용면적(평)":"14평",
            "법정동주소":"제주도 제주시 이도2동 1928-9",
            "도로명주소":"제주도 제주시 신설동길 40-10",
            "세대수":0,
            "입주년차":0,
            "용적률점수":"--",
            "건폐율점수":"--",
            "세대당주차수":0,
            "난방방식":30,
            "공급면적":"--",
            "전용률":"--",
            "욕실수":50,
            "현관타입":100,
            "주거총점":18.0,
            "지역구공급총점":100.0,
            "역세권":"NA",
            "30분내 이동가능 거점":"NA",
            "1시간내 이동가능 거점":"NA",
            "교통총점":"NA",
            "백화점":0,
            "아울렛몰":80,
            "대형마트":0,
            "은행":0,
            "병원":0,
            "종합병원":100,
            "공원":0,
            "혐오시설":0,
            "인프라총점":28.0,
            "초등학군":90.0,
            "중학군":49.84,
            "학군총점":57.872,
            "인구수":53.4,
            "인구증감":2.01,
            "인구총점":37.983,
            "일자리":32.81,
            "소득수준":58.26,
            "일자리총점":40.445,
            "가치 총점":31.968,
            "매매실거래년":"18000101",
            "매매실거래가":null,
            "전세실거래년":null,
            "전세실거래가":null,
            "전세가율":null,
            "장기전세가율평균":69.13,
            "전세가율거품지수":null,
            "검색코드":133825,
            "세대수":100.0,
            "준공년월":"1993-08-31",
            "준공년차":30.0,
            "가까운역이름":"NA",
            "가까운역거리":"NA",
            "역세권여부":"NA",
            "30분이내주요거점역":"NA",
            "30분거점역이름":"NA",
            "1시간이내주요거점역":"NA",
            "1시간거점역이름":"NA",
            "3km이내백화점수":0,
            "5km이내아울렛몰수":1,
            "1km이내대형먀트수":0,
            "500m이내은행수":0,
            "500m이내병원수":0,
            "5km이내대형병원수":3,
            "500m이내공원수":0,
            "3km이내혐오시설수":0,
            "초등학교학업성취도":90.0,
            "중학교학업성취도":81.2,
            "용적률":41,
            "건폐율":14,
            "Y":33.493018,
            "X":126.550148,
            "rank":88.0,
            "area_info":"14평(48.8)",
            "last_sales":"1800-01-01,nan,14평(48.8)",
            "rank_history":[
                [
                    "202202",
                    88
                ],
                [
                    "202201",
                    91
                ]
            ],
            "rank_gap":3
        },
        {
            "index":86,
            "아파트명":"도두블루파크시티(도시형)",
            "투자타입":"일반",
            "전용면적(m2)":"33.81",
            "전용면적(평)":"10평",
            "법정동주소":"제주도 제주시 도두1동 2614",
            "도로명주소":"제주도 제주시",
            "세대수":0,
            "입주년차":80,
            "용적률점수":"--",
            "건폐율점수":"--",
            "세대당주차수":0,
            "난방방식":30,
            "공급면적":"--",
            "전용률":"--",
            "욕실수":50,
            "현관타입":10,
            "주거총점":25.0,
            "지역구공급총점":100.0,
            "역세권":"NA",
            "30분내 이동가능 거점":"NA",
            "1시간내 이동가능 거점":"NA",
            "교통총점":"NA",
            "백화점":0,
            "아울렛몰":0,
            "대형마트":0,
            "은행":0,
            "병원":0,
            "종합병원":100,
            "공원":80,
            "혐오시설":0,
            "인프라총점":22.4,
            "초등학군":89.98,
            "중학군":47.54,
            "학군총점":56.028,
            "인구수":53.4,
            "인구증감":2.01,
            "인구총점":37.983,
            "일자리":32.81,
            "소득수준":58.26,
            "일자리총점":40.445,
            "가치 총점":31.717,
            "매매실거래년":20211203.0,
            "매매실거래가":16000.0,
            "전세실거래년":20211007.0,
            "전세실거래가":8500.0,
            "전세가율":53.12,
            "장기전세가율평균":69.13,
            "전세가율거품지수":16.01,
            "검색코드":115262,
            "세대수":148.0,
            "준공년월":"2018-04-01",
            "준공년차":5.0,
            "가까운역이름":"NA",
            "가까운역거리":"NA",
            "역세권여부":"NA",
            "30분이내주요거점역":"NA",
            "30분거점역이름":"NA",
            "1시간이내주요거점역":"NA",
            "1시간거점역이름":"NA",
            "3km이내백화점수":0,
            "5km이내아울렛몰수":0,
            "1km이내대형먀트수":0,
            "500m이내은행수":0,
            "500m이내병원수":0,
            "5km이내대형병원수":3,
            "500m이내공원수":1,
            "3km이내혐오시설수":0,
            "초등학교학업성취도":89.98,
            "중학교학업성취도":78.3,
            "용적률":297,
            "건폐율":59,
            "Y":33.506035,
            "X":126.463997,
            "rank":89.0,
            "area_info":"10평(33.81), 11평(38.98), 23평(76.55)",
            "last_sales":"2021-12-03,16000.0,10평(33.81)",
            "rank_history":[
                [
                    "202202",
                    89
                ],
                [
                    "202201",
                    94
                ]
            ],
            "rank_gap":5
        },
        {
            "index":344,
            "아파트명":"삼화",
            "투자타입":"재건축",
            "전용면적(m2)":"100.45",
            "전용면적(평)":"30평",
            "법정동주소":"제주도 제주시 일도2동 371",
            "도로명주소":"제주도 제주시 천수동로 2",
            "세대수":0,
            "입주년차":"--",
            "용적률점수":0,
            "건폐율점수":0,
            "세대당주차수":"--",
            "난방방식":"--",
            "공급면적":90,
            "전용률":80,
            "욕실수":"--",
            "현관타입":"--",
            "주거총점":8.5,
            "지역구공급총점":100.0,
            "역세권":"NA",
            "30분내 이동가능 거점":"NA",
            "1시간내 이동가능 거점":"NA",
            "교통총점":"NA",
            "백화점":0,
            "아울렛몰":80,
            "대형마트":0,
            "은행":0,
            "병원":0,
            "종합병원":100,
            "공원":100,
            "혐오시설":0,
            "인프라총점":31.0,
            "초등학군":89.99,
            "중학군":53.94,
            "학군총점":61.15,
            "인구수":53.4,
            "인구증감":2.01,
            "인구총점":37.983,
            "일자리":32.81,
            "소득수준":58.26,
            "일자리총점":40.445,
            "가치 총점":30.6625,
            "매매실거래년":20211207.0,
            "매매실거래가":25300.0,
            "전세실거래년":20211206.0,
            "전세실거래가":14000.0,
            "전세가율":55.34,
            "장기전세가율평균":69.13,
            "전세가율거품지수":13.79,
            "검색코드":106520,
            "세대수":126.0,
            "준공년월":"1992-01-25",
            "준공년차":31.0,
            "가까운역이름":"NA",
            "가까운역거리":"NA",
            "역세권여부":"NA",
            "30분이내주요거점역":"NA",
            "30분거점역이름":"NA",
            "1시간이내주요거점역":"NA",
            "1시간거점역이름":"NA",
            "3km이내백화점수":0,
            "5km이내아울렛몰수":1,
            "1km이내대형먀트수":0,
            "500m이내은행수":0,
            "500m이내병원수":0,
            "5km이내대형병원수":3,
            "500m이내공원수":4,
            "3km이내혐오시설수":0,
            "초등학교학업성취도":89.99,
            "중학교학업성취도":88.9,
            "용적률":0,
            "건폐율":0,
            "Y":33.509069,
            "X":126.543542,
            "rank":90.0,
            "area_info":"30평(100.45), 30평(101.73), 40평(133.06)",
            "last_sales":"2021-12-07,25300.0,30평(100.45)",
            "rank_history":[
                [
                    "202202",
                    90
                ],
                [
                    "202201",
                    89
                ]
            ],
            "rank_gap":-1
        },
        {
            "index":384,
            "아파트명":"일출빌리지",
            "투자타입":"일반",
            "전용면적(m2)":"36.98",
            "전용면적(평)":"11평",
            "법정동주소":"제주도 제주시 해안동 2344",
            "도로명주소":"제주도 제주시 해안마을북길 13-13",
            "세대수":0,
            "입주년차":20,
            "용적률점수":"--",
            "건폐율점수":"--",
            "세대당주차수":0,
            "난방방식":30,
            "공급면적":"--",
            "전용률":"--",
            "욕실수":50,
            "현관타입":100,
            "주거총점":22.0,
            "지역구공급총점":100.0,
            "역세권":"NA",
            "30분내 이동가능 거점":"NA",
            "1시간내 이동가능 거점":"NA",
            "교통총점":"NA",
            "백화점":0,
            "아울렛몰":0,
            "대형마트":0,
            "은행":0,
            "병원":0,
            "종합병원":100,
            "공원":0,
            "혐오시설":0,
            "인프라총점":20.0,
            "초등학군":90.06,
            "중학군":50.72,
            "학군총점":58.588,
            "인구수":53.4,
            "인구증감":2.01,
            "인구총점":37.983,
            "일자리":32.81,
            "소득수준":58.26,
            "일자리총점":40.445,
            "가치 총점":30.347,
            "매매실거래년":"18000101",
            "매매실거래가":null,
            "전세실거래년":null,
            "전세실거래가":null,
            "전세가율":null,
            "장기전세가율평균":69.13,
            "전세가율거품지수":null,
            "검색코드":132604,
            "세대수":112.0,
            "준공년월":"2003-04-21",
            "준공년차":20.0,
            "가까운역이름":"NA",
            "가까운역거리":"NA",
            "역세권여부":"NA",
            "30분이내주요거점역":"NA",
            "30분거점역이름":"NA",
            "1시간이내주요거점역":"NA",
            "1시간거점역이름":"NA",
            "3km이내백화점수":0,
            "5km이내아울렛몰수":0,
            "1km이내대형먀트수":0,
            "500m이내은행수":0,
            "500m이내병원수":0,
            "5km이내대형병원수":2,
            "500m이내공원수":0,
            "3km이내혐오시설수":0,
            "초등학교학업성취도":90.06,
            "중학교학업성취도":81.4,
            "용적률":74,
            "건폐율":19,
            "Y":33.464403,
            "X":126.450145,
            "rank":91.0,
            "area_info":"11평(36.98), 16평(53.96), 16평(53.97), 21평(69.86)",
            "last_sales":"1800-01-01,nan,11평(36.98)",
            "rank_history":[
                [
                    "202202",
                    91
                ],
                [
                    "202201",
                    96
                ]
            ],
            "rank_gap":5
        },
        {
            "index":151,
            "아파트명":"무수천영도그린",
            "투자타입":"일반",
            "전용면적(m2)":"45.32",
            "전용면적(평)":"13평",
            "법정동주소":"제주도 제주시 애월읍 광령리 31",
            "도로명주소":"제주도 제주시 무수천길 5-6",
            "세대수":0,
            "입주년차":20,
            "용적률점수":"--",
            "건폐율점수":"--",
            "세대당주차수":0,
            "난방방식":30,
            "공급면적":"--",
            "전용률":"--",
            "욕실수":50,
            "현관타입":100,
            "주거총점":22.0,
            "지역구공급총점":100.0,
            "역세권":"NA",
            "30분내 이동가능 거점":"NA",
            "1시간내 이동가능 거점":"NA",
            "교통총점":"NA",
            "백화점":0,
            "아울렛몰":0,
            "대형마트":0,
            "은행":0,
            "병원":0,
            "종합병원":100,
            "공원":0,
            "혐오시설":0,
            "인프라총점":20.0,
            "초등학군":90.06,
            "중학군":50.72,
            "학군총점":58.588,
            "인구수":53.4,
            "인구증감":2.01,
            "인구총점":37.983,
            "일자리":32.81,
            "소득수준":58.26,
            "일자리총점":40.445,
            "가치 총점":30.347,
            "매매실거래년":"18000101",
            "매매실거래가":null,
            "전세실거래년":null,
            "전세실거래가":null,
            "전세가율":null,
            "장기전세가율평균":69.13,
            "전세가율거품지수":null,
            "검색코드":132607,
            "세대수":155.0,
            "준공년월":"2001-02-19",
            "준공년차":22.0,
            "가까운역이름":"NA",
            "가까운역거리":"NA",
            "역세권여부":"NA",
            "30분이내주요거점역":"NA",
            "30분거점역이름":"NA",
            "1시간이내주요거점역":"NA",
            "1시간거점역이름":"NA",
            "3km이내백화점수":0,
            "5km이내아울렛몰수":0,
            "1km이내대형먀트수":0,
            "500m이내은행수":0,
            "500m이내병원수":0,
            "5km이내대형병원수":2,
            "500m이내공원수":0,
            "3km이내혐오시설수":0,
            "초등학교학업성취도":90.06,
            "중학교학업성취도":81.4,
            "용적률":97,
            "건폐율":29,
            "Y":33.46101,
            "X":126.44637,
            "rank":91.0,
            "area_info":"13평(45.32), 13평(45.64), 13평(46.28), 14평(47.56), 18평(61.11), 18평(61.43), 21평(69.98)",
            "last_sales":"1800-01-01,nan,13평(45.32)",
            "rank_history":[
                [
                    "202202",
                    91
                ],
                [
                    "202201",
                    96
                ]
            ],
            "rank_gap":5
        },
        {
            "index":161,
            "아파트명":"제일빌리지",
            "투자타입":"일반",
            "전용면적(m2)":"27.63",
            "전용면적(평)":"8평",
            "법정동주소":"제주도 제주시 애월읍 광령리 47",
            "도로명주소":"제주도 제주시 중산간서로 6703-11",
            "세대수":0,
            "입주년차":20,
            "용적률점수":"--",
            "건폐율점수":"--",
            "세대당주차수":0,
            "난방방식":30,
            "공급면적":"--",
            "전용률":"--",
            "욕실수":50,
            "현관타입":100,
            "주거총점":22.0,
            "지역구공급총점":100.0,
            "역세권":"NA",
            "30분내 이동가능 거점":"NA",
            "1시간내 이동가능 거점":"NA",
            "교통총점":"NA",
            "백화점":0,
            "아울렛몰":0,
            "대형마트":0,
            "은행":0,
            "병원":0,
            "종합병원":100,
            "공원":0,
            "혐오시설":0,
            "인프라총점":20.0,
            "초등학군":90.01,
            "중학군":50.72,
            "학군총점":58.578,
            "인구수":53.4,
            "인구증감":2.01,
            "인구총점":37.983,
            "일자리":32.81,
            "소득수준":58.26,
            "일자리총점":40.445,
            "가치 총점":30.3445,
            "매매실거래년":"18000101",
            "매매실거래가":null,
            "전세실거래년":null,
            "전세실거래가":null,
            "전세가율":null,
            "장기전세가율평균":69.13,
            "전세가율거품지수":null,
            "검색코드":132762,
            "세대수":260.0,
            "준공년월":"2001-02-20",
            "준공년차":22.0,
            "가까운역이름":"NA",
            "가까운역거리":"NA",
            "역세권여부":"NA",
            "30분이내주요거점역":"NA",
            "30분거점역이름":"NA",
            "1시간이내주요거점역":"NA",
            "1시간거점역이름":"NA",
            "3km이내백화점수":0,
            "5km이내아울렛몰수":0,
            "1km이내대형먀트수":0,
            "500m이내은행수":0,
            "500m이내병원수":0,
            "5km이내대형병원수":2,
            "500m이내공원수":0,
            "3km이내혐오시설수":0,
            "초등학교학업성취도":90.01,
            "중학교학업성취도":81.4,
            "용적률":88,
            "건폐율":26,
            "Y":33.462587,
            "X":126.443925,
            "rank":92.0,
            "area_info":"8평(27.63), 13평(45.32), 17평(57.86), 18평(59.86), 18평(60.9), 20평(66.18), 20평(66.88), 20평(68.6), 21평(70.49)",
            "last_sales":"1800-01-01,nan,8평(27.63)",
            "rank_history":[
                [
                    "202202",
                    92
                ],
                [
                    "202201",
                    95
                ]
            ],
            "rank_gap":3
        },
        {
            "index":368,
            "아파트명":"제주더오름카운티원",
            "투자타입":"일반",
            "전용면적(m2)":"106.66",
            "전용면적(평)":"32평",
            "법정동주소":"제주도 제주시 조천읍 대흘리 1124",
            "도로명주소":"제주도 제주시 중산간동로 780",
            "세대수":0,
            "입주년차":100,
            "용적률점수":"--",
            "건폐율점수":"--",
            "세대당주차수":30,
            "난방방식":30,
            "공급면적":"--",
            "전용률":"--",
            "욕실수":100,
            "현관타입":100,
            "주거총점":47.5,
            "지역구공급총점":100.0,
            "역세권":"NA",
            "30분내 이동가능 거점":"NA",
            "1시간내 이동가능 거점":"NA",
            "교통총점":"NA",
            "백화점":0,
            "아울렛몰":0,
            "대형마트":0,
            "은행":0,
            "병원":0,
            "종합병원":0,
            "공원":0,
            "혐오시설":0,
            "인프라총점":0.0,
            "초등학군":90.04,
            "중학군":42.9,
            "학군총점":52.328,
            "인구수":53.4,
            "인구증감":2.01,
            "인구총점":37.983,
            "일자리":32.81,
            "소득수준":58.26,
            "일자리총점":40.445,
            "가치 총점":29.707,
            "매매실거래년":"18000101",
            "매매실거래가":null,
            "전세실거래년":null,
            "전세실거래가":null,
            "전세가율":null,
            "장기전세가율평균":69.13,
            "전세가율거품지수":null,
            "검색코드":119631,
            "세대수":187.0,
            "준공년월":"2019-09-01",
            "준공년차":4.0,
            "가까운역이름":"NA",
            "가까운역거리":"NA",
            "역세권여부":"NA",
            "30분이내주요거점역":"NA",
            "30분거점역이름":"NA",
            "1시간이내주요거점역":"NA",
            "1시간거점역이름":"NA",
            "3km이내백화점수":0,
            "5km이내아울렛몰수":0,
            "1km이내대형먀트수":0,
            "500m이내은행수":0,
            "500m이내병원수":0,
            "5km이내대형병원수":0,
            "500m이내공원수":0,
            "3km이내혐오시설수":0,
            "초등학교학업성취도":90.04,
            "중학교학업성취도":71.5,
            "용적률":0,
            "건폐율":0,
            "Y":33.492221,
            "X":126.665302,
            "rank":93.0,
            "area_info":"32평(106.66), 32평(106.66), 32평(107.04)",
            "last_sales":"1800-01-01,nan,32평(106.66)",
            "rank_history":[
                [
                    "202202",
                    93
                ],
                [
                    "202201",
                    97
                ]
            ],
            "rank_gap":4
        },
        {
            "index":371,
            "아파트명":"조천주암썬빌리지",
            "투자타입":"일반",
            "전용면적(m2)":"42.7",
            "전용면적(평)":"12평",
            "법정동주소":"제주도 제주시 조천읍 조천리 1188",
            "도로명주소":"제주도 제주시 신북로 324",
            "세대수":0,
            "입주년차":20,
            "용적률점수":"--",
            "건폐율점수":"--",
            "세대당주차수":0,
            "난방방식":30,
            "공급면적":"--",
            "전용률":"--",
            "욕실수":50,
            "현관타입":100,
            "주거총점":22.0,
            "지역구공급총점":100.0,
            "역세권":"NA",
            "30분내 이동가능 거점":"NA",
            "1시간내 이동가능 거점":"NA",
            "교통총점":"NA",
            "백화점":0,
            "아울렛몰":0,
            "대형마트":100,
            "은행":0,
            "병원":0,
            "종합병원":0,
            "공원":80,
            "혐오시설":0,
            "인프라총점":17.4,
            "초등학군":90.01,
            "중학군":42.9,
            "학군총점":52.322,
            "인구수":53.4,
            "인구증감":2.01,
            "인구총점":37.983,
            "일자리":32.81,
            "소득수준":58.26,
            "일자리총점":40.445,
            "가치 총점":27.7405,
            "매매실거래년":"18000101",
            "매매실거래가":null,
            "전세실거래년":null,
            "전세실거래가":null,
            "전세가율":null,
            "장기전세가율평균":69.13,
            "전세가율거품지수":null,
            "검색코드":132769,
            "세대수":120.0,
            "준공년월":"2002-03-09",
            "준공년차":21.0,
            "가까운역이름":"NA",
            "가까운역거리":"NA",
            "역세권여부":"NA",
            "30분이내주요거점역":"NA",
            "30분거점역이름":"NA",
            "1시간이내주요거점역":"NA",
            "1시간거점역이름":"NA",
            "3km이내백화점수":0,
            "5km이내아울렛몰수":0,
            "1km이내대형먀트수":2,
            "500m이내은행수":0,
            "500m이내병원수":0,
            "5km이내대형병원수":0,
            "500m이내공원수":1,
            "3km이내혐오시설수":0,
            "초등학교학업성취도":90.01,
            "중학교학업성취도":71.5,
            "용적률":70,
            "건폐율":20,
            "Y":33.540119,
            "X":126.64533,
            "rank":94.0,
            "area_info":"12평(42.7), 17평(57.13), 20평(68.64)",
            "last_sales":"1800-01-01,nan,12평(42.7)",
            "rank_history":[
                [
                    "202202",
                    94
                ],
                [
                    "202201",
                    98
                ]
            ],
            "rank_gap":4
        },
        {
            "index":366,
            "아파트명":"광명샤인빌",
            "투자타입":"일반",
            "전용면적(m2)":"89.7",
            "전용면적(평)":"27평",
            "법정동주소":"제주도 제주시 조천읍 함덕리 4168",
            "도로명주소":"제주도 제주시 함덕30길 27",
            "세대수":0,
            "입주년차":40,
            "용적률점수":"--",
            "건폐율점수":"--",
            "세대당주차수":30,
            "난방방식":30,
            "공급면적":"--",
            "전용률":"--",
            "욕실수":100,
            "현관타입":100,
            "주거총점":35.5,
            "지역구공급총점":100.0,
            "역세권":"NA",
            "30분내 이동가능 거점":"NA",
            "1시간내 이동가능 거점":"NA",
            "교통총점":"NA",
            "백화점":0,
            "아울렛몰":0,
            "대형마트":0,
            "은행":0,
            "병원":0,
            "종합병원":0,
            "공원":100,
            "혐오시설":0,
            "인프라총점":3.0,
            "초등학군":90.02,
            "중학군":42.9,
            "학군총점":52.324,
            "인구수":53.4,
            "인구증감":2.01,
            "인구총점":37.983,
            "일자리":32.81,
            "소득수준":58.26,
            "일자리총점":40.445,
            "가치 총점":26.706,
            "매매실거래년":20211111.0,
            "매매실거래가":32500.0,
            "전세실거래년":20211203.0,
            "전세실거래가":20000.0,
            "전세가율":95.24,
            "장기전세가율평균":69.13,
            "전세가율거품지수":-26.11,
            "검색코드":109135,
            "세대수":170.0,
            "준공년월":"2006-01-27",
            "준공년차":17.0,
            "가까운역이름":"NA",
            "가까운역거리":"NA",
            "역세권여부":"NA",
            "30분이내주요거점역":"NA",
            "30분거점역이름":"NA",
            "1시간이내주요거점역":"NA",
            "1시간거점역이름":"NA",
            "3km이내백화점수":0,
            "5km이내아울렛몰수":0,
            "1km이내대형먀트수":0,
            "500m이내은행수":0,
            "500m이내병원수":0,
            "5km이내대형병원수":0,
            "500m이내공원수":3,
            "3km이내혐오시설수":0,
            "초등학교학업성취도":90.02,
            "중학교학업성취도":71.5,
            "용적률":97,
            "건폐율":24,
            "Y":33.538116,
            "X":126.677566,
            "rank":95.0,
            "area_info":"27평(89.7), 33평(110.93)",
            "last_sales":"2021-11-11,32500.0,33평(110.93)",
            "rank_history":[
                [
                    "202202",
                    95
                ],
                [
                    "202201",
                    92
                ]
            ],
            "rank_gap":-3
        },
        {
            "index":281,
            "아파트명":"일우한란",
            "투자타입":"일반",
            "전용면적(m2)":"74.34",
            "전용면적(평)":"22평",
            "법정동주소":"제주도 제주시 외도1동 426-1",
            "도로명주소":"제주도 제주시 도근내길 2",
            "세대수":0,
            "입주년차":0,
            "용적률점수":"--",
            "건폐율점수":"--",
            "세대당주차수":0,
            "난방방식":30,
            "공급면적":"--",
            "전용률":"--",
            "욕실수":50,
            "현관타입":50,
            "주거총점":13.0,
            "지역구공급총점":100.0,
            "역세권":"NA",
            "30분내 이동가능 거점":"NA",
            "1시간내 이동가능 거점":"NA",
            "교통총점":"NA",
            "백화점":0,
            "아울렛몰":0,
            "대형마트":0,
            "은행":0,
            "병원":0,
            "종합병원":100,
            "공원":100,
            "혐오시설":0,
            "인프라총점":23.0,
            "초등학군":89.99,
            "중학군":41.4,
            "학군총점":51.118,
            "인구수":53.4,
            "인구증감":2.01,
            "인구총점":37.983,
            "일자리":32.81,
            "소득수준":58.26,
            "일자리총점":40.445,
            "가치 총점":26.5295,
            "매매실거래년":20210419.0,
            "매매실거래가":17800.0,
            "전세실거래년":20200507.0,
            "전세실거래가":10000.0,
            "전세가율":72.46,
            "장기전세가율평균":69.13,
            "전세가율거품지수":-3.33,
            "검색코드":107607,
            "세대수":101.0,
            "준공년월":"1993-05-31",
            "준공년차":30.0,
            "가까운역이름":"NA",
            "가까운역거리":"NA",
            "역세권여부":"NA",
            "30분이내주요거점역":"NA",
            "30분거점역이름":"NA",
            "1시간이내주요거점역":"NA",
            "1시간거점역이름":"NA",
            "3km이내백화점수":0,
            "5km이내아울렛몰수":0,
            "1km이내대형먀트수":0,
            "500m이내은행수":1,
            "500m이내병원수":0,
            "5km이내대형병원수":2,
            "500m이내공원수":6,
            "3km이내혐오시설수":0,
            "초등학교학업성취도":89.99,
            "중학교학업성취도":67.2,
            "용적률":195,
            "건폐율":37,
            "Y":33.492326,
            "X":126.431249,
            "rank":96.0,
            "area_info":"22평(74.34), 23평(76.17), 29평(97.62)",
            "last_sales":"2021-04-19,17800.0,29평(97.62)",
            "rank_history":[
                [
                    "202202",
                    96
                ],
                [
                    "202201",
                    99
                ]
            ],
            "rank_gap":3
        },
        {
            "index":374,
            "아파트명":"반석블루빌",
            "투자타입":"일반",
            "전용면적(m2)":"47.08",
            "전용면적(평)":"14평",
            "법정동주소":"제주도 제주시 한림읍 대림리 417-1",
            "도로명주소":"제주도 제주시 한수풀로 130",
            "세대수":0,
            "입주년차":20,
            "용적률점수":"--",
            "건폐율점수":"--",
            "세대당주차수":0,
            "난방방식":30,
            "공급면적":"--",
            "전용률":"--",
            "욕실수":100,
            "현관타입":100,
            "주거총점":27.0,
            "지역구공급총점":100.0,
            "역세권":"NA",
            "30분내 이동가능 거점":"NA",
            "1시간내 이동가능 거점":"NA",
            "교통총점":"NA",
            "백화점":0,
            "아울렛몰":0,
            "대형마트":0,
            "은행":0,
            "병원":0,
            "종합병원":0,
            "공원":0,
            "혐오시설":0,
            "인프라총점":0.0,
            "초등학군":90.01,
            "중학군":48.48,
            "학군총점":56.786,
            "인구수":53.4,
            "인구증감":2.01,
            "인구총점":37.983,
            "일자리":32.81,
            "소득수준":58.26,
            "일자리총점":40.445,
            "가치 총점":23.6465,
            "매매실거래년":"18000101",
            "매매실거래가":null,
            "전세실거래년":null,
            "전세실거래가":null,
            "전세가율":null,
            "장기전세가율평균":69.13,
            "전세가율거품지수":null,
            "검색코드":135018,
            "세대수":126.0,
            "준공년월":"2000-10-25",
            "준공년차":23.0,
            "가까운역이름":"NA",
            "가까운역거리":"NA",
            "역세권여부":"NA",
            "30분이내주요거점역":"NA",
            "30분거점역이름":"NA",
            "1시간이내주요거점역":"NA",
            "1시간거점역이름":"NA",
            "3km이내백화점수":0,
            "5km이내아울렛몰수":0,
            "1km이내대형먀트수":0,
            "500m이내은행수":0,
            "500m이내병원수":0,
            "5km이내대형병원수":0,
            "500m이내공원수":0,
            "3km이내혐오시설수":0,
            "초등학교학업성취도":90.01,
            "중학교학업성취도":77.6,
            "용적률":67,
            "건폐율":20,
            "Y":33.421019,
            "X":126.275748,
            "rank":97.0,
            "area_info":"14평(47.08), 14평(47.09), 14평(47.66), 14평(47.68), 17평(56.7), 17평(56.98), 17평(57.22)",
            "last_sales":"1800-01-01,nan,14평(47.08)",
            "rank_history":[
                [
                    "202202",
                    97
                ],
                [
                    "202201",
                    100
                ]
            ],
            "rank_gap":3
        },
        {
            "index":381,
            "아파트명":"주암썬빌리지",
            "투자타입":"일반",
            "전용면적(m2)":"41.87",
            "전용면적(평)":"12평",
            "법정동주소":"제주도 제주시 한림읍 옹포리 636-1",
            "도로명주소":"제주도 제주시 옹포4길 20",
            "세대수":0,
            "입주년차":20,
            "용적률점수":"--",
            "건폐율점수":"--",
            "세대당주차수":0,
            "난방방식":30,
            "공급면적":"--",
            "전용률":"--",
            "욕실수":50,
            "현관타입":100,
            "주거총점":22.0,
            "지역구공급총점":100.0,
            "역세권":"NA",
            "30분내 이동가능 거점":"NA",
            "1시간내 이동가능 거점":"NA",
            "교통총점":"NA",
            "백화점":0,
            "아울렛몰":0,
            "대형마트":0,
            "은행":0,
            "병원":0,
            "종합병원":0,
            "공원":0,
            "혐오시설":0,
            "인프라총점":0.0,
            "초등학군":90.04,
            "중학군":48.48,
            "학군총점":56.792,
            "인구수":53.4,
            "인구증감":2.01,
            "인구총점":37.983,
            "일자리":32.81,
            "소득수준":58.26,
            "일자리총점":40.445,
            "가치 총점":21.898,
            "매매실거래년":"18000101",
            "매매실거래가":null,
            "전세실거래년":null,
            "전세실거래가":null,
            "전세가율":null,
            "장기전세가율평균":69.13,
            "전세가율거품지수":null,
            "검색코드":17120,
            "세대수":112.0,
            "준공년월":"2001-01-20",
            "준공년차":22.0,
            "가까운역이름":"NA",
            "가까운역거리":"NA",
            "역세권여부":"NA",
            "30분이내주요거점역":"NA",
            "30분거점역이름":"NA",
            "1시간이내주요거점역":"NA",
            "1시간거점역이름":"NA",
            "3km이내백화점수":0,
            "5km이내아울렛몰수":0,
            "1km이내대형먀트수":0,
            "500m이내은행수":0,
            "500m이내병원수":0,
            "5km이내대형병원수":0,
            "500m이내공원수":0,
            "3km이내혐오시설수":0,
            "초등학교학업성취도":90.04,
            "중학교학업성취도":77.6,
            "용적률":65,
            "건폐율":19,
            "Y":33.400213,
            "X":126.253063,
            "rank":98.0,
            "area_info":"12평(41.87), 17평(56.72), 22평(72.79)",
            "last_sales":"1800-01-01,nan,12평(41.87)",
            "rank_history":[
                [
                    "202202",
                    98
                ],
                [
                    "202201",
                    102
                ]
            ],
            "rank_gap":4
        },
        {
            "index":158,
            "아파트명":"이강",
            "투자타입":"일반",
            "전용면적(m2)":"33.62",
            "전용면적(평)":"10평",
            "법정동주소":"제주도 제주시 애월읍 고내리 115",
            "도로명주소":"제주도 제주시 고내동길 21",
            "세대수":0,
            "입주년차":0,
            "용적률점수":"--",
            "건폐율점수":"--",
            "세대당주차수":0,
            "난방방식":30,
            "공급면적":"--",
            "전용률":"--",
            "욕실수":50,
            "현관타입":100,
            "주거총점":18.0,
            "지역구공급총점":100.0,
            "역세권":"NA",
            "30분내 이동가능 거점":"NA",
            "1시간내 이동가능 거점":"NA",
            "교통총점":"NA",
            "백화점":0,
            "아울렛몰":0,
            "대형마트":0,
            "은행":0,
            "병원":0,
            "종합병원":0,
            "공원":0,
            "혐오시설":0,
            "인프라총점":0.0,
            "초등학군":90.13,
            "중학군":54.84,
            "학군총점":61.898,
            "인구수":53.4,
            "인구증감":2.01,
            "인구총점":37.983,
            "일자리":32.81,
            "소득수준":58.26,
            "일자리총점":40.445,
            "가치 총점":21.7745,
            "매매실거래년":"18000101",
            "매매실거래가":null,
            "전세실거래년":null,
            "전세실거래가":null,
            "전세가율":null,
            "장기전세가율평균":69.13,
            "전세가율거품지수":null,
            "검색코드":132766,
            "세대수":118.0,
            "준공년월":"1997-06-23",
            "준공년차":26.0,
            "가까운역이름":"NA",
            "가까운역거리":"NA",
            "역세권여부":"NA",
            "30분이내주요거점역":"NA",
            "30분거점역이름":"NA",
            "1시간이내주요거점역":"NA",
            "1시간거점역이름":"NA",
            "3km이내백화점수":0,
            "5km이내아울렛몰수":0,
            "1km이내대형먀트수":0,
            "500m이내은행수":0,
            "500m이내병원수":0,
            "5km이내대형병원수":0,
            "500m이내공원수":0,
            "3km이내혐오시설수":0,
            "초등학교학업성취도":90.13,
            "중학교학업성취도":85.0,
            "용적률":59,
            "건폐율":17,
            "Y":33.468585,
            "X":126.349378,
            "rank":99.0,
            "area_info":"10평(33.62), 11평(37.42), 15평(50.11)",
            "last_sales":"1800-01-01,nan,10평(33.62)",
            "rank_history":[
                [
                    "202202",
                    99
                ],
                [
                    "202201",
                    101
                ]
            ],
            "rank_gap":2
        }
    ]
}