{
    "schema":{
        "fields":[
            {
                "name":"index",
                "type":"integer"
            },
            {
                "name":"아파트명",
                "type":"string"
            },
            {
                "name":"투자타입",
                "type":"string"
            },
            {
                "name":"전용면적(m2)",
                "type":"string"
            },
            {
                "name":"전용면적(평)",
                "type":"string"
            },
            {
                "name":"법정동주소",
                "type":"string"
            },
            {
                "name":"도로명주소",
                "type":"string"
            },
            {
                "name":"세대수",
                "type":"integer"
            },
            {
                "name":"입주년차",
                "type":"string"
            },
            {
                "name":"용적률점수",
                "type":"string"
            },
            {
                "name":"건폐율점수",
                "type":"string"
            },
            {
                "name":"세대당주차수",
                "type":"string"
            },
            {
                "name":"난방방식",
                "type":"string"
            },
            {
                "name":"공급면적",
                "type":"string"
            },
            {
                "name":"전용률",
                "type":"string"
            },
            {
                "name":"욕실수",
                "type":"string"
            },
            {
                "name":"현관타입",
                "type":"string"
            },
            {
                "name":"주거총점",
                "type":"number"
            },
            {
                "name":"지역구공급총점",
                "type":"number"
            },
            {
                "name":"역세권",
                "type":"string"
            },
            {
                "name":"30분내 이동가능 거점",
                "type":"string"
            },
            {
                "name":"1시간내 이동가능 거점",
                "type":"string"
            },
            {
                "name":"교통총점",
                "type":"string"
            },
            {
                "name":"백화점",
                "type":"integer"
            },
            {
                "name":"아울렛몰",
                "type":"integer"
            },
            {
                "name":"대형마트",
                "type":"integer"
            },
            {
                "name":"은행",
                "type":"integer"
            },
            {
                "name":"병원",
                "type":"integer"
            },
            {
                "name":"종합병원",
                "type":"integer"
            },
            {
                "name":"공원",
                "type":"integer"
            },
            {
                "name":"혐오시설",
                "type":"integer"
            },
            {
                "name":"인프라총점",
                "type":"number"
            },
            {
                "name":"초등학군",
                "type":"number"
            },
            {
                "name":"중학군",
                "type":"number"
            },
            {
                "name":"학군총점",
                "type":"number"
            },
            {
                "name":"인구수",
                "type":"number"
            },
            {
                "name":"인구증감",
                "type":"number"
            },
            {
                "name":"인구총점",
                "type":"number"
            },
            {
                "name":"일자리",
                "type":"number"
            },
            {
                "name":"소득수준",
                "type":"number"
            },
            {
                "name":"일자리총점",
                "type":"number"
            },
            {
                "name":"가치 총점",
                "type":"number"
            },
            {
                "name":"매매실거래년",
                "type":"string"
            },
            {
                "name":"매매실거래가",
                "type":"number"
            },
            {
                "name":"전세실거래년",
                "type":"number"
            },
            {
                "name":"전세실거래가",
                "type":"number"
            },
            {
                "name":"전세가율",
                "type":"number"
            },
            {
                "name":"장기전세가율평균",
                "type":"number"
            },
            {
                "name":"전세가율거품지수",
                "type":"number"
            },
            {
                "name":"검색코드",
                "type":"integer"
            },
            {
                "name":"세대수",
                "type":"number"
            },
            {
                "name":"준공년월",
                "type":"string"
            },
            {
                "name":"준공년차",
                "type":"number"
            },
            {
                "name":"가까운역이름",
                "type":"string"
            },
            {
                "name":"가까운역거리",
                "type":"string"
            },
            {
                "name":"역세권여부",
                "type":"string"
            },
            {
                "name":"30분이내주요거점역",
                "type":"string"
            },
            {
                "name":"30분거점역이름",
                "type":"string"
            },
            {
                "name":"1시간이내주요거점역",
                "type":"string"
            },
            {
                "name":"1시간거점역이름",
                "type":"string"
            },
            {
                "name":"3km이내백화점수",
                "type":"integer"
            },
            {
                "name":"5km이내아울렛몰수",
                "type":"integer"
            },
            {
                "name":"1km이내대형먀트수",
                "type":"integer"
            },
            {
                "name":"500m이내은행수",
                "type":"integer"
            },
            {
                "name":"500m이내병원수",
                "type":"integer"
            },
            {
                "name":"5km이내대형병원수",
                "type":"integer"
            },
            {
                "name":"500m이내공원수",
                "type":"integer"
            },
            {
                "name":"3km이내혐오시설수",
                "type":"integer"
            },
            {
                "name":"초등학교학업성취도",
                "type":"number"
            },
            {
                "name":"중학교학업성취도",
                "type":"number"
            },
            {
                "name":"용적률",
                "type":"integer"
            },
            {
                "name":"건폐율",
                "type":"integer"
            },
            {
                "name":"Y",
                "type":"number"
            },
            {
                "name":"X",
                "type":"number"
            },
            {
                "name":"rank",
                "type":"number"
            },
            {
                "name":"area_info",
                "type":"string"
            },
            {
                "name":"last_sales",
                "type":"string"
            },
            {
                "name":"rank_history",
                "type":"string"
            },
            {
                "name":"rank_gap",
                "type":"integer"
            }
        ],
        "primaryKey":[
            "index"
        ],
        "pandas_version":"1.4.0"
    },
    "data":[
        {
            "index":158,
            "아파트명":"현대맨션1차",
            "투자타입":"재건축",
            "전용면적(m2)":"98.51",
            "전용면적(평)":"29평",
            "법정동주소":"제주도 서귀포시 법환동 749-1",
            "도로명주소":"제주도 서귀포시 신서귀로 10",
            "세대수":0,
            "입주년차":"--",
            "용적률점수":100,
            "건폐율점수":60,
            "세대당주차수":"--",
            "난방방식":"--",
            "공급면적":70,
            "전용률":60,
            "욕실수":"--",
            "현관타입":"--",
            "주거총점":58.5,
            "지역구공급총점":50.0,
            "역세권":"NA",
            "30분내 이동가능 거점":"NA",
            "1시간내 이동가능 거점":"NA",
            "교통총점":"NA",
            "백화점":0,
            "아울렛몰":0,
            "대형마트":100,
            "은행":20,
            "병원":0,
            "종합병원":80,
            "공원":100,
            "혐오시설":0,
            "인프라총점":36.0,
            "초등학군":90.0,
            "중학군":47.14,
            "학군총점":55.712,
            "인구수":18.98,
            "인구증감":8.98,
            "인구총점":15.98,
            "일자리":14.57,
            "소득수준":52.75,
            "일자리총점":26.024,
            "가치 총점":48.803,
            "매매실거래년":"18000101",
            "매매실거래가":null,
            "전세실거래년":null,
            "전세실거래가":null,
            "전세가율":null,
            "장기전세가율평균":66.82,
            "전세가율거품지수":null,
            "검색코드":15141,
            "세대수":156.0,
            "준공년월":"1992-12-21",
            "준공년차":31.0,
            "가까운역이름":"NA",
            "가까운역거리":"NA",
            "역세권여부":"NA",
            "30분이내주요거점역":"NA",
            "30분거점역이름":"NA",
            "1시간이내주요거점역":"NA",
            "1시간거점역이름":"NA",
            "3km이내백화점수":0,
            "5km이내아울렛몰수":0,
            "1km이내대형먀트수":2,
            "500m이내은행수":2,
            "500m이내병원수":0,
            "5km이내대형병원수":1,
            "500m이내공원수":5,
            "3km이내혐오시설수":0,
            "초등학교학업성취도":90.0,
            "중학교학업성취도":77.7,
            "용적률":84,
            "건폐율":32,
            "Y":33.249731,
            "X":126.510995,
            "rank":1.0,
            "area_info":"29평(98.51), 31평(104.05), 34평(113.24), 34평(113.36), 34평(113.18)",
            "last_sales":"1800-01-01,nan,29평(98.51)",
            "rank_history":[
                [
                    "202202",
                    1
                ],
                [
                    "202201",
                    1
                ]
            ],
            "rank_gap":0
        },
        {
            "index":163,
            "아파트명":"제주서귀포혁신도시LH2단지",
            "투자타입":"일반",
            "전용면적(m2)":"95.52",
            "전용면적(평)":"28평",
            "법정동주소":"제주도 서귀포시 서호동 1545",
            "도로명주소":"제주도 서귀포시 서호남로 92-16",
            "세대수":50,
            "입주년차":80,
            "용적률점수":"--",
            "건폐율점수":"--",
            "세대당주차수":30,
            "난방방식":30,
            "공급면적":"--",
            "전용률":"--",
            "욕실수":100,
            "현관타입":100,
            "주거총점":61.0,
            "지역구공급총점":50.0,
            "역세권":"NA",
            "30분내 이동가능 거점":"NA",
            "1시간내 이동가능 거점":"NA",
            "교통총점":"NA",
            "백화점":0,
            "아울렛몰":0,
            "대형마트":80,
            "은행":0,
            "병원":0,
            "종합병원":80,
            "공원":100,
            "혐오시설":0,
            "인프라총점":31.0,
            "초등학군":90.0,
            "중학군":47.14,
            "학군총점":55.712,
            "인구수":18.98,
            "인구증감":8.98,
            "인구총점":15.98,
            "일자리":14.57,
            "소득수준":52.75,
            "일자리총점":26.024,
            "가치 총점":47.678,
            "매매실거래년":20220114.0,
            "매매실거래가":48000.0,
            "전세실거래년":20220114.0,
            "전세실거래가":24000.0,
            "전세가율":54.79,
            "장기전세가율평균":66.82,
            "전세가율거품지수":12.03,
            "검색코드":107706,
            "세대수":548.0,
            "준공년월":"2015-09-01",
            "준공년차":8.0,
            "가까운역이름":"NA",
            "가까운역거리":"NA",
            "역세권여부":"NA",
            "30분이내주요거점역":"NA",
            "30분거점역이름":"NA",
            "1시간이내주요거점역":"NA",
            "1시간거점역이름":"NA",
            "3km이내백화점수":0,
            "5km이내아울렛몰수":0,
            "1km이내대형먀트수":1,
            "500m이내은행수":0,
            "500m이내병원수":0,
            "5km이내대형병원수":1,
            "500m이내공원수":2,
            "3km이내혐오시설수":0,
            "초등학교학업성취도":90.0,
            "중학교학업성취도":77.7,
            "용적률":114,
            "건폐율":13,
            "Y":33.248839,
            "X":126.520952,
            "rank":2.0,
            "area_info":"28평(95.52), 32평(108.26), 32평(108.21), 32평(108.26)",
            "last_sales":"2022-01-14,48000.0,32평(108.26)",
            "rank_history":[
                [
                    "202202",
                    2
                ],
                [
                    "202201",
                    7
                ]
            ],
            "rank_gap":5
        },
        {
            "index":57,
            "아파트명":"동홍주공2단지",
            "투자타입":"재건축",
            "전용면적(m2)":"45.54",
            "전용면적(평)":"13평",
            "법정동주소":"제주도 서귀포시 동홍동 119",
            "도로명주소":"제주도 서귀포시 동홍중앙로 30",
            "세대수":30,
            "입주년차":"--",
            "용적률점수":100,
            "건폐율점수":80,
            "세대당주차수":"--",
            "난방방식":"--",
            "공급면적":50,
            "전용률":80,
            "욕실수":"--",
            "현관타입":"--",
            "주거총점":71.5,
            "지역구공급총점":50.0,
            "역세권":"NA",
            "30분내 이동가능 거점":"NA",
            "1시간내 이동가능 거점":"NA",
            "교통총점":"NA",
            "백화점":0,
            "아울렛몰":0,
            "대형마트":0,
            "은행":0,
            "병원":0,
            "종합병원":80,
            "공원":100,
            "혐오시설":0,
            "인프라총점":19.0,
            "초등학군":89.99,
            "중학군":43.76,
            "학군총점":53.006,
            "인구수":18.98,
            "인구증감":8.98,
            "인구총점":15.98,
            "일자리":14.57,
            "소득수준":52.75,
            "일자리총점":26.024,
            "가치 총점":45.8765,
            "매매실거래년":20211229.0,
            "매매실거래가":19500.0,
            "전세실거래년":20210911.0,
            "전세실거래가":12000.0,
            "전세가율":61.54,
            "장기전세가율평균":66.82,
            "전세가율거품지수":5.28,
            "검색코드":7765,
            "세대수":300.0,
            "준공년월":"1990-12-17",
            "준공년차":33.0,
            "가까운역이름":"NA",
            "가까운역거리":"NA",
            "역세권여부":"NA",
            "30분이내주요거점역":"NA",
            "30분거점역이름":"NA",
            "1시간이내주요거점역":"NA",
            "1시간거점역이름":"NA",
            "3km이내백화점수":0,
            "5km이내아울렛몰수":0,
            "1km이내대형먀트수":0,
            "500m이내은행수":1,
            "500m이내병원수":0,
            "5km이내대형병원수":1,
            "500m이내공원수":6,
            "3km이내혐오시설수":0,
            "초등학교학업성취도":89.99,
            "중학교학업성취도":72.4,
            "용적률":94,
            "건폐율":22,
            "Y":33.253922,
            "X":126.572503,
            "rank":3.0,
            "area_info":"13평(45.54), 13평(45.15), 15평(52.53), 15평(52.86)",
            "last_sales":"2021-12-29,19500.0,13평(45.54)",
            "rank_history":[
                [
                    "202202",
                    3
                ],
                [
                    "202201",
                    2
                ]
            ],
            "rank_gap":-1
        },
        {
            "index":167,
            "아파트명":"제주서귀포혁신도시엘에이치1단지",
            "투자타입":"일반",
            "전용면적(m2)":"79.75",
            "전용면적(평)":"24평",
            "법정동주소":"제주도 서귀포시 서호동 1540",
            "도로명주소":"제주도 서귀포시 서호남로 92-15",
            "세대수":50,
            "입주년차":60,
            "용적률점수":"--",
            "건폐율점수":"--",
            "세대당주차수":0,
            "난방방식":30,
            "공급면적":"--",
            "전용률":"--",
            "욕실수":100,
            "현관타입":100,
            "주거총점":52.5,
            "지역구공급총점":50.0,
            "역세권":"NA",
            "30분내 이동가능 거점":"NA",
            "1시간내 이동가능 거점":"NA",
            "교통총점":"NA",
            "백화점":0,
            "아울렛몰":0,
            "대형마트":80,
            "은행":0,
            "병원":0,
            "종합병원":80,
            "공원":80,
            "혐오시설":0,
            "인프라총점":30.4,
            "초등학군":90.0,
            "중학군":47.14,
            "학군총점":55.712,
            "인구수":18.98,
            "인구증감":8.98,
            "인구총점":15.98,
            "일자리":14.57,
            "소득수준":52.75,
            "일자리총점":26.024,
            "가치 총점":44.463,
            "매매실거래년":20220107.0,
            "매매실거래가":34700.0,
            "전세실거래년":20201102.0,
            "전세실거래가":17000.0,
            "전세가율":48.99,
            "장기전세가율평균":66.82,
            "전세가율거품지수":17.83,
            "검색코드":105007,
            "세대수":450.0,
            "준공년월":"2013-12-27",
            "준공년차":10.0,
            "가까운역이름":"NA",
            "가까운역거리":"NA",
            "역세권여부":"NA",
            "30분이내주요거점역":"NA",
            "30분거점역이름":"NA",
            "1시간이내주요거점역":"NA",
            "1시간거점역이름":"NA",
            "3km이내백화점수":0,
            "5km이내아울렛몰수":0,
            "1km이내대형먀트수":1,
            "500m이내은행수":0,
            "500m이내병원수":0,
            "5km이내대형병원수":1,
            "500m이내공원수":1,
            "3km이내혐오시설수":0,
            "초등학교학업성취도":90.0,
            "중학교학업성취도":77.7,
            "용적률":119,
            "건폐율":15,
            "Y":33.248998,
            "X":126.523009,
            "rank":4.0,
            "area_info":"24평(79.75), 29평(98.78), 33평(111.65), 33평(111.68), 34평(112.89)",
            "last_sales":"2022-01-07,34700.0,24평(79.75)",
            "rank_history":[
                [
                    "202202",
                    4
                ],
                [
                    "202201",
                    10
                ]
            ],
            "rank_gap":6
        },
        {
            "index":172,
            "아파트명":"서강파인힐6차",
            "투자타입":"일반",
            "전용면적(m2)":"102.45",
            "전용면적(평)":"30평",
            "법정동주소":"제주도 서귀포시 서홍동 2598",
            "도로명주소":"제주도 서귀포시 홍중로 119-2",
            "세대수":0,
            "입주년차":100,
            "용적률점수":"--",
            "건폐율점수":"--",
            "세대당주차수":80,
            "난방방식":30,
            "공급면적":"--",
            "전용률":"--",
            "욕실수":100,
            "현관타입":100,
            "주거총점":55.0,
            "지역구공급총점":50.0,
            "역세권":"NA",
            "30분내 이동가능 거점":"NA",
            "1시간내 이동가능 거점":"NA",
            "교통총점":"NA",
            "백화점":0,
            "아울렛몰":0,
            "대형마트":80,
            "은행":0,
            "병원":0,
            "종합병원":80,
            "공원":0,
            "혐오시설":0,
            "인프라총점":28.0,
            "초등학군":90.0,
            "중학군":47.52,
            "학군총점":56.016,
            "인구수":18.98,
            "인구증감":8.98,
            "인구총점":15.98,
            "일자리":14.57,
            "소득수준":52.75,
            "일자리총점":26.024,
            "가치 총점":44.454,
            "매매실거래년":20210810.0,
            "매매실거래가":37500.0,
            "전세실거래년":null,
            "전세실거래가":null,
            "전세가율":null,
            "장기전세가율평균":66.82,
            "전세가율거품지수":null,
            "검색코드":125565,
            "세대수":130.0,
            "준공년월":"2020-12-07",
            "준공년차":3.0,
            "가까운역이름":"NA",
            "가까운역거리":"NA",
            "역세권여부":"NA",
            "30분이내주요거점역":"NA",
            "30분거점역이름":"NA",
            "1시간이내주요거점역":"NA",
            "1시간거점역이름":"NA",
            "3km이내백화점수":0,
            "5km이내아울렛몰수":0,
            "1km이내대형먀트수":1,
            "500m이내은행수":0,
            "500m이내병원수":0,
            "5km이내대형병원수":1,
            "500m이내공원수":0,
            "3km이내혐오시설수":0,
            "초등학교학업성취도":90.0,
            "중학교학업성취도":78.0,
            "용적률":238,
            "건폐율":45,
            "Y":33.263469,
            "X":126.555054,
            "rank":5.0,
            "area_info":"30평(102.45), 31평(105.31), 31평(105.42), 32평(106.53), 32평(106.97), 39평(130.03), 42평(140.6), 50평(165.87)",
            "last_sales":"2021-08-10,37500.0,31평(105.31)",
            "rank_history":[
                [
                    "202202",
                    5
                ],
                [
                    "202201",
                    3
                ]
            ],
            "rank_gap":-2
        },
        {
            "index":46,
            "아파트명":"동홍동센트레빌",
            "투자타입":"일반",
            "전용면적(m2)":"77.42",
            "전용면적(평)":"23평",
            "법정동주소":"제주도 서귀포시 동홍동 1369",
            "도로명주소":"제주도 서귀포시 중앙로182번길 40",
            "세대수":0,
            "입주년차":100,
            "용적률점수":"--",
            "건폐율점수":"--",
            "세대당주차수":30,
            "난방방식":30,
            "공급면적":"--",
            "전용률":"--",
            "욕실수":100,
            "현관타입":100,
            "주거총점":47.5,
            "지역구공급총점":50.0,
            "역세권":"NA",
            "30분내 이동가능 거점":"NA",
            "1시간내 이동가능 거점":"NA",
            "교통총점":"NA",
            "백화점":0,
            "아울렛몰":0,
            "대형마트":80,
            "은행":0,
            "병원":0,
            "종합병원":80,
            "공원":100,
            "혐오시설":0,
            "인프라총점":31.0,
            "초등학군":90.0,
            "중학군":49.58,
            "학군총점":57.664,
            "인구수":18.98,
            "인구증감":8.98,
            "인구총점":15.98,
            "일자리":14.57,
            "소득수준":52.75,
            "일자리총점":26.024,
            "가치 총점":43.441,
            "매매실거래년":20220125.0,
            "매매실거래가":54550.0,
            "전세실거래년":null,
            "전세실거래가":null,
            "전세가율":null,
            "장기전세가율평균":66.82,
            "전세가율거품지수":null,
            "검색코드":129307,
            "세대수":212.0,
            "준공년월":"2021-11-01",
            "준공년차":2.0,
            "가까운역이름":"NA",
            "가까운역거리":"NA",
            "역세권여부":"NA",
            "30분이내주요거점역":"NA",
            "30분거점역이름":"NA",
            "1시간이내주요거점역":"NA",
            "1시간거점역이름":"NA",
            "3km이내백화점수":0,
            "5km이내아울렛몰수":0,
            "1km이내대형먀트수":1,
            "500m이내은행수":0,
            "500m이내병원수":0,
            "5km이내대형병원수":1,
            "500m이내공원수":3,
            "3km이내혐오시설수":0,
            "초등학교학업성취도":90.0,
            "중학교학업성취도":81.5,
            "용적률":0,
            "건폐율":0,
            "Y":33.261586,
            "X":126.563433,
            "rank":6.0,
            "area_info":"23평(77.42), 30평(101.47), 33평(109.21), 33평(109.48)",
            "last_sales":"2022-01-25,54550.0,33평(109.21)",
            "rank_history":[
                [
                    "202202",
                    6
                ],
                [
                    "202201",
                    5
                ]
            ],
            "rank_gap":-1
        },
        {
            "index":64,
            "아파트명":"동홍주공5단지",
            "투자타입":"일반",
            "전용면적(m2)":"47.83",
            "전용면적(평)":"14평",
            "법정동주소":"제주도 서귀포시 동홍동 1674",
            "도로명주소":"제주도 서귀포시 중산간동로 8002",
            "세대수":80,
            "입주년차":20,
            "용적률점수":"--",
            "건폐율점수":"--",
            "세대당주차수":0,
            "난방방식":30,
            "공급면적":"--",
            "전용률":"--",
            "욕실수":50,
            "현관타입":100,
            "주거총점":50.0,
            "지역구공급총점":50.0,
            "역세권":"NA",
            "30분내 이동가능 거점":"NA",
            "1시간내 이동가능 거점":"NA",
            "교통총점":"NA",
            "백화점":0,
            "아울렛몰":0,
            "대형마트":80,
            "은행":0,
            "병원":0,
            "종합병원":80,
            "공원":80,
            "혐오시설":0,
            "인프라총점":30.4,
            "초등학군":90.0,
            "중학군":46.0,
            "학군총점":54.8,
            "인구수":18.98,
            "인구증감":8.98,
            "인구총점":15.98,
            "일자리":14.57,
            "소득수준":52.75,
            "일자리총점":26.024,
            "가치 총점":43.36,
            "매매실거래년":20220119.0,
            "매매실거래가":19900.0,
            "전세실거래년":20211215.0,
            "전세실거래가":10000.0,
            "전세가율":58.82,
            "장기전세가율평균":66.82,
            "전세가율거품지수":8.0,
            "검색코드":7773,
            "세대수":830.0,
            "준공년월":"1999-04-16",
            "준공년차":24.0,
            "가까운역이름":"NA",
            "가까운역거리":"NA",
            "역세권여부":"NA",
            "30분이내주요거점역":"NA",
            "30분거점역이름":"NA",
            "1시간이내주요거점역":"NA",
            "1시간거점역이름":"NA",
            "3km이내백화점수":0,
            "5km이내아울렛몰수":0,
            "1km이내대형먀트수":1,
            "500m이내은행수":0,
            "500m이내병원수":0,
            "5km이내대형병원수":1,
            "500m이내공원수":1,
            "3km이내혐오시설수":0,
            "초등학교학업성취도":90.0,
            "중학교학업성취도":76.2,
            "용적률":94,
            "건폐율":26,
            "Y":33.265729,
            "X":126.562738,
            "rank":7.0,
            "area_info":"14평(47.83), 14평(47.67), 18평(59.94), 18평(60.06)",
            "last_sales":"2022-01-19,19900.0,18평(59.94)",
            "rank_history":[
                [
                    "202202",
                    7
                ],
                [
                    "202201",
                    6
                ]
            ],
            "rank_gap":-1
        },
        {
            "index":7,
            "아파트명":"제주강정유승한내들퍼스트오션(4블록)",
            "투자타입":"일반",
            "전용면적(m2)":"112.45",
            "전용면적(평)":"34평",
            "법정동주소":"제주도 서귀포시 강정동 200",
            "도로명주소":"제주도 서귀포시 대청로 34",
            "세대수":50,
            "입주년차":80,
            "용적률점수":"--",
            "건폐율점수":"--",
            "세대당주차수":30,
            "난방방식":30,
            "공급면적":"--",
            "전용률":"--",
            "욕실수":100,
            "현관타입":100,
            "주거총점":61.0,
            "지역구공급총점":50.0,
            "역세권":"NA",
            "30분내 이동가능 거점":"NA",
            "1시간내 이동가능 거점":"NA",
            "교통총점":"NA",
            "백화점":0,
            "아울렛몰":0,
            "대형마트":80,
            "은행":0,
            "병원":0,
            "종합병원":0,
            "공원":100,
            "혐오시설":0,
            "인프라총점":15.0,
            "초등학군":90.0,
            "중학군":47.14,
            "학군총점":55.712,
            "인구수":18.98,
            "인구증감":8.98,
            "인구총점":15.98,
            "일자리":14.57,
            "소득수준":52.75,
            "일자리총점":26.024,
            "가치 총점":41.278,
            "매매실거래년":20220103.0,
            "매매실거래가":70000.0,
            "전세실거래년":20211230.0,
            "전세실거래가":39000.0,
            "전세가율":60.0,
            "장기전세가율평균":66.82,
            "전세가율거품지수":6.82,
            "검색코드":110009,
            "세대수":499.0,
            "준공년월":"2017-03-01",
            "준공년차":6.0,
            "가까운역이름":"NA",
            "가까운역거리":"NA",
            "역세권여부":"NA",
            "30분이내주요거점역":"NA",
            "30분거점역이름":"NA",
            "1시간이내주요거점역":"NA",
            "1시간거점역이름":"NA",
            "3km이내백화점수":0,
            "5km이내아울렛몰수":0,
            "1km이내대형먀트수":1,
            "500m이내은행수":1,
            "500m이내병원수":0,
            "5km이내대형병원수":0,
            "500m이내공원수":5,
            "3km이내혐오시설수":0,
            "초등학교학업성취도":90.0,
            "중학교학업성취도":77.7,
            "용적률":143,
            "건폐율":19,
            "Y":33.251451,
            "X":126.503449,
            "rank":8.0,
            "area_info":"34평(112.45), 34평(112.88), 39평(129.73), 39평(130.04), 42평(138.85)",
            "last_sales":"2022-01-03,70000.0,39평(130.04)",
            "rank_history":[
                [
                    "202202",
                    8
                ],
                [
                    "202201",
                    4
                ]
            ],
            "rank_gap":-4
        },
        {
            "index":4,
            "아파트명":"서귀포강정지구중흥S-클래스",
            "투자타입":"일반",
            "전용면적(m2)":"109.03",
            "전용면적(평)":"32평",
            "법정동주소":"제주도 서귀포시 강정동 195",
            "도로명주소":"제주도 서귀포시 대청로 12",
            "세대수":50,
            "입주년차":80,
            "용적률점수":"--",
            "건폐율점수":"--",
            "세대당주차수":30,
            "난방방식":30,
            "공급면적":"--",
            "전용률":"--",
            "욕실수":100,
            "현관타입":100,
            "주거총점":61.0,
            "지역구공급총점":50.0,
            "역세권":"NA",
            "30분내 이동가능 거점":"NA",
            "1시간내 이동가능 거점":"NA",
            "교통총점":"NA",
            "백화점":0,
            "아울렛몰":0,
            "대형마트":80,
            "은행":0,
            "병원":0,
            "종합병원":0,
            "공원":100,
            "혐오시설":0,
            "인프라총점":15.0,
            "초등학군":90.0,
            "중학군":47.14,
            "학군총점":55.712,
            "인구수":18.98,
            "인구증감":8.98,
            "인구총점":15.98,
            "일자리":14.57,
            "소득수준":52.75,
            "일자리총점":26.024,
            "가치 총점":41.278,
            "매매실거래년":20220106.0,
            "매매실거래가":59000.0,
            "전세실거래년":20220127.0,
            "전세실거래가":26250.0,
            "전세가율":44.49,
            "장기전세가율평균":66.82,
            "전세가율거품지수":22.33,
            "검색코드":109381,
            "세대수":525.0,
            "준공년월":"2016-11-01",
            "준공년차":7.0,
            "가까운역이름":"NA",
            "가까운역거리":"NA",
            "역세권여부":"NA",
            "30분이내주요거점역":"NA",
            "30분거점역이름":"NA",
            "1시간이내주요거점역":"NA",
            "1시간거점역이름":"NA",
            "3km이내백화점수":0,
            "5km이내아울렛몰수":0,
            "1km이내대형먀트수":1,
            "500m이내은행수":0,
            "500m이내병원수":0,
            "5km이내대형병원수":0,
            "500m이내공원수":4,
            "3km이내혐오시설수":0,
            "초등학교학업성취도":90.0,
            "중학교학업성취도":77.7,
            "용적률":139,
            "건폐율":19,
            "Y":33.251781,
            "X":126.500889,
            "rank":8.0,
            "area_info":"32평(109.03)",
            "last_sales":"2022-01-06,59000.0,32평(109.03)",
            "rank_history":[
                [
                    "202202",
                    8
                ],
                [
                    "202201",
                    8
                ]
            ],
            "rank_gap":0
        },
        {
            "index":18,
            "아파트명":"삼정G.edu",
            "투자타입":"일반",
            "전용면적(m2)":"78.19",
            "전용면적(평)":"23평",
            "법정동주소":"제주도 서귀포시 대정읍 보성리 2424",
            "도로명주소":"제주도 서귀포시 에듀시티로 148",
            "세대수":80,
            "입주년차":80,
            "용적률점수":"--",
            "건폐율점수":"--",
            "세대당주차수":30,
            "난방방식":30,
            "공급면적":"--",
            "전용률":"--",
            "욕실수":100,
            "현관타입":100,
            "주거총점":71.5,
            "지역구공급총점":50.0,
            "역세권":"NA",
            "30분내 이동가능 거점":"NA",
            "1시간내 이동가능 거점":"NA",
            "교통총점":"NA",
            "백화점":0,
            "아울렛몰":0,
            "대형마트":0,
            "은행":0,
            "병원":0,
            "종합병원":0,
            "공원":0,
            "혐오시설":0,
            "인프라총점":0.0,
            "초등학군":89.98,
            "중학군":47.22,
            "학군총점":55.772,
            "인구수":18.98,
            "인구증감":8.98,
            "인구총점":15.98,
            "일자리":14.57,
            "소득수준":52.75,
            "일자리총점":26.024,
            "가치 총점":38.968,
            "매매실거래년":"18000101",
            "매매실거래가":null,
            "전세실거래년":null,
            "전세실거래가":null,
            "전세가율":null,
            "장기전세가율평균":66.82,
            "전세가율거품지수":null,
            "검색코드":107643,
            "세대수":701.0,
            "준공년월":"2015-06-01",
            "준공년차":8.0,
            "가까운역이름":"NA",
            "가까운역거리":"NA",
            "역세권여부":"NA",
            "30분이내주요거점역":"NA",
            "30분거점역이름":"NA",
            "1시간이내주요거점역":"NA",
            "1시간거점역이름":"NA",
            "3km이내백화점수":0,
            "5km이내아울렛몰수":0,
            "1km이내대형먀트수":0,
            "500m이내은행수":0,
            "500m이내병원수":0,
            "5km이내대형병원수":0,
            "500m이내공원수":0,
            "3km이내혐오시설수":0,
            "초등학교학업성취도":89.98,
            "중학교학업성취도":78.7,
            "용적률":66,
            "건폐율":26,
            "Y":33.285141,
            "X":126.27569,
            "rank":9.0,
            "area_info":"23평(78.19), 29평(97.38), 33평(110.57)",
            "last_sales":"1800-01-01,nan,23평(78.19)",
            "rank_history":[
                [
                    "202202",
                    9
                ],
                [
                    "202201",
                    9
                ]
            ],
            "rank_gap":0
        },
        {
            "index":99,
            "아파트명":"센트럴팰리스(도시형)",
            "투자타입":"일반",
            "전용면적(m2)":"21.62",
            "전용면적(평)":"6평",
            "법정동주소":"제주도 서귀포시 동홍동 1557-1",
            "도로명주소":"제주도 서귀포시 중앙로 172",
            "세대수":0,
            "입주년차":80,
            "용적률점수":"--",
            "건폐율점수":"--",
            "세대당주차수":0,
            "난방방식":30,
            "공급면적":"--",
            "전용률":"--",
            "욕실수":50,
            "현관타입":100,
            "주거총점":34.0,
            "지역구공급총점":50.0,
            "역세권":"NA",
            "30분내 이동가능 거점":"NA",
            "1시간내 이동가능 거점":"NA",
            "교통총점":"NA",
            "백화점":0,
            "아울렛몰":0,
            "대형마트":80,
            "은행":0,
            "병원":0,
            "종합병원":80,
            "공원":100,
            "혐오시설":0,
            "인프라총점":31.0,
            "초등학군":90.0,
            "중학군":49.58,
            "학군총점":57.664,
            "인구수":18.98,
            "인구증감":8.98,
            "인구총점":15.98,
            "일자리":14.57,
            "소득수준":52.75,
            "일자리총점":26.024,
            "가치 총점":38.716,
            "매매실거래년":20210505.0,
            "매매실거래가":21000.0,
            "전세실거래년":20200615.0,
            "전세실거래가":8000.0,
            "전세가율":null,
            "장기전세가율평균":66.82,
            "전세가율거품지수":null,
            "검색코드":120197,
            "세대수":299.0,
            "준공년월":"2018-05-01",
            "준공년차":5.0,
            "가까운역이름":"NA",
            "가까운역거리":"NA",
            "역세권여부":"NA",
            "30분이내주요거점역":"NA",
            "30분거점역이름":"NA",
            "1시간이내주요거점역":"NA",
            "1시간거점역이름":"NA",
            "3km이내백화점수":0,
            "5km이내아울렛몰수":0,
            "1km이내대형먀트수":1,
            "500m이내은행수":0,
            "500m이내병원수":0,
            "5km이내대형병원수":1,
            "500m이내공원수":2,
            "3km이내혐오시설수":0,
            "초등학교학업성취도":90.0,
            "중학교학업성취도":81.5,
            "용적률":406,
            "건폐율":55,
            "Y":33.259886,
            "X":126.560004,
            "rank":10.0,
            "area_info":"6평(21.62), 8평(26.62), 9평(31.5), 11평(38.5), 12평(41.12), 15평(50.12), 16평(53.85), 18평(61.48)",
            "last_sales":"2021-05-05,21000.0,18평(61.48)",
            "rank_history":[
                [
                    "202202",
                    10
                ],
                [
                    "202201",
                    12
                ]
            ],
            "rank_gap":2
        },
        {
            "index":180,
            "아파트명":"지오빌2-2차",
            "투자타입":"일반",
            "전용면적(m2)":"101.94",
            "전용면적(평)":"30평",
            "법정동주소":"제주도 서귀포시 서홍동 305-2",
            "도로명주소":"제주도 서귀포시 중앙로 189",
            "세대수":0,
            "입주년차":60,
            "용적률점수":"--",
            "건폐율점수":"--",
            "세대당주차수":30,
            "난방방식":30,
            "공급면적":"--",
            "전용률":"--",
            "욕실수":50,
            "현관타입":100,
            "주거총점":34.5,
            "지역구공급총점":50.0,
            "역세권":"NA",
            "30분내 이동가능 거점":"NA",
            "1시간내 이동가능 거점":"NA",
            "교통총점":"NA",
            "백화점":0,
            "아울렛몰":0,
            "대형마트":80,
            "은행":0,
            "병원":0,
            "종합병원":80,
            "공원":80,
            "혐오시설":0,
            "인프라총점":30.4,
            "초등학군":90.0,
            "중학군":49.58,
            "학군총점":57.664,
            "인구수":18.98,
            "인구증감":8.98,
            "인구총점":15.98,
            "일자리":14.57,
            "소득수준":52.75,
            "일자리총점":26.024,
            "가치 총점":38.651,
            "매매실거래년":20211222.0,
            "매매실거래가":34500.0,
            "전세실거래년":20220107.0,
            "전세실거래가":20000.0,
            "전세가율":78.12,
            "장기전세가율평균":66.82,
            "전세가율거품지수":-11.3,
            "검색코드":112824,
            "세대수":142.0,
            "준공년월":"2013-05-07",
            "준공년차":10.0,
            "가까운역이름":"NA",
            "가까운역거리":"NA",
            "역세권여부":"NA",
            "30분이내주요거점역":"NA",
            "30분거점역이름":"NA",
            "1시간이내주요거점역":"NA",
            "1시간거점역이름":"NA",
            "3km이내백화점수":0,
            "5km이내아울렛몰수":0,
            "1km이내대형먀트수":1,
            "500m이내은행수":0,
            "500m이내병원수":0,
            "5km이내대형병원수":1,
            "500m이내공원수":1,
            "3km이내혐오시설수":0,
            "초등학교학업성취도":90.0,
            "중학교학업성취도":81.5,
            "용적률":200,
            "건폐율":33,
            "Y":33.260935,
            "X":126.55832,
            "rank":11.0,
            "area_info":"30평(101.94), 34평(114.22), 35평(116.49)",
            "last_sales":"2021-12-22,34500.0,34평(114.22)",
            "rank_history":[
                [
                    "202202",
                    11
                ],
                [
                    "202201",
                    13
                ]
            ],
            "rank_gap":2
        },
        {
            "index":40,
            "아파트명":"동호아트리움",
            "투자타입":"일반",
            "전용면적(m2)":"93.75",
            "전용면적(평)":"28평",
            "법정동주소":"제주도 서귀포시 동홍동 2196",
            "도로명주소":"제주도 서귀포시 일주동로 8547-10",
            "세대수":0,
            "입주년차":100,
            "용적률점수":"--",
            "건폐율점수":"--",
            "세대당주차수":30,
            "난방방식":30,
            "공급면적":"--",
            "전용률":"--",
            "욕실수":100,
            "현관타입":100,
            "주거총점":47.5,
            "지역구공급총점":50.0,
            "역세권":"NA",
            "30분내 이동가능 거점":"NA",
            "1시간내 이동가능 거점":"NA",
            "교통총점":"NA",
            "백화점":0,
            "아울렛몰":0,
            "대형마트":0,
            "은행":0,
            "병원":0,
            "종합병원":80,
            "공원":100,
            "혐오시설":0,
            "인프라총점":19.0,
            "초등학군":89.99,
            "중학군":43.76,
            "학군총점":53.006,
            "인구수":18.98,
            "인구증감":8.98,
            "인구총점":15.98,
            "일자리":14.57,
            "소득수준":52.75,
            "일자리총점":26.024,
            "가치 총점":37.4765,
            "매매실거래년":20190820.0,
            "매매실거래가":39441.0,
            "전세실거래년":null,
            "전세실거래가":null,
            "전세가율":null,
            "장기전세가율평균":66.82,
            "전세가율거품지수":null,
            "검색코드":119795,
            "세대수":153.0,
            "준공년월":"2019-04-01",
            "준공년차":4.0,
            "가까운역이름":"NA",
            "가까운역거리":"NA",
            "역세권여부":"NA",
            "30분이내주요거점역":"NA",
            "30분거점역이름":"NA",
            "1시간이내주요거점역":"NA",
            "1시간거점역이름":"NA",
            "3km이내백화점수":0,
            "5km이내아울렛몰수":0,
            "1km이내대형먀트수":0,
            "500m이내은행수":0,
            "500m이내병원수":0,
            "5km이내대형병원수":1,
            "500m이내공원수":5,
            "3km이내혐오시설수":0,
            "초등학교학업성취도":89.99,
            "중학교학업성취도":72.4,
            "용적률":0,
            "건폐율":0,
            "Y":33.254033,
            "X":126.574614,
            "rank":12.0,
            "area_info":"28평(93.75), 28평(94.26), 32평(105.94), 32평(106.38)",
            "last_sales":"2019-08-20,39441.0,32평(105.94)",
            "rank_history":[
                [
                    "202202",
                    12
                ],
                [
                    "202201",
                    11
                ]
            ],
            "rank_gap":-1
        },
        {
            "index":183,
            "아파트명":"지오빌II",
            "투자타입":"일반",
            "전용면적(m2)":"106.21",
            "전용면적(평)":"32평",
            "법정동주소":"제주도 서귀포시 서홍동 305",
            "도로명주소":"제주도 서귀포시 중앙로195번길 7",
            "세대수":0,
            "입주년차":60,
            "용적률점수":"--",
            "건폐율점수":"--",
            "세대당주차수":0,
            "난방방식":30,
            "공급면적":"--",
            "전용률":"--",
            "욕실수":100,
            "현관타입":50,
            "주거총점":30.0,
            "지역구공급총점":50.0,
            "역세권":"NA",
            "30분내 이동가능 거점":"NA",
            "1시간내 이동가능 거점":"NA",
            "교통총점":"NA",
            "백화점":0,
            "아울렛몰":0,
            "대형마트":80,
            "은행":0,
            "병원":0,
            "종합병원":80,
            "공원":0,
            "혐오시설":0,
            "인프라총점":28.0,
            "초등학군":90.0,
            "중학군":49.58,
            "학군총점":57.664,
            "인구수":18.98,
            "인구증감":8.98,
            "인구총점":15.98,
            "일자리":14.57,
            "소득수준":52.75,
            "일자리총점":26.024,
            "가치 총점":36.116,
            "매매실거래년":20211110.0,
            "매매실거래가":31400.0,
            "전세실거래년":20210523.0,
            "전세실거래가":23000.0,
            "전세가율":73.25,
            "장기전세가율평균":66.82,
            "전세가율거품지수":-6.43,
            "검색코드":105350,
            "세대수":122.0,
            "준공년월":"2011-07-29",
            "준공년차":12.0,
            "가까운역이름":"NA",
            "가까운역거리":"NA",
            "역세권여부":"NA",
            "30분이내주요거점역":"NA",
            "30분거점역이름":"NA",
            "1시간이내주요거점역":"NA",
            "1시간거점역이름":"NA",
            "3km이내백화점수":0,
            "5km이내아울렛몰수":0,
            "1km이내대형먀트수":1,
            "500m이내은행수":0,
            "500m이내병원수":0,
            "5km이내대형병원수":1,
            "500m이내공원수":0,
            "3km이내혐오시설수":0,
            "초등학교학업성취도":90.0,
            "중학교학업성취도":81.5,
            "용적률":151,
            "건폐율":28,
            "Y":33.261433,
            "X":126.557678,
            "rank":13.0,
            "area_info":"32평(106.21)",
            "last_sales":"2021-11-10,31400.0,32평(106.21)",
            "rank_history":[
                [
                    "202202",
                    13
                ],
                [
                    "202201",
                    14
                ]
            ],
            "rank_gap":1
        },
        {
            "index":214,
            "아파트명":"e편한세상중문",
            "투자타입":"일반",
            "전용면적(m2)":"94.61",
            "전용면적(평)":"28평",
            "법정동주소":"제주도 서귀포시 중문동 1726",
            "도로명주소":"제주도 서귀포시 일주서로731번길 10",
            "세대수":0,
            "입주년차":100,
            "용적률점수":"--",
            "건폐율점수":"--",
            "세대당주차수":30,
            "난방방식":30,
            "공급면적":"--",
            "전용률":"--",
            "욕실수":100,
            "현관타입":100,
            "주거총점":47.5,
            "지역구공급총점":50.0,
            "역세권":"NA",
            "30분내 이동가능 거점":"NA",
            "1시간내 이동가능 거점":"NA",
            "교통총점":"NA",
            "백화점":0,
            "아울렛몰":0,
            "대형마트":80,
            "은행":0,
            "병원":0,
            "종합병원":0,
            "공원":0,
            "혐오시설":0,
            "인프라총점":12.0,
            "초등학군":90.02,
            "중학군":49.24,
            "학군총점":57.396,
            "인구수":18.98,
            "인구증감":8.98,
            "인구총점":15.98,
            "일자리":14.57,
            "소득수준":52.75,
            "일자리총점":26.024,
            "가치 총점":35.774,
            "매매실거래년":20211207.0,
            "매매실거래가":47300.0,
            "전세실거래년":20210725.0,
            "전세실거래가":28000.0,
            "전세가율":76.92,
            "장기전세가율평균":66.82,
            "전세가율거품지수":-10.1,
            "검색코드":126336,
            "세대수":280.0,
            "준공년월":"2021-06-01",
            "준공년차":2.0,
            "가까운역이름":"NA",
            "가까운역거리":"NA",
            "역세권여부":"NA",
            "30분이내주요거점역":"NA",
            "30분거점역이름":"NA",
            "1시간이내주요거점역":"NA",
            "1시간거점역이름":"NA",
            "3km이내백화점수":0,
            "5km이내아울렛몰수":0,
            "1km이내대형먀트수":1,
            "500m이내은행수":0,
            "500m이내병원수":0,
            "5km이내대형병원수":0,
            "500m이내공원수":0,
            "3km이내혐오시설수":0,
            "초등학교학업성취도":90.02,
            "중학교학업성취도":81.0,
            "용적률":164,
            "건폐율":33,
            "Y":33.255987,
            "X":126.430889,
            "rank":14.0,
            "area_info":"28평(94.61), 30평(101.38), 33평(109.28)",
            "last_sales":"2021-12-07,47300.0,33평(109.28)",
            "rank_history":[
                [
                    "202202",
                    14
                ],
                [
                    "202201",
                    15
                ]
            ],
            "rank_gap":1
        },
        {
            "index":123,
            "아파트명":"디자인뷰(도시형)",
            "투자타입":"일반",
            "전용면적(m2)":"73.72",
            "전용면적(평)":"22평",
            "법정동주소":"제주도 서귀포시 법환동 212",
            "도로명주소":"제주도 서귀포시 법환로 12",
            "세대수":0,
            "입주년차":100,
            "용적률점수":"--",
            "건폐율점수":"--",
            "세대당주차수":30,
            "난방방식":30,
            "공급면적":"--",
            "전용률":"--",
            "욕실수":100,
            "현관타입":100,
            "주거총점":47.5,
            "지역구공급총점":50.0,
            "역세권":"NA",
            "30분내 이동가능 거점":"NA",
            "1시간내 이동가능 거점":"NA",
            "교통총점":"NA",
            "백화점":0,
            "아울렛몰":0,
            "대형마트":80,
            "은행":0,
            "병원":0,
            "종합병원":0,
            "공원":0,
            "혐오시설":0,
            "인프라총점":12.0,
            "초등학군":90.07,
            "중학군":47.14,
            "학군총점":55.726,
            "인구수":18.98,
            "인구증감":8.98,
            "인구총점":15.98,
            "일자리":14.57,
            "소득수준":52.75,
            "일자리총점":26.024,
            "가치 총점":35.3565,
            "매매실거래년":"18000101",
            "매매실거래가":null,
            "전세실거래년":null,
            "전세실거래가":null,
            "전세가율":null,
            "장기전세가율평균":66.82,
            "전세가율거품지수":null,
            "검색코드":140917,
            "세대수":112.0,
            "준공년월":"2020-01-16",
            "준공년차":3.0,
            "가까운역이름":"NA",
            "가까운역거리":"NA",
            "역세권여부":"NA",
            "30분이내주요거점역":"NA",
            "30분거점역이름":"NA",
            "1시간이내주요거점역":"NA",
            "1시간거점역이름":"NA",
            "3km이내백화점수":0,
            "5km이내아울렛몰수":0,
            "1km이내대형먀트수":1,
            "500m이내은행수":0,
            "500m이내병원수":0,
            "5km이내대형병원수":0,
            "500m이내공원수":0,
            "3km이내혐오시설수":0,
            "초등학교학업성취도":90.07,
            "중학교학업성취도":77.7,
            "용적률":129,
            "건폐율":42,
            "Y":33.236736,
            "X":126.515079,
            "rank":15.0,
            "area_info":"22평(73.72), 26평(87.44), 27평(89.78), 27평(90.06), 28평(93.46), 28평(94.66), 28평(94.09), 28평(94.74), 28평(94.16), 28평(94.04), 28평(95.68), 28평(95.78), 28평(95.64), 29평(95.9), 28평(95.74), 29평(96.56), 29평(96.81), 29평(96.64), 29평(96.89), 29평(98.51), 29평(98.68), 29평(98.79), 29평(98.7), 30평(99.55), 30평(101.51), 31평(104.28), 31평(105.77), 31평(105.76), 32평(106.54), 32평(107.87), 32평(107.78)",
            "last_sales":"1800-01-01,nan,22평(73.72)",
            "rank_history":[
                [
                    "202202",
                    15
                ],
                [
                    "202201",
                    33
                ]
            ],
            "rank_gap":18
        },
        {
            "index":14,
            "아파트명":"라온프라이빗에듀",
            "투자타입":"일반",
            "전용면적(m2)":"79.87",
            "전용면적(평)":"24평",
            "법정동주소":"제주도 서귀포시 대정읍 보성리 2405",
            "도로명주소":"제주도 서귀포시 에듀시티로 74",
            "세대수":50,
            "입주년차":80,
            "용적률점수":"--",
            "건폐율점수":"--",
            "세대당주차수":30,
            "난방방식":30,
            "공급면적":"--",
            "전용률":"--",
            "욕실수":100,
            "현관타입":100,
            "주거총점":61.0,
            "지역구공급총점":50.0,
            "역세권":"NA",
            "30분내 이동가능 거점":"NA",
            "1시간내 이동가능 거점":"NA",
            "교통총점":"NA",
            "백화점":0,
            "아울렛몰":0,
            "대형마트":0,
            "은행":0,
            "병원":0,
            "종합병원":0,
            "공원":0,
            "혐오시설":0,
            "인프라총점":0.0,
            "초등학군":89.96,
            "중학군":47.22,
            "학군총점":55.768,
            "인구수":18.98,
            "인구증감":8.98,
            "인구총점":15.98,
            "일자리":14.57,
            "소득수준":52.75,
            "일자리총점":26.024,
            "가치 총점":35.292,
            "매매실거래년":"18000101",
            "매매실거래가":null,
            "전세실거래년":null,
            "전세실거래가":null,
            "전세가율":null,
            "장기전세가율평균":66.82,
            "전세가율거품지수":null,
            "검색코드":107327,
            "세대수":420.0,
            "준공년월":"2014-09-19",
            "준공년차":9.0,
            "가까운역이름":"NA",
            "가까운역거리":"NA",
            "역세권여부":"NA",
            "30분이내주요거점역":"NA",
            "30분거점역이름":"NA",
            "1시간이내주요거점역":"NA",
            "1시간거점역이름":"NA",
            "3km이내백화점수":0,
            "5km이내아울렛몰수":0,
            "1km이내대형먀트수":0,
            "500m이내은행수":0,
            "500m이내병원수":0,
            "5km이내대형병원수":0,
            "500m이내공원수":0,
            "3km이내혐오시설수":0,
            "초등학교학업성취도":89.96,
            "중학교학업성취도":78.7,
            "용적률":77,
            "건폐율":27,
            "Y":33.288809,
            "X":126.281836,
            "rank":16.0,
            "area_info":"24평(79.87), 24평(80.21), 33평(111.8), 34평(112.88)",
            "last_sales":"1800-01-01,nan,24평(79.87)",
            "rank_history":[
                [
                    "202202",
                    16
                ],
                [
                    "202201",
                    18
                ]
            ],
            "rank_gap":2
        },
        {
            "index":3,
            "아파트명":"서귀포강정골드클래스",
            "투자타입":"일반",
            "전용면적(m2)":"109.55",
            "전용면적(평)":"33평",
            "법정동주소":"제주도 서귀포시 강정동 193",
            "도로명주소":"제주도 서귀포시 대청로 11",
            "세대수":0,
            "입주년차":80,
            "용적률점수":"--",
            "건폐율점수":"--",
            "세대당주차수":30,
            "난방방식":30,
            "공급면적":"--",
            "전용률":"--",
            "욕실수":100,
            "현관타입":100,
            "주거총점":43.5,
            "지역구공급총점":50.0,
            "역세권":"NA",
            "30분내 이동가능 거점":"NA",
            "1시간내 이동가능 거점":"NA",
            "교통총점":"NA",
            "백화점":0,
            "아울렛몰":0,
            "대형마트":80,
            "은행":0,
            "병원":0,
            "종합병원":0,
            "공원":100,
            "혐오시설":0,
            "인프라총점":15.0,
            "초등학군":90.0,
            "중학군":47.14,
            "학군총점":55.712,
            "인구수":18.98,
            "인구증감":8.98,
            "인구총점":15.98,
            "일자리":14.57,
            "소득수준":52.75,
            "일자리총점":26.024,
            "가치 총점":35.153,
            "매매실거래년":20220102.0,
            "매매실거래가":53000.0,
            "전세실거래년":20220122.0,
            "전세실거래가":36000.0,
            "전세가율":67.92,
            "장기전세가율평균":66.82,
            "전세가율거품지수":-1.1,
            "검색코드":109607,
            "세대수":212.0,
            "준공년월":"2016-12-01",
            "준공년차":7.0,
            "가까운역이름":"NA",
            "가까운역거리":"NA",
            "역세권여부":"NA",
            "30분이내주요거점역":"NA",
            "30분거점역이름":"NA",
            "1시간이내주요거점역":"NA",
            "1시간거점역이름":"NA",
            "3km이내백화점수":0,
            "5km이내아울렛몰수":0,
            "1km이내대형먀트수":1,
            "500m이내은행수":0,
            "500m이내병원수":0,
            "5km이내대형병원수":0,
            "500m이내공원수":4,
            "3km이내혐오시설수":0,
            "초등학교학업성취도":90.0,
            "중학교학업성취도":77.7,
            "용적률":139,
            "건폐율":18,
            "Y":33.253664,
            "X":126.501149,
            "rank":17.0,
            "area_info":"33평(109.55)",
            "last_sales":"2022-01-02,53000.0,33평(109.55)",
            "rank_history":[
                [
                    "202202",
                    17
                ],
                [
                    "202201",
                    17
                ]
            ],
            "rank_gap":0
        },
        {
            "index":68,
            "아파트명":"동홍코아루",
            "투자타입":"일반",
            "전용면적(m2)":"86.92",
            "전용면적(평)":"26평",
            "법정동주소":"제주도 서귀포시 동홍동 157",
            "도로명주소":"제주도 서귀포시 일주동로 8565",
            "세대수":0,
            "입주년차":60,
            "용적률점수":"--",
            "건폐율점수":"--",
            "세대당주차수":30,
            "난방방식":30,
            "공급면적":"--",
            "전용률":"--",
            "욕실수":100,
            "현관타입":100,
            "주거총점":39.5,
            "지역구공급총점":50.0,
            "역세권":"NA",
            "30분내 이동가능 거점":"NA",
            "1시간내 이동가능 거점":"NA",
            "교통총점":"NA",
            "백화점":0,
            "아울렛몰":0,
            "대형마트":0,
            "은행":0,
            "병원":0,
            "종합병원":80,
            "공원":100,
            "혐오시설":0,
            "인프라총점":19.0,
            "초등학군":89.99,
            "중학군":43.76,
            "학군총점":53.006,
            "인구수":18.98,
            "인구증감":8.98,
            "인구총점":15.98,
            "일자리":14.57,
            "소득수준":52.75,
            "일자리총점":26.024,
            "가치 총점":34.6765,
            "매매실거래년":20210525.0,
            "매매실거래가":34400.0,
            "전세실거래년":null,
            "전세실거래가":null,
            "전세가율":null,
            "장기전세가율평균":66.82,
            "전세가율거품지수":null,
            "검색코드":105110,
            "세대수":263.0,
            "준공년월":"2013-09-11",
            "준공년차":10.0,
            "가까운역이름":"NA",
            "가까운역거리":"NA",
            "역세권여부":"NA",
            "30분이내주요거점역":"NA",
            "30분거점역이름":"NA",
            "1시간이내주요거점역":"NA",
            "1시간거점역이름":"NA",
            "3km이내백화점수":0,
            "5km이내아울렛몰수":0,
            "1km이내대형먀트수":0,
            "500m이내은행수":1,
            "500m이내병원수":0,
            "5km이내대형병원수":1,
            "500m이내공원수":6,
            "3km이내혐오시설수":0,
            "초등학교학업성취도":89.99,
            "중학교학업성취도":72.4,
            "용적률":169,
            "건폐율":26,
            "Y":33.254116,
            "X":126.573713,
            "rank":18.0,
            "area_info":"26평(86.92), 26평(86.88), 26평(86.9), 26평(87.98), 26평(88.03), 26평(88.0), 27평(92.53), 27평(92.51), 33평(110.32), 33평(110.28), 34평(113.38), 34평(113.42), 34평(113.38)",
            "last_sales":"2021-05-25,34400.0,34평(113.38)",
            "rank_history":[
                [
                    "202202",
                    18
                ],
                [
                    "202201",
                    16
                ]
            ],
            "rank_gap":-2
        },
        {
            "index":222,
            "아파트명":"중문남해오네뜨오션힐",
            "투자타입":"일반",
            "전용면적(m2)":"88.77",
            "전용면적(평)":"26평",
            "법정동주소":"제주도 서귀포시 중문동 1725",
            "도로명주소":"제주도 서귀포시 중문상로82번길 15",
            "세대수":0,
            "입주년차":80,
            "용적률점수":"--",
            "건폐율점수":"--",
            "세대당주차수":30,
            "난방방식":30,
            "공급면적":"--",
            "전용률":"--",
            "욕실수":100,
            "현관타입":100,
            "주거총점":43.5,
            "지역구공급총점":50.0,
            "역세권":"NA",
            "30분내 이동가능 거점":"NA",
            "1시간내 이동가능 거점":"NA",
            "교통총점":"NA",
            "백화점":0,
            "아울렛몰":0,
            "대형마트":80,
            "은행":0,
            "병원":0,
            "종합병원":0,
            "공원":0,
            "혐오시설":0,
            "인프라총점":12.0,
            "초등학군":90.02,
            "중학군":49.24,
            "학군총점":57.396,
            "인구수":18.98,
            "인구증감":8.98,
            "인구총점":15.98,
            "일자리":14.57,
            "소득수준":52.75,
            "일자리총점":26.024,
            "가치 총점":34.374,
            "매매실거래년":20220118.0,
            "매매실거래가":32000.0,
            "전세실거래년":20210910.0,
            "전세실거래가":24000.0,
            "전세가율":75.0,
            "장기전세가율평균":66.82,
            "전세가율거품지수":-8.18,
            "검색코드":110808,
            "세대수":290.0,
            "준공년월":"2016-11-01",
            "준공년차":7.0,
            "가까운역이름":"NA",
            "가까운역거리":"NA",
            "역세권여부":"NA",
            "30분이내주요거점역":"NA",
            "30분거점역이름":"NA",
            "1시간이내주요거점역":"NA",
            "1시간거점역이름":"NA",
            "3km이내백화점수":0,
            "5km이내아울렛몰수":0,
            "1km이내대형먀트수":1,
            "500m이내은행수":0,
            "500m이내병원수":0,
            "5km이내대형병원수":0,
            "500m이내공원수":0,
            "3km이내혐오시설수":0,
            "초등학교학업성취도":90.02,
            "중학교학업성취도":81.0,
            "용적률":124,
            "건폐율":32,
            "Y":33.255702,
            "X":126.429923,
            "rank":19.0,
            "area_info":"26평(88.77), 33평(109.44)",
            "last_sales":"2022-01-18,32000.0,26평(88.77)",
            "rank_history":[
                [
                    "202202",
                    19
                ],
                [
                    "202201",
                    20
                ]
            ],
            "rank_gap":1
        },
        {
            "index":113,
            "아파트명":"제이원파크(도시형)",
            "투자타입":"일반",
            "전용면적(m2)":"76.86",
            "전용면적(평)":"23평",
            "법정동주소":"제주도 서귀포시 동홍동 405-1",
            "도로명주소":"제주도 서귀포시 동홍서로 10-10",
            "세대수":0,
            "입주년차":80,
            "용적률점수":"--",
            "건폐율점수":"--",
            "세대당주차수":30,
            "난방방식":30,
            "공급면적":"--",
            "전용률":"--",
            "욕실수":50,
            "현관타입":100,
            "주거총점":38.5,
            "지역구공급총점":50.0,
            "역세권":"NA",
            "30분내 이동가능 거점":"NA",
            "1시간내 이동가능 거점":"NA",
            "교통총점":"NA",
            "백화점":0,
            "아울렛몰":0,
            "대형마트":0,
            "은행":0,
            "병원":0,
            "종합병원":80,
            "공원":100,
            "혐오시설":0,
            "인프라총점":19.0,
            "초등학군":90.02,
            "중학군":43.76,
            "학군총점":53.012,
            "인구수":18.98,
            "인구증감":8.98,
            "인구총점":15.98,
            "일자리":14.57,
            "소득수준":52.75,
            "일자리총점":26.024,
            "가치 총점":34.328,
            "매매실거래년":20210417.0,
            "매매실거래가":26000.0,
            "전세실거래년":20211015.0,
            "전세실거래가":16000.0,
            "전세가율":88.89,
            "장기전세가율평균":66.82,
            "전세가율거품지수":-22.07,
            "검색코드":110103,
            "세대수":105.0,
            "준공년월":"2015-11-20",
            "준공년차":8.0,
            "가까운역이름":"NA",
            "가까운역거리":"NA",
            "역세권여부":"NA",
            "30분이내주요거점역":"NA",
            "30분거점역이름":"NA",
            "1시간이내주요거점역":"NA",
            "1시간거점역이름":"NA",
            "3km이내백화점수":0,
            "5km이내아울렛몰수":0,
            "1km이내대형먀트수":0,
            "500m이내은행수":0,
            "500m이내병원수":0,
            "5km이내대형병원수":1,
            "500m이내공원수":3,
            "3km이내혐오시설수":0,
            "초등학교학업성취도":90.02,
            "중학교학업성취도":72.4,
            "용적률":164,
            "건폐율":36,
            "Y":33.250848,
            "X":126.571259,
            "rank":20.0,
            "area_info":"23평(76.86), 23평(76.86), 28평(93.24), 28평(93.24), 28평(93.97), 28평(93.97)",
            "last_sales":"2021-04-17,26000.0,28평(93.97)",
            "rank_history":[
                [
                    "202202",
                    20
                ],
                [
                    "202201",
                    19
                ]
            ],
            "rank_gap":-1
        },
        {
            "index":184,
            "아파트명":"태봉그린피아",
            "투자타입":"일반",
            "전용면적(m2)":"53.74",
            "전용면적(평)":"16평",
            "법정동주소":"제주도 서귀포시 서홍동 299-1",
            "도로명주소":"제주도 서귀포시 홍중로 92",
            "세대수":0,
            "입주년차":20,
            "용적률점수":"--",
            "건폐율점수":"--",
            "세대당주차수":0,
            "난방방식":30,
            "공급면적":"--",
            "전용률":"--",
            "욕실수":50,
            "현관타입":100,
            "주거총점":22.0,
            "지역구공급총점":50.0,
            "역세권":"NA",
            "30분내 이동가능 거점":"NA",
            "1시간내 이동가능 거점":"NA",
            "교통총점":"NA",
            "백화점":0,
            "아울렛몰":0,
            "대형마트":80,
            "은행":0,
            "병원":0,
            "종합병원":80,
            "공원":0,
            "혐오시설":0,
            "인프라총점":28.0,
            "초등학군":90.0,
            "중학군":49.58,
            "학군총점":57.664,
            "인구수":18.98,
            "인구증감":8.98,
            "인구총점":15.98,
            "일자리":14.57,
            "소득수준":52.75,
            "일자리총점":26.024,
            "가치 총점":33.316,
            "매매실거래년":20220110.0,
            "매매실거래가":16000.0,
            "전세실거래년":20180314.0,
            "전세실거래가":7000.0,
            "전세가율":87.5,
            "장기전세가율평균":66.82,
            "전세가율거품지수":-20.68,
            "검색코드":108608,
            "세대수":126.0,
            "준공년월":"2002-01-31",
            "준공년차":21.0,
            "가까운역이름":"NA",
            "가까운역거리":"NA",
            "역세권여부":"NA",
            "30분이내주요거점역":"NA",
            "30분거점역이름":"NA",
            "1시간이내주요거점역":"NA",
            "1시간거점역이름":"NA",
            "3km이내백화점수":0,
            "5km이내아울렛몰수":0,
            "1km이내대형먀트수":1,
            "500m이내은행수":0,
            "500m이내병원수":0,
            "5km이내대형병원수":1,
            "500m이내공원수":0,
            "3km이내혐오시설수":0,
            "초등학교학업성취도":90.0,
            "중학교학업성취도":81.5,
            "용적률":217,
            "건폐율":36,
            "Y":33.260592,
            "X":126.555921,
            "rank":21.0,
            "area_info":"16평(53.74), 24평(81.75)",
            "last_sales":"2022-01-10,16000.0,24평(81.75)",
            "rank_history":[
                [
                    "202202",
                    21
                ],
                [
                    "202201",
                    23
                ]
            ],
            "rank_gap":2
        },
        {
            "index":44,
            "아파트명":"동홍대림",
            "투자타입":"일반",
            "전용면적(m2)":"109.23",
            "전용면적(평)":"33평",
            "법정동주소":"제주도 서귀포시 동홍동 114-7",
            "도로명주소":"제주도 서귀포시 동홍중앙로 61",
            "세대수":0,
            "입주년차":20,
            "용적률점수":"--",
            "건폐율점수":"--",
            "세대당주차수":30,
            "난방방식":30,
            "공급면적":"--",
            "전용률":"--",
            "욕실수":100,
            "현관타입":100,
            "주거총점":31.5,
            "지역구공급총점":50.0,
            "역세권":"NA",
            "30분내 이동가능 거점":"NA",
            "1시간내 이동가능 거점":"NA",
            "교통총점":"NA",
            "백화점":0,
            "아울렛몰":0,
            "대형마트":0,
            "은행":0,
            "병원":0,
            "종합병원":80,
            "공원":100,
            "혐오시설":0,
            "인프라총점":19.0,
            "초등학군":89.99,
            "중학군":49.58,
            "학군총점":57.662,
            "인구수":18.98,
            "인구증감":8.98,
            "인구총점":15.98,
            "일자리":14.57,
            "소득수준":52.75,
            "일자리총점":26.024,
            "가치 총점":33.0405,
            "매매실거래년":20211110.0,
            "매매실거래가":35000.0,
            "전세실거래년":20220118.0,
            "전세실거래가":27000.0,
            "전세가율":77.14,
            "장기전세가율평균":66.82,
            "전세가율거품지수":-10.32,
            "검색코드":15138,
            "세대수":192.0,
            "준공년월":"2001-10-31",
            "준공년차":22.0,
            "가까운역이름":"NA",
            "가까운역거리":"NA",
            "역세권여부":"NA",
            "30분이내주요거점역":"NA",
            "30분거점역이름":"NA",
            "1시간이내주요거점역":"NA",
            "1시간거점역이름":"NA",
            "3km이내백화점수":0,
            "5km이내아울렛몰수":0,
            "1km이내대형먀트수":0,
            "500m이내은행수":1,
            "500m이내병원수":0,
            "5km이내대형병원수":1,
            "500m이내공원수":5,
            "3km이내혐오시설수":0,
            "초등학교학업성취도":89.99,
            "중학교학업성취도":81.5,
            "용적률":160,
            "건폐율":22,
            "Y":33.256217,
            "X":126.571393,
            "rank":22.0,
            "area_info":"33평(109.23), 45평(149.71)",
            "last_sales":"2021-11-10,35000.0,33평(109.23)",
            "rank_history":[
                [
                    "202202",
                    22
                ],
                [
                    "202201",
                    22
                ]
            ],
            "rank_gap":0
        },
        {
            "index":231,
            "아파트명":"중문푸른마을주공",
            "투자타입":"일반",
            "전용면적(m2)":"63.35",
            "전용면적(평)":"19평",
            "법정동주소":"제주도 서귀포시 중문동 1789",
            "도로명주소":"제주도 서귀포시 천제연로 239",
            "세대수":50,
            "입주년차":20,
            "용적률점수":"--",
            "건폐율점수":"--",
            "세대당주차수":0,
            "난방방식":30,
            "공급면적":"--",
            "전용률":"--",
            "욕실수":50,
            "현관타입":100,
            "주거총점":39.5,
            "지역구공급총점":50.0,
            "역세권":"NA",
            "30분내 이동가능 거점":"NA",
            "1시간내 이동가능 거점":"NA",
            "교통총점":"NA",
            "백화점":0,
            "아울렛몰":0,
            "대형마트":80,
            "은행":0,
            "병원":0,
            "종합병원":0,
            "공원":0,
            "혐오시설":0,
            "인프라총점":12.0,
            "초등학군":90.02,
            "중학군":49.24,
            "학군총점":57.396,
            "인구수":18.98,
            "인구증감":8.98,
            "인구총점":15.98,
            "일자리":14.57,
            "소득수준":52.75,
            "일자리총점":26.024,
            "가치 총점":32.974,
            "매매실거래년":20211116.0,
            "매매실거래가":15000.0,
            "전세실거래년":20211217.0,
            "전세실거래가":12000.0,
            "전세가율":51.72,
            "장기전세가율평균":66.82,
            "전세가율거품지수":15.1,
            "검색코드":27198,
            "세대수":460.0,
            "준공년월":"2003-05-20",
            "준공년차":20.0,
            "가까운역이름":"NA",
            "가까운역거리":"NA",
            "역세권여부":"NA",
            "30분이내주요거점역":"NA",
            "30분거점역이름":"NA",
            "1시간이내주요거점역":"NA",
            "1시간거점역이름":"NA",
            "3km이내백화점수":0,
            "5km이내아울렛몰수":0,
            "1km이내대형먀트수":1,
            "500m이내은행수":0,
            "500m이내병원수":0,
            "5km이내대형병원수":0,
            "500m이내공원수":0,
            "3km이내혐오시설수":0,
            "초등학교학업성취도":90.02,
            "중학교학업성취도":81.0,
            "용적률":75,
            "건폐율":19,
            "Y":33.253242,
            "X":126.43148,
            "rank":23.0,
            "area_info":"19평(63.35), 22평(73.25), 22평(73.22)",
            "last_sales":"2021-11-16,15000.0,22평(73.22)",
            "rank_history":[
                [
                    "202202",
                    23
                ],
                [
                    "202201",
                    24
                ]
            ],
            "rank_gap":1
        },
        {
            "index":107,
            "아파트명":"제이원타워(도시형)",
            "투자타입":"일반",
            "전용면적(m2)":"24.41",
            "전용면적(평)":"7평",
            "법정동주소":"제주도 서귀포시 동홍동 179",
            "도로명주소":"제주도 서귀포시 태평로 509",
            "세대수":0,
            "입주년차":80,
            "용적률점수":"--",
            "건폐율점수":"--",
            "세대당주차수":0,
            "난방방식":30,
            "공급면적":"--",
            "전용률":"--",
            "욕실수":50,
            "현관타입":100,
            "주거총점":34.0,
            "지역구공급총점":50.0,
            "역세권":"NA",
            "30분내 이동가능 거점":"NA",
            "1시간내 이동가능 거점":"NA",
            "교통총점":"NA",
            "백화점":0,
            "아울렛몰":0,
            "대형마트":0,
            "은행":0,
            "병원":0,
            "종합병원":80,
            "공원":100,
            "혐오시설":0,
            "인프라총점":19.0,
            "초등학군":90.02,
            "중학군":43.76,
            "학군총점":53.012,
            "인구수":18.98,
            "인구증감":8.98,
            "인구총점":15.98,
            "일자리":14.57,
            "소득수준":52.75,
            "일자리총점":26.024,
            "가치 총점":32.753,
            "매매실거래년":20220114.0,
            "매매실거래가":8750.0,
            "전세실거래년":20220107.0,
            "전세실거래가":7000.0,
            "전세가율":80.0,
            "장기전세가율평균":66.82,
            "전세가율거품지수":-13.18,
            "검색코드":112571,
            "세대수":264.0,
            "준공년월":"2015-12-30",
            "준공년차":8.0,
            "가까운역이름":"NA",
            "가까운역거리":"NA",
            "역세권여부":"NA",
            "30분이내주요거점역":"NA",
            "30분거점역이름":"NA",
            "1시간이내주요거점역":"NA",
            "1시간거점역이름":"NA",
            "3km이내백화점수":0,
            "5km이내아울렛몰수":0,
            "1km이내대형먀트수":0,
            "500m이내은행수":0,
            "500m이내병원수":0,
            "5km이내대형병원수":1,
            "500m이내공원수":3,
            "3km이내혐오시설수":0,
            "초등학교학업성취도":90.02,
            "중학교학업성취도":72.4,
            "용적률":360,
            "건폐율":59,
            "Y":33.250769,
            "X":126.571943,
            "rank":24.0,
            "area_info":"7평(24.41), 8평(28.17), 13평(44.57), 14평(47.76), 15평(50.22), 16평(53.17)",
            "last_sales":"2022-01-14,8750.0,7평(24.41)",
            "rank_history":[
                [
                    "202202",
                    24
                ],
                [
                    "202201",
                    21
                ]
            ],
            "rank_gap":-3
        },
        {
            "index":236,
            "아파트명":"파우제인제주마운틴블록(도시형)",
            "투자타입":"일반",
            "전용면적(m2)":"31.26",
            "전용면적(평)":"9평",
            "법정동주소":"제주도 서귀포시 토평동 3084",
            "도로명주소":"제주도 서귀포시 인정오름로86번길 12-7",
            "세대수":0,
            "입주년차":80,
            "용적률점수":"--",
            "건폐율점수":"--",
            "세대당주차수":0,
            "난방방식":30,
            "공급면적":"--",
            "전용률":"--",
            "욕실수":50,
            "현관타입":100,
            "주거총점":34.0,
            "지역구공급총점":50.0,
            "역세권":"NA",
            "30분내 이동가능 거점":"NA",
            "1시간내 이동가능 거점":"NA",
            "교통총점":"NA",
            "백화점":0,
            "아울렛몰":0,
            "대형마트":0,
            "은행":0,
            "병원":0,
            "종합병원":80,
            "공원":0,
            "혐오시설":0,
            "인프라총점":16.0,
            "초등학군":90.02,
            "중학군":46.0,
            "학군총점":54.804,
            "인구수":18.98,
            "인구증감":8.98,
            "인구총점":15.98,
            "일자리":14.57,
            "소득수준":52.75,
            "일자리총점":26.024,
            "가치 총점":32.001,
            "매매실거래년":"18000101",
            "매매실거래가":null,
            "전세실거래년":null,
            "전세실거래가":null,
            "전세가율":null,
            "장기전세가율평균":66.82,
            "전세가율거품지수":null,
            "검색코드":120984,
            "세대수":194.0,
            "준공년월":"2015-08-05",
            "준공년차":8.0,
            "가까운역이름":"NA",
            "가까운역거리":"NA",
            "역세권여부":"NA",
            "30분이내주요거점역":"NA",
            "30분거점역이름":"NA",
            "1시간이내주요거점역":"NA",
            "1시간거점역이름":"NA",
            "3km이내백화점수":0,
            "5km이내아울렛몰수":0,
            "1km이내대형먀트수":0,
            "500m이내은행수":0,
            "500m이내병원수":0,
            "5km이내대형병원수":1,
            "500m이내공원수":0,
            "3km이내혐오시설수":0,
            "초등학교학업성취도":90.02,
            "중학교학업성취도":76.2,
            "용적률":74,
            "건폐율":19,
            "Y":33.288999,
            "X":126.578263,
            "rank":25.0,
            "area_info":"9평(31.26), 9평(31.45), 12평(40.89), 12평(40.58), 12평(40.68), 23평(76.55)",
            "last_sales":"1800-01-01,nan,9평(31.26)",
            "rank_history":[
                [
                    "202202",
                    25
                ],
                [
                    "202201",
                    26
                ]
            ],
            "rank_gap":1
        },
        {
            "index":50,
            "아파트명":"동홍반석아르미",
            "투자타입":"일반",
            "전용면적(m2)":"84.28",
            "전용면적(평)":"25평",
            "법정동주소":"제주도 서귀포시 동홍동 1230-1",
            "도로명주소":"제주도 서귀포시 동홍로162번길 30",
            "세대수":0,
            "입주년차":20,
            "용적률점수":"--",
            "건폐율점수":"--",
            "세대당주차수":30,
            "난방방식":30,
            "공급면적":"--",
            "전용률":"--",
            "욕실수":100,
            "현관타입":100,
            "주거총점":31.5,
            "지역구공급총점":50.0,
            "역세권":"NA",
            "30분내 이동가능 거점":"NA",
            "1시간내 이동가능 거점":"NA",
            "교통총점":"NA",
            "백화점":0,
            "아울렛몰":0,
            "대형마트":0,
            "은행":0,
            "병원":0,
            "종합병원":80,
            "공원":0,
            "혐오시설":0,
            "인프라총점":16.0,
            "초등학군":89.99,
            "중학군":49.58,
            "학군총점":57.662,
            "인구수":18.98,
            "인구증감":8.98,
            "인구총점":15.98,
            "일자리":14.57,
            "소득수준":52.75,
            "일자리총점":26.024,
            "가치 총점":31.8405,
            "매매실거래년":20220123.0,
            "매매실거래가":20700.0,
            "전세실거래년":null,
            "전세실거래가":null,
            "전세가율":null,
            "장기전세가율평균":66.82,
            "전세가율거품지수":null,
            "검색코드":19666,
            "세대수":155.0,
            "준공년월":"2003-04-18",
            "준공년차":20.0,
            "가까운역이름":"NA",
            "가까운역거리":"NA",
            "역세권여부":"NA",
            "30분이내주요거점역":"NA",
            "30분거점역이름":"NA",
            "1시간이내주요거점역":"NA",
            "1시간거점역이름":"NA",
            "3km이내백화점수":0,
            "5km이내아울렛몰수":0,
            "1km이내대형먀트수":0,
            "500m이내은행수":0,
            "500m이내병원수":0,
            "5km이내대형병원수":1,
            "500m이내공원수":0,
            "3km이내혐오시설수":0,
            "초등학교학업성취도":89.99,
            "중학교학업성취도":81.5,
            "용적률":137,
            "건폐율":25,
            "Y":33.263393,
            "X":126.570471,
            "rank":26.0,
            "area_info":"25평(84.28), 25평(85.17), 29평(97.19), 30평(99.77)",
            "last_sales":"2022-01-23,20700.0,30평(99.77)",
            "rank_history":[
                [
                    "202202",
                    26
                ],
                [
                    "202201",
                    28
                ]
            ],
            "rank_gap":2
        },
        {
            "index":186,
            "아파트명":"제주성산리치유클래시아(도시형)",
            "투자타입":"일반",
            "전용면적(m2)":"30.89",
            "전용면적(평)":"9평",
            "법정동주소":"제주도 서귀포시 성산읍 성산리 392",
            "도로명주소":"제주도 서귀포시 성산등용로17번길 55",
            "세대수":0,
            "입주년차":80,
            "용적률점수":"--",
            "건폐율점수":"--",
            "세대당주차수":30,
            "난방방식":30,
            "공급면적":"--",
            "전용률":"--",
            "욕실수":50,
            "현관타입":100,
            "주거총점":38.5,
            "지역구공급총점":50.0,
            "역세권":"NA",
            "30분내 이동가능 거점":"NA",
            "1시간내 이동가능 거점":"NA",
            "교통총점":"NA",
            "백화점":0,
            "아울렛몰":0,
            "대형마트":80,
            "은행":0,
            "병원":0,
            "종합병원":0,
            "공원":0,
            "혐오시설":0,
            "인프라총점":12.0,
            "초등학군":90.17,
            "중학군":42.18,
            "학군총점":51.778,
            "인구수":18.98,
            "인구증감":8.98,
            "인구총점":15.98,
            "일자리":14.57,
            "소득수준":52.75,
            "일자리총점":26.024,
            "가치 총점":31.2195,
            "매매실거래년":20190617.0,
            "매매실거래가":25100.0,
            "전세실거래년":null,
            "전세실거래가":null,
            "전세가율":null,
            "장기전세가율평균":66.82,
            "전세가율거품지수":null,
            "검색코드":115516,
            "세대수":296.0,
            "준공년월":"2018-10-01",
            "준공년차":5.0,
            "가까운역이름":"NA",
            "가까운역거리":"NA",
            "역세권여부":"NA",
            "30분이내주요거점역":"NA",
            "30분거점역이름":"NA",
            "1시간이내주요거점역":"NA",
            "1시간거점역이름":"NA",
            "3km이내백화점수":0,
            "5km이내아울렛몰수":0,
            "1km이내대형먀트수":1,
            "500m이내은행수":0,
            "500m이내병원수":0,
            "5km이내대형병원수":0,
            "500m이내공원수":0,
            "3km이내혐오시설수":0,
            "초등학교학업성취도":90.17,
            "중학교학업성취도":68.5,
            "용적률":0,
            "건폐율":0,
            "Y":33.460384,
            "X":126.929708,
            "rank":27.0,
            "area_info":"9평(30.89), 10평(33.64), 10평(33.42), 10평(36.17), 12평(40.56), 12평(41.51), 12평(42.05), 13평(45.74), 14평(46.67), 15평(50.83), 15평(51.77), 18평(60.41), 18평(60.41), 18평(61.8), 18평(62.37), 19평(63.49), 19평(65.7), 19평(65.7), 20평(66.8), 20평(66.8), 20평(67.02)",
            "last_sales":"2019-06-17,25100.0,20평(66.8)",
            "rank_history":[
                [
                    "202202",
                    27
                ],
                [
                    "202201",
                    40
                ]
            ],
            "rank_gap":13
        },
        {
            "index":217,
            "아파트명":"제주중문삼성홈스테이(도시형)",
            "투자타입":"일반",
            "전용면적(m2)":"27.4",
            "전용면적(평)":"8평",
            "법정동주소":"제주도 서귀포시 중문동 2367-1",
            "도로명주소":"제주도 서귀포시 중문상로 10",
            "세대수":0,
            "입주년차":80,
            "용적률점수":"--",
            "건폐율점수":"--",
            "세대당주차수":0,
            "난방방식":30,
            "공급면적":"--",
            "전용률":"--",
            "욕실수":50,
            "현관타입":100,
            "주거총점":34.0,
            "지역구공급총점":50.0,
            "역세권":"NA",
            "30분내 이동가능 거점":"NA",
            "1시간내 이동가능 거점":"NA",
            "교통총점":"NA",
            "백화점":0,
            "아울렛몰":0,
            "대형마트":80,
            "은행":0,
            "병원":0,
            "종합병원":0,
            "공원":0,
            "혐오시설":0,
            "인프라총점":12.0,
            "초등학군":90.02,
            "중학군":49.24,
            "학군총점":57.396,
            "인구수":18.98,
            "인구증감":8.98,
            "인구총점":15.98,
            "일자리":14.57,
            "소득수준":52.75,
            "일자리총점":26.024,
            "가치 총점":31.049,
            "매매실거래년":20211028.0,
            "매매실거래가":7900.0,
            "전세실거래년":20211015.0,
            "전세실거래가":8000.0,
            "전세가율":109.59,
            "장기전세가율평균":66.82,
            "전세가율거품지수":-42.77,
            "검색코드":118195,
            "세대수":162.0,
            "준공년월":"2017-11-01",
            "준공년차":6.0,
            "가까운역이름":"NA",
            "가까운역거리":"NA",
            "역세권여부":"NA",
            "30분이내주요거점역":"NA",
            "30분거점역이름":"NA",
            "1시간이내주요거점역":"NA",
            "1시간거점역이름":"NA",
            "3km이내백화점수":0,
            "5km이내아울렛몰수":0,
            "1km이내대형먀트수":1,
            "500m이내은행수":1,
            "500m이내병원수":0,
            "5km이내대형병원수":0,
            "500m이내공원수":0,
            "3km이내혐오시설수":0,
            "초등학교학업성취도":90.02,
            "중학교학업성취도":81.0,
            "용적률":369,
            "건폐율":72,
            "Y":33.249332,
            "X":126.424495,
            "rank":28.0,
            "area_info":"8평(27.4), 8평(27.4), 8평(27.4), 8평(28.76), 12평(41.71)",
            "last_sales":"2021-10-28,7900.0,8평(28.76)",
            "rank_history":[
                [
                    "202202",
                    28
                ],
                [
                    "202201",
                    25
                ]
            ],
            "rank_gap":-3
        },
        {
            "index":61,
            "아파트명":"동홍주공4단지",
            "투자타입":"일반",
            "전용면적(m2)":"44.85",
            "전용면적(평)":"13평",
            "법정동주소":"제주도 서귀포시 동홍동 355-1",
            "도로명주소":"제주도 서귀포시 태평로512번길 10",
            "세대수":30,
            "입주년차":0,
            "용적률점수":"--",
            "건폐율점수":"--",
            "세대당주차수":0,
            "난방방식":30,
            "공급면적":"--",
            "전용률":"--",
            "욕실수":50,
            "현관타입":100,
            "주거총점":28.5,
            "지역구공급총점":50.0,
            "역세권":"NA",
            "30분내 이동가능 거점":"NA",
            "1시간내 이동가능 거점":"NA",
            "교통총점":"NA",
            "백화점":0,
            "아울렛몰":0,
            "대형마트":0,
            "은행":0,
            "병원":0,
            "종합병원":80,
            "공원":100,
            "혐오시설":0,
            "인프라총점":19.0,
            "초등학군":90.03,
            "중학군":43.76,
            "학군총점":53.014,
            "인구수":18.98,
            "인구증감":8.98,
            "인구총점":15.98,
            "일자리":14.57,
            "소득수준":52.75,
            "일자리총점":26.024,
            "가치 총점":30.8285,
            "매매실거래년":20220113.0,
            "매매실거래가":19800.0,
            "전세실거래년":20211119.0,
            "전세실거래가":9000.0,
            "전세가율":45.45,
            "장기전세가율평균":66.82,
            "전세가율거품지수":21.37,
            "검색코드":7769,
            "세대수":320.0,
            "준공년월":"1994-10-20",
            "준공년차":29.0,
            "가까운역이름":"NA",
            "가까운역거리":"NA",
            "역세권여부":"NA",
            "30분이내주요거점역":"NA",
            "30분거점역이름":"NA",
            "1시간이내주요거점역":"NA",
            "1시간거점역이름":"NA",
            "3km이내백화점수":0,
            "5km이내아울렛몰수":0,
            "1km이내대형먀트수":0,
            "500m이내은행수":0,
            "500m이내병원수":0,
            "5km이내대형병원수":1,
            "500m이내공원수":2,
            "3km이내혐오시설수":0,
            "초등학교학업성취도":90.03,
            "중학교학업성취도":72.4,
            "용적률":109,
            "건폐율":26,
            "Y":33.249118,
            "X":126.572614,
            "rank":29.0,
            "area_info":"13평(44.85), 17평(56.71), 19평(65.78)",
            "last_sales":"2022-01-13,19800.0,13평(44.85)",
            "rank_history":[
                [
                    "202202",
                    29
                ],
                [
                    "202201",
                    31
                ]
            ],
            "rank_gap":2
        },
        {
            "index":154,
            "아파트명":"삼주",
            "투자타입":"재건축",
            "전용면적(m2)":"67.8",
            "전용면적(평)":"20평",
            "법정동주소":"제주도 서귀포시 법환동 749",
            "도로명주소":"제주도 서귀포시 김정문화로 66",
            "세대수":0,
            "입주년차":"--",
            "용적률점수":0,
            "건폐율점수":0,
            "세대당주차수":"--",
            "난방방식":"--",
            "공급면적":50,
            "전용률":80,
            "욕실수":"--",
            "현관타입":"--",
            "주거총점":6.5,
            "지역구공급총점":50.0,
            "역세권":"NA",
            "30분내 이동가능 거점":"NA",
            "1시간내 이동가능 거점":"NA",
            "교통총점":"NA",
            "백화점":0,
            "아울렛몰":0,
            "대형마트":100,
            "은행":20,
            "병원":0,
            "종합병원":80,
            "공원":100,
            "혐오시설":0,
            "인프라총점":36.0,
            "초등학군":90.0,
            "중학군":47.14,
            "학군총점":55.712,
            "인구수":18.98,
            "인구증감":8.98,
            "인구총점":15.98,
            "일자리":14.57,
            "소득수준":52.75,
            "일자리총점":26.024,
            "가치 총점":30.603,
            "매매실거래년":"18000101",
            "매매실거래가":null,
            "전세실거래년":null,
            "전세실거래가":null,
            "전세가율":null,
            "장기전세가율평균":66.82,
            "전세가율거품지수":null,
            "검색코드":108439,
            "세대수":258.0,
            "준공년월":"1992-02-17",
            "준공년차":31.0,
            "가까운역이름":"NA",
            "가까운역거리":"NA",
            "역세권여부":"NA",
            "30분이내주요거점역":"NA",
            "30분거점역이름":"NA",
            "1시간이내주요거점역":"NA",
            "1시간거점역이름":"NA",
            "3km이내백화점수":0,
            "5km이내아울렛몰수":0,
            "1km이내대형먀트수":2,
            "500m이내은행수":2,
            "500m이내병원수":0,
            "5km이내대형병원수":1,
            "500m이내공원수":5,
            "3km이내혐오시설수":0,
            "초등학교학업성취도":90.0,
            "중학교학업성취도":77.7,
            "용적률":0,
            "건폐율":0,
            "Y":33.250384,
            "X":126.511451,
            "rank":30.0,
            "area_info":"20평(67.8)",
            "last_sales":"1800-01-01,nan,20평(67.8)",
            "rank_history":[
                [
                    "202202",
                    30
                ],
                [
                    "202201",
                    27
                ]
            ],
            "rank_gap":-3
        },
        {
            "index":155,
            "아파트명":"서호민우",
            "투자타입":"일반",
            "전용면적(m2)":"65.99",
            "전용면적(평)":"19평",
            "법정동주소":"제주도 서귀포시 법환동 748",
            "도로명주소":"제주도 서귀포시 신서귀로 11",
            "세대수":0,
            "입주년차":0,
            "용적률점수":"--",
            "건폐율점수":"--",
            "세대당주차수":0,
            "난방방식":30,
            "공급면적":"--",
            "전용률":"--",
            "욕실수":50,
            "현관타입":100,
            "주거총점":18.0,
            "지역구공급총점":50.0,
            "역세권":"NA",
            "30분내 이동가능 거점":"NA",
            "1시간내 이동가능 거점":"NA",
            "교통총점":"NA",
            "백화점":0,
            "아울렛몰":0,
            "대형마트":100,
            "은행":70,
            "병원":0,
            "종합병원":0,
            "공원":100,
            "혐오시설":0,
            "인프라총점":25.0,
            "초등학군":90.0,
            "중학군":47.14,
            "학군총점":55.712,
            "인구수":18.98,
            "인구증감":8.98,
            "인구총점":15.98,
            "일자리":14.57,
            "소득수준":52.75,
            "일자리총점":26.024,
            "가치 총점":30.228,
            "매매실거래년":"18000101",
            "매매실거래가":null,
            "전세실거래년":null,
            "전세실거래가":null,
            "전세가율":null,
            "장기전세가율평균":66.82,
            "전세가율거품지수":null,
            "검색코드":109128,
            "세대수":142.0,
            "준공년월":"1995-01-27",
            "준공년차":28.0,
            "가까운역이름":"NA",
            "가까운역거리":"NA",
            "역세권여부":"NA",
            "30분이내주요거점역":"NA",
            "30분거점역이름":"NA",
            "1시간이내주요거점역":"NA",
            "1시간거점역이름":"NA",
            "3km이내백화점수":0,
            "5km이내아울렛몰수":0,
            "1km이내대형먀트수":2,
            "500m이내은행수":3,
            "500m이내병원수":0,
            "5km이내대형병원수":0,
            "500m이내공원수":3,
            "3km이내혐오시설수":0,
            "초등학교학업성취도":90.0,
            "중학교학업성취도":77.7,
            "용적률":84,
            "건폐율":35,
            "Y":33.250821,
            "X":126.509565,
            "rank":31.0,
            "area_info":"19평(65.99), 19평(65.49), 28평(93.55)",
            "last_sales":"1800-01-01,nan,19평(65.99)",
            "rank_history":[
                [
                    "202202",
                    31
                ],
                [
                    "202201",
                    29
                ]
            ],
            "rank_gap":-2
        },
        {
            "index":252,
            "아파트명":"해비치스튜디오132(도시형)",
            "투자타입":"일반",
            "전용면적(m2)":"19.53",
            "전용면적(평)":"5평",
            "법정동주소":"제주도 서귀포시 표선면 표선리 1603-1",
            "도로명주소":"제주도 서귀포시 표선동서로193번길 69",
            "세대수":0,
            "입주년차":80,
            "용적률점수":"--",
            "건폐율점수":"--",
            "세대당주차수":0,
            "난방방식":30,
            "공급면적":"--",
            "전용률":"--",
            "욕실수":50,
            "현관타입":100,
            "주거총점":34.0,
            "지역구공급총점":50.0,
            "역세권":"NA",
            "30분내 이동가능 거점":"NA",
            "1시간내 이동가능 거점":"NA",
            "교통총점":"NA",
            "백화점":0,
            "아울렛몰":0,
            "대형마트":80,
            "은행":20,
            "병원":0,
            "종합병원":0,
            "공원":0,
            "혐오시설":0,
            "인프라총점":14.0,
            "초등학군":90.08,
            "중학군":39.34,
            "학군총점":49.488,
            "인구수":18.98,
            "인구증감":8.98,
            "인구총점":15.98,
            "일자리":14.57,
            "소득수준":52.75,
            "일자리총점":26.024,
            "가치 총점":29.872,
            "매매실거래년":"18000101",
            "매매실거래가":null,
            "전세실거래년":null,
            "전세실거래가":null,
            "전세가율":null,
            "장기전세가율평균":66.82,
            "전세가율거품지수":null,
            "검색코드":128549,
            "세대수":132.0,
            "준공년월":"2014-03-03",
            "준공년차":9.0,
            "가까운역이름":"NA",
            "가까운역거리":"NA",
            "역세권여부":"NA",
            "30분이내주요거점역":"NA",
            "30분거점역이름":"NA",
            "1시간이내주요거점역":"NA",
            "1시간거점역이름":"NA",
            "3km이내백화점수":0,
            "5km이내아울렛몰수":0,
            "1km이내대형먀트수":1,
            "500m이내은행수":2,
            "500m이내병원수":0,
            "5km이내대형병원수":0,
            "500m이내공원수":0,
            "3km이내혐오시설수":0,
            "초등학교학업성취도":90.08,
            "중학교학업성취도":64.9,
            "용적률":0,
            "건폐율":0,
            "Y":33.32499,
            "X":126.828723,
            "rank":32.0,
            "area_info":"5평(19.53), 7평(24.48), 8평(27.11), 8평(27.78), 9평(29.81), 9평(32.08), 10평(33.66), 10평(33.34), 10평(34.73), 10평(34.02), 11평(36.78), 11평(36.74), 12평(40.29)",
            "last_sales":"1800-01-01,nan,5평(19.53)",
            "rank_history":[
                [
                    "202202",
                    32
                ],
                [
                    "202201",
                    32
                ]
            ],
            "rank_gap":0
        },
        {
            "index":234,
            "아파트명":"토평반석타운",
            "투자타입":"일반",
            "전용면적(m2)":"53.67",
            "전용면적(평)":"16평",
            "법정동주소":"제주도 서귀포시 토평동 175",
            "도로명주소":"제주도 서귀포시 중산간동로 7678",
            "세대수":0,
            "입주년차":20,
            "용적률점수":"--",
            "건폐율점수":"--",
            "세대당주차수":0,
            "난방방식":30,
            "공급면적":"--",
            "전용률":"--",
            "욕실수":50,
            "현관타입":10,
            "주거총점":13.0,
            "지역구공급총점":50.0,
            "역세권":"NA",
            "30분내 이동가능 거점":"NA",
            "1시간내 이동가능 거점":"NA",
            "교통총점":"NA",
            "백화점":0,
            "아울렛몰":0,
            "대형마트":80,
            "은행":0,
            "병원":0,
            "종합병원":80,
            "공원":0,
            "혐오시설":0,
            "인프라총점":28.0,
            "초등학군":90.02,
            "중학군":45.96,
            "학군총점":54.772,
            "인구수":18.98,
            "인구증감":8.98,
            "인구총점":15.98,
            "일자리":14.57,
            "소득수준":52.75,
            "일자리총점":26.024,
            "가치 총점":29.443,
            "매매실거래년":20211231.0,
            "매매실거래가":10000.0,
            "전세실거래년":20201108.0,
            "전세실거래가":6000.0,
            "전세가율":72.29,
            "장기전세가율평균":66.82,
            "전세가율거품지수":-5.47,
            "검색코드":116010,
            "세대수":100.0,
            "준공년월":"2000-06-26",
            "준공년차":23.0,
            "가까운역이름":"NA",
            "가까운역거리":"NA",
            "역세권여부":"NA",
            "30분이내주요거점역":"NA",
            "30분거점역이름":"NA",
            "1시간이내주요거점역":"NA",
            "1시간거점역이름":"NA",
            "3km이내백화점수":0,
            "5km이내아울렛몰수":0,
            "1km이내대형먀트수":1,
            "500m이내은행수":0,
            "500m이내병원수":0,
            "5km이내대형병원수":1,
            "500m이내공원수":0,
            "3km이내혐오시설수":0,
            "초등학교학업성취도":90.02,
            "중학교학업성취도":76.6,
            "용적률":120,
            "건폐율":31,
            "Y":33.271119,
            "X":126.593696,
            "rank":33.0,
            "area_info":"16평(53.67), 21평(71.23)",
            "last_sales":"2021-12-31,10000.0,21평(71.23)",
            "rank_history":[
                [
                    "202202",
                    33
                ],
                [
                    "202201",
                    42
                ]
            ],
            "rank_gap":9
        },
        {
            "index":34,
            "아파트명":"해동그린앤골드",
            "투자타입":"일반",
            "전용면적(m2)":"103.28",
            "전용면적(평)":"31평",
            "법정동주소":"제주도 서귀포시 대정읍 구억리 1115",
            "도로명주소":"제주도 서귀포시 에듀시티로 23",
            "세대수":0,
            "입주년차":80,
            "용적률점수":"--",
            "건폐율점수":"--",
            "세대당주차수":30,
            "난방방식":30,
            "공급면적":"--",
            "전용률":"--",
            "욕실수":100,
            "현관타입":100,
            "주거총점":43.5,
            "지역구공급총점":50.0,
            "역세권":"NA",
            "30분내 이동가능 거점":"NA",
            "1시간내 이동가능 거점":"NA",
            "교통총점":"NA",
            "백화점":0,
            "아울렛몰":0,
            "대형마트":0,
            "은행":0,
            "병원":0,
            "종합병원":0,
            "공원":0,
            "혐오시설":0,
            "인프라총점":0.0,
            "초등학군":89.96,
            "중학군":47.22,
            "학군총점":55.768,
            "인구수":18.98,
            "인구증감":8.98,
            "인구총점":15.98,
            "일자리":14.57,
            "소득수준":52.75,
            "일자리총점":26.024,
            "가치 총점":29.167,
            "매매실거래년":"18000101",
            "매매실거래가":null,
            "전세실거래년":null,
            "전세실거래가":null,
            "전세가율":null,
            "장기전세가율평균":66.82,
            "전세가율거품지수":null,
            "검색코드":109840,
            "세대수":288.0,
            "준공년월":"2016-05-01",
            "준공년차":7.0,
            "가까운역이름":"NA",
            "가까운역거리":"NA",
            "역세권여부":"NA",
            "30분이내주요거점역":"NA",
            "30분거점역이름":"NA",
            "1시간이내주요거점역":"NA",
            "1시간거점역이름":"NA",
            "3km이내백화점수":0,
            "5km이내아울렛몰수":0,
            "1km이내대형먀트수":0,
            "500m이내은행수":0,
            "500m이내병원수":0,
            "5km이내대형병원수":0,
            "500m이내공원수":0,
            "3km이내혐오시설수":0,
            "초등학교학업성취도":89.96,
            "중학교학업성취도":78.7,
            "용적률":88,
            "건폐율":31,
            "Y":33.292798,
            "X":126.286328,
            "rank":34.0,
            "area_info":"31평(103.28), 31평(103.82), 33평(112.1), 34평(112.64)",
            "last_sales":"1800-01-01,nan,31평(103.28)",
            "rank_history":[
                [
                    "202202",
                    34
                ],
                [
                    "202201",
                    35
                ]
            ],
            "rank_gap":1
        },
        {
            "index":242,
            "아파트명":"파우제인제주오션블록(도시형)",
            "투자타입":"일반",
            "전용면적(m2)":"30.65",
            "전용면적(평)":"9평",
            "법정동주소":"제주도 서귀포시 토평동 3083-1",
            "도로명주소":"제주도 서귀포시 인정오름로86번길 10",
            "세대수":0,
            "입주년차":80,
            "용적률점수":"--",
            "건폐율점수":"--",
            "세대당주차수":0,
            "난방방식":30,
            "공급면적":"--",
            "전용률":"--",
            "욕실수":50,
            "현관타입":10,
            "주거총점":25.0,
            "지역구공급총점":50.0,
            "역세권":"NA",
            "30분내 이동가능 거점":"NA",
            "1시간내 이동가능 거점":"NA",
            "교통총점":"NA",
            "백화점":0,
            "아울렛몰":0,
            "대형마트":0,
            "은행":0,
            "병원":0,
            "종합병원":80,
            "공원":0,
            "혐오시설":0,
            "인프라총점":16.0,
            "초등학군":90.02,
            "중학군":46.0,
            "학군총점":54.804,
            "인구수":18.98,
            "인구증감":8.98,
            "인구총점":15.98,
            "일자리":14.57,
            "소득수준":52.75,
            "일자리총점":26.024,
            "가치 총점":28.851,
            "매매실거래년":"18000101",
            "매매실거래가":null,
            "전세실거래년":null,
            "전세실거래가":null,
            "전세가율":null,
            "장기전세가율평균":66.82,
            "전세가율거품지수":null,
            "검색코드":120985,
            "세대수":182.0,
            "준공년월":"2015-08-05",
            "준공년차":8.0,
            "가까운역이름":"NA",
            "가까운역거리":"NA",
            "역세권여부":"NA",
            "30분이내주요거점역":"NA",
            "30분거점역이름":"NA",
            "1시간이내주요거점역":"NA",
            "1시간거점역이름":"NA",
            "3km이내백화점수":0,
            "5km이내아울렛몰수":0,
            "1km이내대형먀트수":0,
            "500m이내은행수":0,
            "500m이내병원수":0,
            "5km이내대형병원수":1,
            "500m이내공원수":0,
            "3km이내혐오시설수":0,
            "초등학교학업성취도":90.02,
            "중학교학업성취도":76.2,
            "용적률":72,
            "건폐율":19,
            "Y":33.288451,
            "X":126.578608,
            "rank":35.0,
            "area_info":"9평(30.65), 9평(30.82), 12평(39.78), 12평(40.08), 22평(74.81), 22평(75.01)",
            "last_sales":"1800-01-01,nan,9평(30.65)",
            "rank_history":[
                [
                    "202202",
                    35
                ],
                [
                    "202201",
                    37
                ]
            ],
            "rank_gap":2
        },
        {
            "index":0,
            "아파트명":"대림제주서호(대림한숲)",
            "투자타입":"일반",
            "전용면적(m2)":"102.66",
            "전용면적(평)":"31평",
            "법정동주소":"제주도 서귀포시 강정동 177",
            "도로명주소":"제주도 서귀포시 신서귀로97번길 87",
            "세대수":0,
            "입주년차":0,
            "용적률점수":"--",
            "건폐율점수":"--",
            "세대당주차수":0,
            "난방방식":30,
            "공급면적":"--",
            "전용률":"--",
            "욕실수":100,
            "현관타입":100,
            "주거총점":23.0,
            "지역구공급총점":50.0,
            "역세권":"NA",
            "30분내 이동가능 거점":"NA",
            "1시간내 이동가능 거점":"NA",
            "교통총점":"NA",
            "백화점":0,
            "아울렛몰":0,
            "대형마트":80,
            "은행":20,
            "병원":0,
            "종합병원":0,
            "공원":100,
            "혐오시설":0,
            "인프라총점":17.0,
            "초등학군":90.0,
            "중학군":47.14,
            "학군총점":55.712,
            "인구수":18.98,
            "인구증감":8.98,
            "인구총점":15.98,
            "일자리":14.57,
            "소득수준":52.75,
            "일자리총점":26.024,
            "가치 총점":28.778,
            "매매실거래년":"18000101",
            "매매실거래가":null,
            "전세실거래년":null,
            "전세실거래가":null,
            "전세가율":null,
            "장기전세가율평균":66.82,
            "전세가율거품지수":null,
            "검색코드":15122,
            "세대수":198.0,
            "준공년월":"1995-01-21",
            "준공년차":28.0,
            "가까운역이름":"NA",
            "가까운역거리":"NA",
            "역세권여부":"NA",
            "30분이내주요거점역":"NA",
            "30분거점역이름":"NA",
            "1시간이내주요거점역":"NA",
            "1시간거점역이름":"NA",
            "3km이내백화점수":0,
            "5km이내아울렛몰수":0,
            "1km이내대형먀트수":1,
            "500m이내은행수":2,
            "500m이내병원수":0,
            "5km이내대형병원수":0,
            "500m이내공원수":3,
            "3km이내혐오시설수":0,
            "초등학교학업성취도":90.0,
            "중학교학업성취도":77.7,
            "용적률":79,
            "건폐율":35,
            "Y":33.250903,
            "X":126.506207,
            "rank":36.0,
            "area_info":"31평(102.66), 31평(102.79), 32평(106.08)",
            "last_sales":"1800-01-01,nan,31평(102.66)",
            "rank_history":[
                [
                    "202202",
                    36
                ],
                [
                    "202201",
                    30
                ]
            ],
            "rank_gap":-6
        },
        {
            "index":212,
            "아파트명":"힘찬해가(도시형)",
            "투자타입":"일반",
            "전용면적(m2)":"102.08",
            "전용면적(평)":"30평",
            "법정동주소":"제주도 서귀포시 안덕면 사계리 3596",
            "도로명주소":"제주도 서귀포시 사계신항로17번길 14",
            "세대수":0,
            "입주년차":100,
            "용적률점수":"--",
            "건폐율점수":"--",
            "세대당주차수":0,
            "난방방식":30,
            "공급면적":"--",
            "전용률":"--",
            "욕실수":100,
            "현관타입":100,
            "주거총점":43.0,
            "지역구공급총점":50.0,
            "역세권":"NA",
            "30분내 이동가능 거점":"NA",
            "1시간내 이동가능 거점":"NA",
            "교통총점":"NA",
            "백화점":0,
            "아울렛몰":0,
            "대형마트":0,
            "은행":0,
            "병원":0,
            "종합병원":0,
            "공원":80,
            "혐오시설":0,
            "인프라총점":2.4,
            "초등학군":90.01,
            "중학군":41.32,
            "학군총점":51.058,
            "인구수":18.98,
            "인구증감":8.98,
            "인구총점":15.98,
            "일자리":14.57,
            "소득수준":52.75,
            "일자리총점":26.024,
            "가치 총점":28.7745,
            "매매실거래년":"18000101",
            "매매실거래가":null,
            "전세실거래년":null,
            "전세실거래가":null,
            "전세가율":null,
            "장기전세가율평균":66.82,
            "전세가율거품지수":null,
            "검색코드":138744,
            "세대수":120.0,
            "준공년월":"2021-09-01",
            "준공년차":2.0,
            "가까운역이름":"NA",
            "가까운역거리":"NA",
            "역세권여부":"NA",
            "30분이내주요거점역":"NA",
            "30분거점역이름":"NA",
            "1시간이내주요거점역":"NA",
            "1시간거점역이름":"NA",
            "3km이내백화점수":0,
            "5km이내아울렛몰수":0,
            "1km이내대형먀트수":0,
            "500m이내은행수":0,
            "500m이내병원수":0,
            "5km이내대형병원수":0,
            "500m이내공원수":1,
            "3km이내혐오시설수":0,
            "초등학교학업성취도":90.01,
            "중학교학업성취도":68.0,
            "용적률":125,
            "건폐율":42,
            "Y":33.250002,
            "X":126.323272,
            "rank":37.0,
            "area_info":"30평(102.08), 32평(108.43)",
            "last_sales":"1800-01-01,nan,30평(102.08)",
            "rank_history":[
                [
                    "202202",
                    37
                ],
                [
                    "202201",
                    38
                ]
            ],
            "rank_gap":1
        },
        {
            "index":119,
            "아파트명":"동남서호",
            "투자타입":"일반",
            "전용면적(m2)":"65.03",
            "전용면적(평)":"19평",
            "법정동주소":"제주도 서귀포시 법환동 748-1",
            "도로명주소":"제주도 서귀포시 신서귀로 9",
            "세대수":0,
            "입주년차":0,
            "용적률점수":"--",
            "건폐율점수":"--",
            "세대당주차수":0,
            "난방방식":30,
            "공급면적":"--",
            "전용률":"--",
            "욕실수":50,
            "현관타입":100,
            "주거총점":18.0,
            "지역구공급총점":50.0,
            "역세권":"NA",
            "30분내 이동가능 거점":"NA",
            "1시간내 이동가능 거점":"NA",
            "교통총점":"NA",
            "백화점":0,
            "아울렛몰":0,
            "대형마트":100,
            "은행":20,
            "병원":0,
            "종합병원":0,
            "공원":100,
            "혐오시설":0,
            "인프라총점":20.0,
            "초등학군":90.0,
            "중학군":47.14,
            "학군총점":55.712,
            "인구수":18.98,
            "인구증감":8.98,
            "인구총점":15.98,
            "일자리":14.57,
            "소득수준":52.75,
            "일자리총점":26.024,
            "가치 총점":28.228,
            "매매실거래년":"18000101",
            "매매실거래가":null,
            "전세실거래년":null,
            "전세실거래가":null,
            "전세가율":null,
            "장기전세가율평균":66.82,
            "전세가율거품지수":null,
            "검색코드":15139,
            "세대수":143.0,
            "준공년월":"1995-01-18",
            "준공년차":28.0,
            "가까운역이름":"NA",
            "가까운역거리":"NA",
            "역세권여부":"NA",
            "30분이내주요거점역":"NA",
            "30분거점역이름":"NA",
            "1시간이내주요거점역":"NA",
            "1시간거점역이름":"NA",
            "3km이내백화점수":0,
            "5km이내아울렛몰수":0,
            "1km이내대형먀트수":2,
            "500m이내은행수":2,
            "500m이내병원수":0,
            "5km이내대형병원수":0,
            "500m이내공원수":3,
            "3km이내혐오시설수":0,
            "초등학교학업성취도":90.0,
            "중학교학업성취도":77.7,
            "용적률":95,
            "건폐율":32,
            "Y":33.249998,
            "X":126.509022,
            "rank":38.0,
            "area_info":"19평(65.03), 20평(67.1), 20평(67.8), 27평(91.88)",
            "last_sales":"1800-01-01,nan,19평(65.03)",
            "rank_history":[
                [
                    "202202",
                    38
                ],
                [
                    "202201",
                    34
                ]
            ],
            "rank_gap":-4
        },
        {
            "index":224,
            "아파트명":"중문스마트빌(도시형)",
            "투자타입":"일반",
            "전용면적(m2)":"40.64",
            "전용면적(평)":"12평",
            "법정동주소":"제주도 서귀포시 중문동 2059-7",
            "도로명주소":"제주도 서귀포시 중문상로 41-3",
            "세대수":0,
            "입주년차":80,
            "용적률점수":"--",
            "건폐율점수":"--",
            "세대당주차수":0,
            "난방방식":30,
            "공급면적":"--",
            "전용률":"--",
            "욕실수":50,
            "현관타입":10,
            "주거총점":25.0,
            "지역구공급총점":50.0,
            "역세권":"NA",
            "30분내 이동가능 거점":"NA",
            "1시간내 이동가능 거점":"NA",
            "교통총점":"NA",
            "백화점":0,
            "아울렛몰":0,
            "대형마트":80,
            "은행":0,
            "병원":0,
            "종합병원":0,
            "공원":0,
            "혐오시설":0,
            "인프라총점":12.0,
            "초등학군":90.02,
            "중학군":49.24,
            "학군총점":57.396,
            "인구수":18.98,
            "인구증감":8.98,
            "인구총점":15.98,
            "일자리":14.57,
            "소득수준":52.75,
            "일자리총점":26.024,
            "가치 총점":27.899,
            "매매실거래년":20210304.0,
            "매매실거래가":20000.0,
            "전세실거래년":20211025.0,
            "전세실거래가":9000.0,
            "전세가율":105.88,
            "장기전세가율평균":66.82,
            "전세가율거품지수":-39.06,
            "검색코드":119898,
            "세대수":109.0,
            "준공년월":"2017-08-17",
            "준공년차":6.0,
            "가까운역이름":"NA",
            "가까운역거리":"NA",
            "역세권여부":"NA",
            "30분이내주요거점역":"NA",
            "30분거점역이름":"NA",
            "1시간이내주요거점역":"NA",
            "1시간거점역이름":"NA",
            "3km이내백화점수":0,
            "5km이내아울렛몰수":0,
            "1km이내대형먀트수":1,
            "500m이내은행수":1,
            "500m이내병원수":0,
            "5km이내대형병원수":0,
            "500m이내공원수":0,
            "3km이내혐오시설수":0,
            "초등학교학업성취도":90.02,
            "중학교학업성취도":81.0,
            "용적률":419,
            "건폐율":75,
            "Y":33.252141,
            "X":126.425068,
            "rank":39.0,
            "area_info":"12평(40.64), 15평(50.48), 17평(58.54), 18평(61.11), 20평(67.17), 23평(76.11), 23평(77.55)",
            "last_sales":"2021-03-04,20000.0,23평(77.55)",
            "rank_history":[
                [
                    "202202",
                    39
                ],
                [
                    "202201",
                    36
                ]
            ],
            "rank_gap":-3
        },
        {
            "index":5,
            "아파트명":"성산",
            "투자타입":"일반",
            "전용면적(m2)":"66.19",
            "전용면적(평)":"20평",
            "법정동주소":"제주도 서귀포시 강정동 178-1",
            "도로명주소":"제주도 서귀포시 신서귀로97번길 84",
            "세대수":0,
            "입주년차":0,
            "용적률점수":"--",
            "건폐율점수":"--",
            "세대당주차수":0,
            "난방방식":30,
            "공급면적":"--",
            "전용률":"--",
            "욕실수":50,
            "현관타입":100,
            "주거총점":18.0,
            "지역구공급총점":50.0,
            "역세권":"NA",
            "30분내 이동가능 거점":"NA",
            "1시간내 이동가능 거점":"NA",
            "교통총점":"NA",
            "백화점":0,
            "아울렛몰":0,
            "대형마트":80,
            "은행":20,
            "병원":0,
            "종합병원":0,
            "공원":100,
            "혐오시설":0,
            "인프라총점":17.0,
            "초등학군":90.0,
            "중학군":47.14,
            "학군총점":55.712,
            "인구수":18.98,
            "인구증감":8.98,
            "인구총점":15.98,
            "일자리":14.57,
            "소득수준":52.75,
            "일자리총점":26.024,
            "가치 총점":27.028,
            "매매실거래년":"18000101",
            "매매실거래가":null,
            "전세실거래년":null,
            "전세실거래가":null,
            "전세가율":null,
            "장기전세가율평균":66.82,
            "전세가율거품지수":null,
            "검색코드":15124,
            "세대수":156.0,
            "준공년월":"1995-01-27",
            "준공년차":28.0,
            "가까운역이름":"NA",
            "가까운역거리":"NA",
            "역세권여부":"NA",
            "30분이내주요거점역":"NA",
            "30분거점역이름":"NA",
            "1시간이내주요거점역":"NA",
            "1시간거점역이름":"NA",
            "3km이내백화점수":0,
            "5km이내아울렛몰수":0,
            "1km이내대형먀트수":1,
            "500m이내은행수":2,
            "500m이내병원수":0,
            "5km이내대형병원수":0,
            "500m이내공원수":4,
            "3km이내혐오시설수":0,
            "초등학교학업성취도":90.0,
            "중학교학업성취도":77.7,
            "용적률":87,
            "건폐율":36,
            "Y":33.251,
            "X":126.504927,
            "rank":40.0,
            "area_info":"20평(66.19), 24평(80.51)",
            "last_sales":"1800-01-01,nan,20평(66.19)",
            "rank_history":[
                [
                    "202202",
                    40
                ],
                [
                    "202201",
                    34
                ]
            ],
            "rank_gap":-6
        },
        {
            "index":207,
            "아파트명":"진우파크빌",
            "투자타입":"일반",
            "전용면적(m2)":"31.86",
            "전용면적(평)":"9평",
            "법정동주소":"제주도 서귀포시 성산읍 고성리 1618-1",
            "도로명주소":"제주도 서귀포시 서성일로 1186-6",
            "세대수":0,
            "입주년차":20,
            "용적률점수":"--",
            "건폐율점수":"--",
            "세대당주차수":0,
            "난방방식":30,
            "공급면적":"--",
            "전용률":"--",
            "욕실수":50,
            "현관타입":100,
            "주거총점":22.0,
            "지역구공급총점":50.0,
            "역세권":"NA",
            "30분내 이동가능 거점":"NA",
            "1시간내 이동가능 거점":"NA",
            "교통총점":"NA",
            "백화점":0,
            "아울렛몰":0,
            "대형마트":100,
            "은행":0,
            "병원":0,
            "종합병원":0,
            "공원":0,
            "혐오시설":0,
            "인프라총점":15.0,
            "초등학군":90.01,
            "중학군":42.18,
            "학군총점":51.746,
            "인구수":18.98,
            "인구증감":8.98,
            "인구총점":15.98,
            "일자리":14.57,
            "소득수준":52.75,
            "일자리총점":26.024,
            "가치 총점":26.6365,
            "매매실거래년":20210709.0,
            "매매실거래가":7100.0,
            "전세실거래년":null,
            "전세실거래가":null,
            "전세가율":null,
            "장기전세가율평균":66.82,
            "전세가율거품지수":null,
            "검색코드":15121,
            "세대수":110.0,
            "준공년월":"2001-02-12",
            "준공년차":22.0,
            "가까운역이름":"NA",
            "가까운역거리":"NA",
            "역세권여부":"NA",
            "30분이내주요거점역":"NA",
            "30분거점역이름":"NA",
            "1시간이내주요거점역":"NA",
            "1시간거점역이름":"NA",
            "3km이내백화점수":0,
            "5km이내아울렛몰수":0,
            "1km이내대형먀트수":2,
            "500m이내은행수":0,
            "500m이내병원수":0,
            "5km이내대형병원수":0,
            "500m이내공원수":0,
            "3km이내혐오시설수":0,
            "초등학교학업성취도":90.01,
            "중학교학업성취도":68.5,
            "용적률":0,
            "건폐율":0,
            "Y":33.44547,
            "X":126.90552,
            "rank":41.0,
            "area_info":"9평(31.86), 9평(31.18), 11평(36.73), 18평(61.43), 22평(73.77)",
            "last_sales":"2021-07-09,7100.0,22평(73.77)",
            "rank_history":[
                [
                    "202202",
                    41
                ],
                [
                    "202201",
                    41
                ]
            ],
            "rank_gap":0
        },
        {
            "index":54,
            "아파트명":"동홍주공1단지",
            "투자타입":"재건축",
            "전용면적(m2)":"45.54",
            "전용면적(평)":"13평",
            "법정동주소":"제주도 서귀포시 동홍동 147",
            "도로명주소":"제주도 서귀포시 동홍중앙로 10",
            "세대수":30,
            "입주년차":"--",
            "용적률점수":0,
            "건폐율점수":0,
            "세대당주차수":"--",
            "난방방식":"--",
            "공급면적":50,
            "전용률":80,
            "욕실수":"--",
            "현관타입":"--",
            "주거총점":15.5,
            "지역구공급총점":50.0,
            "역세권":"NA",
            "30분내 이동가능 거점":"NA",
            "1시간내 이동가능 거점":"NA",
            "교통총점":"NA",
            "백화점":0,
            "아울렛몰":0,
            "대형마트":0,
            "은행":0,
            "병원":0,
            "종합병원":80,
            "공원":100,
            "혐오시설":0,
            "인프라총점":19.0,
            "초등학군":90.02,
            "중학군":43.76,
            "학군총점":53.012,
            "인구수":18.98,
            "인구증감":8.98,
            "인구총점":15.98,
            "일자리":14.57,
            "소득수준":52.75,
            "일자리총점":26.024,
            "가치 총점":26.278,
            "매매실거래년":20220107.0,
            "매매실거래가":19500.0,
            "전세실거래년":20211115.0,
            "전세실거래가":7500.0,
            "전세가율":38.46,
            "장기전세가율평균":66.82,
            "전세가율거품지수":28.36,
            "검색코드":7762,
            "세대수":310.0,
            "준공년월":"1988-10-14",
            "준공년차":35.0,
            "가까운역이름":"NA",
            "가까운역거리":"NA",
            "역세권여부":"NA",
            "30분이내주요거점역":"NA",
            "30분거점역이름":"NA",
            "1시간이내주요거점역":"NA",
            "1시간거점역이름":"NA",
            "3km이내백화점수":0,
            "5km이내아울렛몰수":0,
            "1km이내대형먀트수":0,
            "500m이내은행수":1,
            "500m이내병원수":0,
            "5km이내대형병원수":1,
            "500m이내공원수":3,
            "3km이내혐오시설수":0,
            "초등학교학업성취도":90.02,
            "중학교학업성취도":72.4,
            "용적률":0,
            "건폐율":0,
            "Y":33.2522,
            "X":126.57267,
            "rank":42.0,
            "area_info":"13평(45.54), 13평(45.15), 15평(52.53)",
            "last_sales":"2022-01-07,19500.0,13평(45.54)",
            "rank_history":[
                [
                    "202202",
                    42
                ],
                [
                    "202201",
                    39
                ]
            ],
            "rank_gap":-3
        },
        {
            "index":21,
            "아파트명":"캐논스빌리지1단지",
            "투자타입":"일반",
            "전용면적(m2)":"69.69",
            "전용면적(평)":"21평",
            "법정동주소":"제주도 서귀포시 대정읍 구억리 1062",
            "도로명주소":"제주도 서귀포시 글로벌에듀로145번길 46",
            "세대수":0,
            "입주년차":60,
            "용적률점수":"--",
            "건폐율점수":"--",
            "세대당주차수":0,
            "난방방식":30,
            "공급면적":"--",
            "전용률":"--",
            "욕실수":50,
            "현관타입":100,
            "주거총점":30.0,
            "지역구공급총점":50.0,
            "역세권":"NA",
            "30분내 이동가능 거점":"NA",
            "1시간내 이동가능 거점":"NA",
            "교통총점":"NA",
            "백화점":0,
            "아울렛몰":0,
            "대형마트":0,
            "은행":0,
            "병원":0,
            "종합병원":0,
            "공원":0,
            "혐오시설":0,
            "인프라총점":0.0,
            "초등학군":89.96,
            "중학군":47.22,
            "학군총점":55.768,
            "인구수":18.98,
            "인구증감":8.98,
            "인구총점":15.98,
            "일자리":14.57,
            "소득수준":52.75,
            "일자리총점":26.024,
            "가치 총점":24.442,
            "매매실거래년":"18000101",
            "매매실거래가":null,
            "전세실거래년":null,
            "전세실거래가":null,
            "전세가율":null,
            "장기전세가율평균":66.82,
            "전세가율거품지수":null,
            "검색코드":109475,
            "세대수":108.0,
            "준공년월":"2011-08-30",
            "준공년차":12.0,
            "가까운역이름":"NA",
            "가까운역거리":"NA",
            "역세권여부":"NA",
            "30분이내주요거점역":"NA",
            "30분거점역이름":"NA",
            "1시간이내주요거점역":"NA",
            "1시간거점역이름":"NA",
            "3km이내백화점수":0,
            "5km이내아울렛몰수":0,
            "1km이내대형먀트수":0,
            "500m이내은행수":0,
            "500m이내병원수":0,
            "5km이내대형병원수":0,
            "500m이내공원수":0,
            "3km이내혐오시설수":0,
            "초등학교학업성취도":89.96,
            "중학교학업성취도":78.7,
            "용적률":0,
            "건폐율":0,
            "Y":33.295194,
            "X":126.289448,
            "rank":43.0,
            "area_info":"21평(69.69), 32평(106.59)",
            "last_sales":"1800-01-01,nan,21평(69.69)",
            "rank_history":[
                [
                    "202202",
                    43
                ],
                [
                    "202201",
                    43
                ]
            ],
            "rank_gap":0
        },
        {
            "index":91,
            "아파트명":"세기",
            "투자타입":"재건축",
            "전용면적(m2)":"83.49",
            "전용면적(평)":"25평",
            "법정동주소":"제주도 서귀포시 동홍동 139-1",
            "도로명주소":"제주도 서귀포시 태평로 549",
            "세대수":0,
            "입주년차":"--",
            "용적률점수":0,
            "건폐율점수":0,
            "세대당주차수":"--",
            "난방방식":"--",
            "공급면적":70,
            "전용률":80,
            "욕실수":"--",
            "현관타입":"--",
            "주거총점":7.5,
            "지역구공급총점":50.0,
            "역세권":"NA",
            "30분내 이동가능 거점":"NA",
            "1시간내 이동가능 거점":"NA",
            "교통총점":"NA",
            "백화점":0,
            "아울렛몰":0,
            "대형마트":0,
            "은행":0,
            "병원":0,
            "종합병원":80,
            "공원":100,
            "혐오시설":0,
            "인프라총점":19.0,
            "초등학군":89.99,
            "중학군":43.76,
            "학군총점":53.006,
            "인구수":18.98,
            "인구증감":8.98,
            "인구총점":15.98,
            "일자리":14.57,
            "소득수준":52.75,
            "일자리총점":26.024,
            "가치 총점":23.4765,
            "매매실거래년":20210609.0,
            "매매실거래가":12700.0,
            "전세실거래년":null,
            "전세실거래가":null,
            "전세가율":null,
            "장기전세가율평균":66.82,
            "전세가율거품지수":null,
            "검색코드":7780,
            "세대수":170.0,
            "준공년월":"1990-09-22",
            "준공년차":33.0,
            "가까운역이름":"NA",
            "가까운역거리":"NA",
            "역세권여부":"NA",
            "30분이내주요거점역":"NA",
            "30분거점역이름":"NA",
            "1시간이내주요거점역":"NA",
            "1시간거점역이름":"NA",
            "3km이내백화점수":0,
            "5km이내아울렛몰수":0,
            "1km이내대형먀트수":0,
            "500m이내은행수":0,
            "500m이내병원수":0,
            "5km이내대형병원수":1,
            "500m이내공원수":3,
            "3km이내혐오시설수":0,
            "초등학교학업성취도":89.99,
            "중학교학업성취도":72.4,
            "용적률":0,
            "건폐율":0,
            "Y":33.25313,
            "X":126.57495,
            "rank":44.0,
            "area_info":"25평(83.49), 25평(85.72), 26평(86.86), 27평(89.67), 29평(96.81), 39평(129.09), 41평(137.63), 42평(139.42)",
            "last_sales":"2021-06-09,12700.0,29평(96.81)",
            "rank_history":[
                [
                    "202202",
                    44
                ],
                [
                    "202201",
                    44
                ]
            ],
            "rank_gap":0
        },
        {
            "index":81,
            "아파트명":"삼아",
            "투자타입":"재건축",
            "전용면적(m2)":"70.87",
            "전용면적(평)":"21평",
            "법정동주소":"제주도 서귀포시 동홍동 201",
            "도로명주소":"제주도 서귀포시 태평로536번길 6",
            "세대수":0,
            "입주년차":"--",
            "용적률점수":0,
            "건폐율점수":0,
            "세대당주차수":"--",
            "난방방식":"--",
            "공급면적":50,
            "전용률":80,
            "욕실수":"--",
            "현관타입":"--",
            "주거총점":6.5,
            "지역구공급총점":50.0,
            "역세권":"NA",
            "30분내 이동가능 거점":"NA",
            "1시간내 이동가능 거점":"NA",
            "교통총점":"NA",
            "백화점":0,
            "아울렛몰":0,
            "대형마트":0,
            "은행":0,
            "병원":0,
            "종합병원":80,
            "공원":80,
            "혐오시설":0,
            "인프라총점":18.4,
            "초등학군":90.02,
            "중학군":43.76,
            "학군총점":53.012,
            "인구수":18.98,
            "인구증감":8.98,
            "인구총점":15.98,
            "일자리":14.57,
            "소득수준":52.75,
            "일자리총점":26.024,
            "가치 총점":22.888,
            "매매실거래년":20210720.0,
            "매매실거래가":27000.0,
            "전세실거래년":null,
            "전세실거래가":null,
            "전세가율":null,
            "장기전세가율평균":66.82,
            "전세가율거품지수":null,
            "검색코드":7775,
            "세대수":240.0,
            "준공년월":"1991-08-13",
            "준공년차":32.0,
            "가까운역이름":"NA",
            "가까운역거리":"NA",
            "역세권여부":"NA",
            "30분이내주요거점역":"NA",
            "30분거점역이름":"NA",
            "1시간이내주요거점역":"NA",
            "1시간거점역이름":"NA",
            "3km이내백화점수":0,
            "5km이내아울렛몰수":0,
            "1km이내대형먀트수":0,
            "500m이내은행수":0,
            "500m이내병원수":0,
            "5km이내대형병원수":1,
            "500m이내공원수":1,
            "3km이내혐오시설수":0,
            "초등학교학업성취도":90.02,
            "중학교학업성취도":72.4,
            "용적률":0,
            "건폐율":0,
            "Y":33.251133,
            "X":126.575349,
            "rank":45.0,
            "area_info":"21평(70.87), 25평(84.87), 31평(105.58), 32평(106.26), 33평(111.62), 34평(113.1), 34평(114.37), 36평(121.71), 41평(138.67), 49평(162.95)",
            "last_sales":"2021-07-20,27000.0,49평(162.95)",
            "rank_history":[
                [
                    "202202",
                    45
                ],
                [
                    "202201",
                    45
                ]
            ],
            "rank_gap":0
        },
        {
            "index":38,
            "아파트명":"풍림",
            "투자타입":"재건축",
            "전용면적(m2)":"102.68",
            "전용면적(평)":"31평",
            "법정동주소":"제주도 서귀포시 대포동 811",
            "도로명주소":"제주도 서귀포시 대포복개로 95",
            "세대수":0,
            "입주년차":"--",
            "용적률점수":0,
            "건폐율점수":0,
            "세대당주차수":"--",
            "난방방식":"--",
            "공급면적":90,
            "전용률":80,
            "욕실수":"--",
            "현관타입":"--",
            "주거총점":8.5,
            "지역구공급총점":50.0,
            "역세권":"NA",
            "30분내 이동가능 거점":"NA",
            "1시간내 이동가능 거점":"NA",
            "교통총점":"NA",
            "백화점":0,
            "아울렛몰":0,
            "대형마트":80,
            "은행":0,
            "병원":0,
            "종합병원":0,
            "공원":0,
            "혐오시설":0,
            "인프라총점":12.0,
            "초등학군":90.02,
            "중학군":49.24,
            "학군총점":57.396,
            "인구수":18.98,
            "인구증감":8.98,
            "인구총점":15.98,
            "일자리":14.57,
            "소득수준":52.75,
            "일자리총점":26.024,
            "가치 총점":22.124,
            "매매실거래년":"18000101",
            "매매실거래가":null,
            "전세실거래년":null,
            "전세실거래가":null,
            "전세가율":null,
            "장기전세가율평균":66.82,
            "전세가율거품지수":null,
            "검색코드":15125,
            "세대수":183.0,
            "준공년월":"1991-07-12",
            "준공년차":32.0,
            "가까운역이름":"NA",
            "가까운역거리":"NA",
            "역세권여부":"NA",
            "30분이내주요거점역":"NA",
            "30분거점역이름":"NA",
            "1시간이내주요거점역":"NA",
            "1시간거점역이름":"NA",
            "3km이내백화점수":0,
            "5km이내아울렛몰수":0,
            "1km이내대형먀트수":1,
            "500m이내은행수":0,
            "500m이내병원수":0,
            "5km이내대형병원수":0,
            "500m이내공원수":0,
            "3km이내혐오시설수":0,
            "초등학교학업성취도":90.02,
            "중학교학업성취도":81.0,
            "용적률":0,
            "건폐율":0,
            "Y":33.24709,
            "X":126.434122,
            "rank":46.0,
            "area_info":"31평(102.68), 43평(144.23)",
            "last_sales":"1800-01-01,nan,31평(102.68)",
            "rank_history":[
                [
                    "202202",
                    46
                ],
                [
                    "202201",
                    46
                ]
            ],
            "rank_gap":0
        },
        {
            "index":265,
            "아파트명":"서진",
            "투자타입":"일반",
            "전용면적(m2)":"38.4",
            "전용면적(평)":"11평",
            "법정동주소":"제주도 서귀포시 하원동 367-1",
            "도로명주소":"제주도 서귀포시 지세못로 29",
            "세대수":0,
            "입주년차":20,
            "용적률점수":"--",
            "건폐율점수":"--",
            "세대당주차수":0,
            "난방방식":30,
            "공급면적":"--",
            "전용률":"--",
            "욕실수":50,
            "현관타입":100,
            "주거총점":22.0,
            "지역구공급총점":50.0,
            "역세권":"NA",
            "30분내 이동가능 거점":"NA",
            "1시간내 이동가능 거점":"NA",
            "교통총점":"NA",
            "백화점":0,
            "아울렛몰":0,
            "대형마트":0,
            "은행":0,
            "병원":0,
            "종합병원":0,
            "공원":0,
            "혐오시설":0,
            "인프라총점":0.0,
            "초등학군":90.0,
            "중학군":49.24,
            "학군총점":57.392,
            "인구수":18.98,
            "인구증감":8.98,
            "인구총점":15.98,
            "일자리":14.57,
            "소득수준":52.75,
            "일자리총점":26.024,
            "가치 총점":22.048,
            "매매실거래년":20211109.0,
            "매매실거래가":12200.0,
            "전세실거래년":20130514.0,
            "전세실거래가":2000.0,
            "전세가율":37.74,
            "장기전세가율평균":66.82,
            "전세가율거품지수":29.08,
            "검색코드":17141,
            "세대수":101.0,
            "준공년월":"2002-02-23",
            "준공년차":21.0,
            "가까운역이름":"NA",
            "가까운역거리":"NA",
            "역세권여부":"NA",
            "30분이내주요거점역":"NA",
            "30분거점역이름":"NA",
            "1시간이내주요거점역":"NA",
            "1시간거점역이름":"NA",
            "3km이내백화점수":0,
            "5km이내아울렛몰수":0,
            "1km이내대형먀트수":0,
            "500m이내은행수":0,
            "500m이내병원수":0,
            "5km이내대형병원수":0,
            "500m이내공원수":0,
            "3km이내혐오시설수":0,
            "초등학교학업성취도":90.0,
            "중학교학업성취도":81.0,
            "용적률":112,
            "건폐율":26,
            "Y":33.255481,
            "X":126.462774,
            "rank":47.0,
            "area_info":"11평(38.4), 18평(60.37), 21평(70.3), 21평(70.04)",
            "last_sales":"2021-11-09,12200.0,21평(70.04)",
            "rank_history":[
                [
                    "202202",
                    47
                ],
                [
                    "202201",
                    47
                ]
            ],
            "rank_gap":0
        },
        {
            "index":248,
            "아파트명":"대진유토피아",
            "투자타입":"일반",
            "전용면적(m2)":"46.49",
            "전용면적(평)":"14평",
            "법정동주소":"제주도 서귀포시 표선면 표선리 2956",
            "도로명주소":"제주도 서귀포시 번영로3428번길 129",
            "세대수":0,
            "입주년차":80,
            "용적률점수":"--",
            "건폐율점수":"--",
            "세대당주차수":0,
            "난방방식":30,
            "공급면적":"--",
            "전용률":"--",
            "욕실수":50,
            "현관타입":10,
            "주거총점":25.0,
            "지역구공급총점":50.0,
            "역세권":"NA",
            "30분내 이동가능 거점":"NA",
            "1시간내 이동가능 거점":"NA",
            "교통총점":"NA",
            "백화점":0,
            "아울렛몰":0,
            "대형마트":0,
            "은행":0,
            "병원":0,
            "종합병원":0,
            "공원":0,
            "혐오시설":0,
            "인프라총점":0.0,
            "초등학군":89.99,
            "중학군":39.34,
            "학군총점":49.47,
            "인구수":18.98,
            "인구증감":8.98,
            "인구총점":15.98,
            "일자리":14.57,
            "소득수준":52.75,
            "일자리총점":26.024,
            "가치 총점":21.1175,
            "매매실거래년":"18000101",
            "매매실거래가":null,
            "전세실거래년":null,
            "전세실거래가":null,
            "전세가율":null,
            "장기전세가율평균":66.82,
            "전세가율거품지수":null,
            "검색코드":116913,
            "세대수":284.0,
            "준공년월":"2017-01-23",
            "준공년차":6.0,
            "가까운역이름":"NA",
            "가까운역거리":"NA",
            "역세권여부":"NA",
            "30분이내주요거점역":"NA",
            "30분거점역이름":"NA",
            "1시간이내주요거점역":"NA",
            "1시간거점역이름":"NA",
            "3km이내백화점수":0,
            "5km이내아울렛몰수":0,
            "1km이내대형먀트수":0,
            "500m이내은행수":0,
            "500m이내병원수":0,
            "5km이내대형병원수":0,
            "500m이내공원수":0,
            "3km이내혐오시설수":0,
            "초등학교학업성취도":89.99,
            "중학교학업성취도":64.9,
            "용적률":58,
            "건폐율":20,
            "Y":33.341739,
            "X":126.814885,
            "rank":48.0,
            "area_info":"14평(46.49), 14평(46.48), 16평(55.31), 20평(66.67)",
            "last_sales":"1800-01-01,nan,14평(46.49)",
            "rank_history":[
                [
                    "202202",
                    48
                ],
                [
                    "202201",
                    48
                ]
            ],
            "rank_gap":0
        },
        {
            "index":12,
            "아파트명":"남원에덴",
            "투자타입":"일반",
            "전용면적(m2)":"47.0",
            "전용면적(평)":"14평",
            "법정동주소":"제주도 서귀포시 남원읍 남원리 1323-2",
            "도로명주소":"제주도 서귀포시 남원광지로 5",
            "세대수":0,
            "입주년차":0,
            "용적률점수":"--",
            "건폐율점수":"--",
            "세대당주차수":0,
            "난방방식":30,
            "공급면적":"--",
            "전용률":"--",
            "욕실수":50,
            "현관타입":50,
            "주거총점":13.0,
            "지역구공급총점":50.0,
            "역세권":"NA",
            "30분내 이동가능 거점":"NA",
            "1시간내 이동가능 거점":"NA",
            "교통총점":"NA",
            "백화점":0,
            "아울렛몰":0,
            "대형마트":0,
            "은행":0,
            "병원":0,
            "종합병원":0,
            "공원":0,
            "혐오시설":0,
            "인프라총점":0.0,
            "초등학군":90.01,
            "중학군":47.94,
            "학군총점":56.354,
            "인구수":18.98,
            "인구증감":8.98,
            "인구총점":15.98,
            "일자리":14.57,
            "소득수준":52.75,
            "일자리총점":26.024,
            "가치 총점":18.6385,
            "매매실거래년":20211217.0,
            "매매실거래가":12000.0,
            "전세실거래년":20210120.0,
            "전세실거래가":7000.0,
            "전세가율":58.33,
            "장기전세가율평균":66.82,
            "전세가율거품지수":8.49,
            "검색코드":107801,
            "세대수":140.0,
            "준공년월":"1996-10-31",
            "준공년차":27.0,
            "가까운역이름":"NA",
            "가까운역거리":"NA",
            "역세권여부":"NA",
            "30분이내주요거점역":"NA",
            "30분거점역이름":"NA",
            "1시간이내주요거점역":"NA",
            "1시간거점역이름":"NA",
            "3km이내백화점수":0,
            "5km이내아울렛몰수":0,
            "1km이내대형먀트수":0,
            "500m이내은행수":0,
            "500m이내병원수":0,
            "5km이내대형병원수":0,
            "500m이내공원수":0,
            "3km이내혐오시설수":0,
            "초등학교학업성취도":90.01,
            "중학교학업성취도":79.9,
            "용적률":125,
            "건폐율":34,
            "Y":33.278388,
            "X":126.71254,
            "rank":49.0,
            "area_info":"14평(47.0), 20평(67.0)",
            "last_sales":"2021-12-17,12000.0,14평(47.0)",
            "rank_history":[
                [
                    "202202",
                    49
                ],
                [
                    "202201",
                    49
                ]
            ],
            "rank_gap":0
        },
        {
            "index":23,
            "아파트명":"한빛테크",
            "투자타입":"일반",
            "전용면적(m2)":"37.57",
            "전용면적(평)":"11평",
            "법정동주소":"제주도 서귀포시 대정읍 상모리 4148-1",
            "도로명주소":"제주도 서귀포시 비행장로55번길 16",
            "세대수":0,
            "입주년차":20,
            "용적률점수":"--",
            "건폐율점수":"--",
            "세대당주차수":0,
            "난방방식":30,
            "공급면적":"--",
            "전용률":"--",
            "욕실수":50,
            "현관타입":10,
            "주거총점":13.0,
            "지역구공급총점":50.0,
            "역세권":"NA",
            "30분내 이동가능 거점":"NA",
            "1시간내 이동가능 거점":"NA",
            "교통총점":"NA",
            "백화점":0,
            "아울렛몰":0,
            "대형마트":0,
            "은행":0,
            "병원":0,
            "종합병원":0,
            "공원":0,
            "혐오시설":0,
            "인프라총점":0.0,
            "초등학군":90.0,
            "중학군":44.8,
            "학군총점":53.84,
            "인구수":18.98,
            "인구증감":8.98,
            "인구총점":15.98,
            "일자리":14.57,
            "소득수준":52.75,
            "일자리총점":26.024,
            "가치 총점":18.01,
            "매매실거래년":20210127.0,
            "매매실거래가":11000.0,
            "전세실거래년":null,
            "전세실거래가":null,
            "전세가율":null,
            "장기전세가율평균":66.82,
            "전세가율거품지수":null,
            "검색코드":126065,
            "세대수":102.0,
            "준공년월":"2000-02-10",
            "준공년차":23.0,
            "가까운역이름":"NA",
            "가까운역거리":"NA",
            "역세권여부":"NA",
            "30분이내주요거점역":"NA",
            "30분거점역이름":"NA",
            "1시간이내주요거점역":"NA",
            "1시간거점역이름":"NA",
            "3km이내백화점수":0,
            "5km이내아울렛몰수":0,
            "1km이내대형먀트수":0,
            "500m이내은행수":0,
            "500m이내병원수":0,
            "5km이내대형병원수":0,
            "500m이내공원수":0,
            "3km이내혐오시설수":0,
            "초등학교학업성취도":90.0,
            "중학교학업성취도":72.0,
            "용적률":135,
            "건폐율":20,
            "Y":33.219943,
            "X":126.260341,
            "rank":50.0,
            "area_info":"11평(37.57), 20평(66.38), 20평(66.43), 22평(73.97), 22평(73.59), 22평(73.97), 22평(74.85), 22평(74.74), 22평(74.85), 23평(78.51), 25평(85.57)",
            "last_sales":"2021-01-27,11000.0,22평(74.85)",
            "rank_history":[
                [
                    "202202",
                    50
                ],
                [
                    "202201",
                    50
                ]
            ],
            "rank_gap":0
        }
    ]
}