{
    "schema":{
        "fields":[
            {
                "name":"index",
                "type":"integer"
            },
            {
                "name":"아파트명",
                "type":"string"
            },
            {
                "name":"매매타입",
                "type":"string"
            },
            {
                "name":"전용면적(m2)",
                "type":"string"
            },
            {
                "name":"전용면적(평)",
                "type":"string"
            },
            {
                "name":"법정동주소",
                "type":"string"
            },
            {
                "name":"도로명주소",
                "type":"string"
            },
            {
                "name":"세대수",
                "type":"integer"
            },
            {
                "name":"입주년차",
                "type":"integer"
            },
            {
                "name":"용적률점수",
                "type":"string"
            },
            {
                "name":"건폐율점수",
                "type":"string"
            },
            {
                "name":"세대당주차수",
                "type":"integer"
            },
            {
                "name":"난방방식",
                "type":"integer"
            },
            {
                "name":"공급면적",
                "type":"string"
            },
            {
                "name":"전용률",
                "type":"string"
            },
            {
                "name":"욕실수",
                "type":"integer"
            },
            {
                "name":"현관타입",
                "type":"integer"
            },
            {
                "name":"주거총점",
                "type":"number"
            },
            {
                "name":"지역구공급총점",
                "type":"number"
            },
            {
                "name":"역세권",
                "type":"string"
            },
            {
                "name":"30분내 이동가능 거점",
                "type":"string"
            },
            {
                "name":"1시간내 이동가능 거점",
                "type":"string"
            },
            {
                "name":"교통총점",
                "type":"string"
            },
            {
                "name":"백화점",
                "type":"integer"
            },
            {
                "name":"아울렛몰",
                "type":"integer"
            },
            {
                "name":"대형마트",
                "type":"integer"
            },
            {
                "name":"은행",
                "type":"integer"
            },
            {
                "name":"병원",
                "type":"integer"
            },
            {
                "name":"종합병원",
                "type":"integer"
            },
            {
                "name":"공원",
                "type":"integer"
            },
            {
                "name":"혐오시설",
                "type":"integer"
            },
            {
                "name":"인프라총점",
                "type":"number"
            },
            {
                "name":"초등학군",
                "type":"number"
            },
            {
                "name":"중학군",
                "type":"number"
            },
            {
                "name":"학군총점",
                "type":"number"
            },
            {
                "name":"인구수",
                "type":"number"
            },
            {
                "name":"인구증감",
                "type":"number"
            },
            {
                "name":"인구총점",
                "type":"number"
            },
            {
                "name":"일자리",
                "type":"number"
            },
            {
                "name":"소득수준",
                "type":"number"
            },
            {
                "name":"일자리총점",
                "type":"number"
            },
            {
                "name":"가치 총점",
                "type":"number"
            },
            {
                "name":"매매실거래년",
                "type":"number"
            },
            {
                "name":"매매실거래가",
                "type":"number"
            },
            {
                "name":"평단가",
                "type":"string"
            },
            {
                "name":"전세실거래년",
                "type":"number"
            },
            {
                "name":"전세실거래가",
                "type":"number"
            },
            {
                "name":"전세가율",
                "type":"number"
            },
            {
                "name":"장기전세가율평균",
                "type":"number"
            },
            {
                "name":"전세가율거품지수",
                "type":"number"
            },
            {
                "name":"검색코드",
                "type":"integer"
            },
            {
                "name":"세대수",
                "type":"number"
            },
            {
                "name":"난방",
                "type":"string"
            },
            {
                "name":"주차",
                "type":"string"
            },
            {
                "name":"현관구조",
                "type":"string"
            },
            {
                "name":"관리비평균",
                "type":"number"
            },
            {
                "name":"방수",
                "type":"integer"
            },
            {
                "name":"욕실개수",
                "type":"integer"
            },
            {
                "name":"준공년월",
                "type":"string"
            },
            {
                "name":"준공년차",
                "type":"number"
            },
            {
                "name":"가까운역이름",
                "type":"string"
            },
            {
                "name":"가까운역거리",
                "type":"string"
            },
            {
                "name":"역세권여부",
                "type":"string"
            },
            {
                "name":"30분이내주요거점역",
                "type":"string"
            },
            {
                "name":"30분거점역이름",
                "type":"string"
            },
            {
                "name":"1시간이내주요거점역",
                "type":"string"
            },
            {
                "name":"1시간거점역이름",
                "type":"string"
            },
            {
                "name":"3km이내백화점수",
                "type":"integer"
            },
            {
                "name":"5km이내아울렛몰수",
                "type":"integer"
            },
            {
                "name":"1km이내대형먀트수",
                "type":"integer"
            },
            {
                "name":"500m이내은행수",
                "type":"integer"
            },
            {
                "name":"500m이내병원수",
                "type":"integer"
            },
            {
                "name":"5km이내대형병원수",
                "type":"integer"
            },
            {
                "name":"500m이내공원수",
                "type":"integer"
            },
            {
                "name":"3km이내혐오시설수",
                "type":"integer"
            },
            {
                "name":"초등학교학업성취도",
                "type":"number"
            },
            {
                "name":"중학교학업성취도",
                "type":"number"
            },
            {
                "name":"학원가",
                "type":"integer"
            },
            {
                "name":"학원수",
                "type":"integer"
            },
            {
                "name":"용적률",
                "type":"integer"
            },
            {
                "name":"건폐율",
                "type":"integer"
            },
            {
                "name":"Y",
                "type":"number"
            },
            {
                "name":"X",
                "type":"number"
            },
            {
                "name":"rank",
                "type":"number"
            },
            {
                "name":"area_info",
                "type":"string"
            },
            {
                "name":"sales_info",
                "type":"string"
            },
            {
                "name":"last_sales",
                "type":"string"
            },
            {
                "name":"maintenance",
                "type":"string"
            },
            {
                "name":"price_per",
                "type":"string"
            },
            {
                "name":"room",
                "type":"string"
            },
            {
                "name":"bath",
                "type":"string"
            },
            {
                "name":"rank_history",
                "type":"string"
            },
            {
                "name":"rank_gap",
                "type":"integer"
            }
        ],
        "primaryKey":[
            "index"
        ],
        "pandas_version":"1.4.0"
    },
    "data":[
        {
            "index":5,
            "아파트명":"태백장성동아라이크텐",
            "매매타입":"아파트",
            "전용면적(m2)":"101.57",
            "전용면적(평)":"30평",
            "법정동주소":"강원도 태백시 장성동 291",
            "도로명주소":"강원도 태백시 장성1길 117",
            "세대수":0,
            "입주년차":100,
            "용적률점수":"--",
            "건폐율점수":"--",
            "세대당주차수":30,
            "난방방식":30,
            "공급면적":"--",
            "전용률":"--",
            "욕실수":100,
            "현관타입":100,
            "주거총점":47.5,
            "지역구공급총점":100.0,
            "역세권":"NA",
            "30분내 이동가능 거점":"NA",
            "1시간내 이동가능 거점":"NA",
            "교통총점":"NA",
            "백화점":0,
            "아울렛몰":0,
            "대형마트":80,
            "은행":0,
            "병원":10,
            "종합병원":80,
            "공원":80,
            "혐오시설":0,
            "인프라총점":31.4,
            "초등학군":90.02,
            "중학군":29.1,
            "학군총점":41.284,
            "인구수":3.92,
            "인구증감":-14.18,
            "인구총점":-1.51,
            "일자리":2.42,
            "소득수준":56.33,
            "일자리총점":18.593,
            "가치 총점":39.506,
            "매매실거래년":20220223.0,
            "매매실거래가":16500.0,
            "평단가":537,
            "전세실거래년":20211001.0,
            "전세실거래가":5000.0,
            "전세가율":30.3,
            "장기전세가율평균":72.36,
            "전세가율거품지수":42.06,
            "검색코드":122641,
            "세대수":202.0,
            "난방":"개별난방",
            "주차":"221 (세대당 1.09대)",
            "현관구조":"계단식",
            "관리비평균":177413.0,
            "방수":3,
            "욕실개수":2,
            "준공년월":"2019-05-01",
            "준공년차":3.0,
            "가까운역이름":"NA",
            "가까운역거리":"NA",
            "역세권여부":"NA",
            "30분이내주요거점역":"NA",
            "30분거점역이름":"NA",
            "1시간이내주요거점역":"NA",
            "1시간거점역이름":"NA",
            "3km이내백화점수":0,
            "5km이내아울렛몰수":0,
            "1km이내대형먀트수":1,
            "500m이내은행수":1,
            "500m이내병원수":2,
            "5km이내대형병원수":1,
            "500m이내공원수":1,
            "3km이내혐오시설수":0,
            "초등학교학업성취도":90.02,
            "중학교학업성취도":48.5,
            "학원가":0,
            "학원수":0,
            "용적률":190,
            "건폐율":16,
            "Y":37.099997,
            "X":129.006099,
            "rank":1.0,
            "area_info":"30평(101.57),43평(142.56)",
            "sales_info":"1.65억 (2022-02-23),1.96억 (2020-09-26)",
            "last_sales":"2022-02-23,16500.0,30평(101.57)",
            "maintenance":"177413.0,246761.0",
            "price_per":"537,454",
            "room":"3,4",
            "bath":"2,2",
            "rank_history":[
                [
                    "202204",
                    1
                ],
                [
                    "202203",
                    1
                ],
                [
                    "202202",
                    1
                ],
                [
                    "202201",
                    3
                ]
            ],
            "rank_gap":0
        },
        {
            "index":23,
            "아파트명":"대산하이츠빌2차",
            "매매타입":"아파트",
            "전용면적(m2)":"84.43",
            "전용면적(평)":"25평",
            "법정동주소":"강원도 태백시 황지동 846",
            "도로명주소":"강원도 태백시 번영로 289",
            "세대수":30,
            "입주년차":80,
            "용적률점수":"--",
            "건폐율점수":"--",
            "세대당주차수":30,
            "난방방식":30,
            "공급면적":"--",
            "전용률":"--",
            "욕실수":100,
            "현관타입":100,
            "주거총점":54.0,
            "지역구공급총점":100.0,
            "역세권":"NA",
            "30분내 이동가능 거점":"NA",
            "1시간내 이동가능 거점":"NA",
            "교통총점":"NA",
            "백화점":0,
            "아울렛몰":0,
            "대형마트":80,
            "은행":0,
            "병원":0,
            "종합병원":0,
            "공원":100,
            "혐오시설":0,
            "인프라총점":15.0,
            "초등학군":90.0,
            "중학군":39.18,
            "학군총점":49.344,
            "인구수":3.92,
            "인구증감":-14.18,
            "인구총점":-1.51,
            "일자리":2.42,
            "소득수준":56.33,
            "일자리총점":18.593,
            "가치 총점":37.236,
            "매매실거래년":20220401.0,
            "매매실거래가":22400.0,
            "평단가":587,
            "전세실거래년":20200529.0,
            "전세실거래가":11000.0,
            "전세가율":73.33,
            "장기전세가율평균":72.36,
            "전세가율거품지수":-0.97,
            "검색코드":112622,
            "세대수":397.0,
            "난방":"개별난방",
            "주차":"405 (세대당 1.02대)",
            "현관구조":"계단식",
            "관리비평균":143191.0,
            "방수":3,
            "욕실개수":2,
            "준공년월":"2014-03-04",
            "준공년차":8.0,
            "가까운역이름":"NA",
            "가까운역거리":"NA",
            "역세권여부":"NA",
            "30분이내주요거점역":"NA",
            "30분거점역이름":"NA",
            "1시간이내주요거점역":"NA",
            "1시간거점역이름":"NA",
            "3km이내백화점수":0,
            "5km이내아울렛몰수":0,
            "1km이내대형먀트수":1,
            "500m이내은행수":0,
            "500m이내병원수":0,
            "5km이내대형병원수":0,
            "500m이내공원수":2,
            "3km이내혐오시설수":0,
            "초등학교학업성취도":90.0,
            "중학교학업성취도":65.3,
            "학원가":1,
            "학원수":14,
            "용적률":179,
            "건폐율":19,
            "Y":37.169183,
            "X":128.985667,
            "rank":2.0,
            "area_info":"25평(84.43),25평(84.81),25평(84.42),25평(84.12),35평(117.75),35평(118.71)",
            "sales_info":"1.5억 (2021-08-11),1.65억 (2021-12-16),1.46억 (2022-03-08),1.53억 (2022-02-16),2.2억 (2021-12-23),2.24억 (2022-04-01)",
            "last_sales":"2022-04-01,22400.0,35평(118.71)",
            "maintenance":"143191.0,143066.0,143083.0,142890.0,202733.0,202906.0",
            "price_per":"587,643,571,601,617,623",
            "room":"3,3,3,3,3,3",
            "bath":"2,2,2,2,2,2",
            "rank_history":[
                [
                    "202204",
                    2
                ],
                [
                    "202203",
                    2
                ],
                [
                    "202202",
                    2
                ],
                [
                    "202201",
                    1
                ]
            ],
            "rank_gap":0
        },
        {
            "index":55,
            "아파트명":"중앙하이츠",
            "매매타입":"아파트",
            "전용면적(m2)":"86.63",
            "전용면적(평)":"26평",
            "법정동주소":"강원도 태백시 황지동 844",
            "도로명주소":"강원도 태백시 대학길 80",
            "세대수":30,
            "입주년차":60,
            "용적률점수":"--",
            "건폐율점수":"--",
            "세대당주차수":30,
            "난방방식":30,
            "공급면적":"--",
            "전용률":"--",
            "욕실수":100,
            "현관타입":100,
            "주거총점":50.0,
            "지역구공급총점":100.0,
            "역세권":"NA",
            "30분내 이동가능 거점":"NA",
            "1시간내 이동가능 거점":"NA",
            "교통총점":"NA",
            "백화점":0,
            "아울렛몰":0,
            "대형마트":100,
            "은행":0,
            "병원":0,
            "종합병원":0,
            "공원":80,
            "혐오시설":0,
            "인프라총점":17.4,
            "초등학군":90.0,
            "중학군":39.18,
            "학군총점":49.344,
            "인구수":3.92,
            "인구증감":-14.18,
            "인구총점":-1.51,
            "일자리":2.42,
            "소득수준":56.33,
            "일자리총점":18.593,
            "가치 총점":36.796,
            "매매실거래년":20220401.0,
            "매매실거래가":14500.0,
            "평단가":553,
            "전세실거래년":20200909.0,
            "전세실거래가":12400.0,
            "전세가율":85.52,
            "장기전세가율평균":72.36,
            "전세가율거품지수":-13.16,
            "검색코드":112849,
            "세대수":386.0,
            "난방":"개별난방",
            "주차":"443 (세대당 1.15대)",
            "현관구조":"계단식",
            "관리비평균":153930.0,
            "방수":3,
            "욕실개수":2,
            "준공년월":"2011-07-11",
            "준공년차":11.0,
            "가까운역이름":"NA",
            "가까운역거리":"NA",
            "역세권여부":"NA",
            "30분이내주요거점역":"NA",
            "30분거점역이름":"NA",
            "1시간이내주요거점역":"NA",
            "1시간거점역이름":"NA",
            "3km이내백화점수":0,
            "5km이내아울렛몰수":0,
            "1km이내대형먀트수":3,
            "500m이내은행수":0,
            "500m이내병원수":0,
            "5km이내대형병원수":0,
            "500m이내공원수":1,
            "3km이내혐오시설수":0,
            "초등학교학업성취도":90.0,
            "중학교학업성취도":65.3,
            "학원가":0,
            "학원수":0,
            "용적률":208,
            "건폐율":17,
            "Y":37.161185,
            "X":128.977513,
            "rank":3.0,
            "area_info":"26평(86.63),29평(98.78),29평(98.36)",
            "sales_info":"1.45억 (2022-04-01),1.75억 (2022-03-14),거래 정보 없음",
            "last_sales":"2022-04-01,14500.0,26평(86.63)",
            "maintenance":"153930.0,181188.0,181188.0",
            "price_per":"553,585,nan",
            "room":"3,3,3",
            "bath":"2,2,2",
            "rank_history":[
                [
                    "202204",
                    3
                ],
                [
                    "202203",
                    3
                ],
                [
                    "202202",
                    3
                ],
                [
                    "202201",
                    2
                ]
            ],
            "rank_gap":0
        },
        {
            "index":63,
            "아파트명":"태백황지청솔",
            "매매타입":"아파트",
            "전용면적(m2)":"50.2",
            "전용면적(평)":"15평",
            "법정동주소":"강원도 태백시 황지동 662",
            "도로명주소":"강원도 태백시 청솔길 35",
            "세대수":90,
            "입주년차":20,
            "용적률점수":"--",
            "건폐율점수":"--",
            "세대당주차수":0,
            "난방방식":30,
            "공급면적":"--",
            "전용률":"--",
            "욕실수":50,
            "현관타입":10,
            "주거총점":44.5,
            "지역구공급총점":100.0,
            "역세권":"NA",
            "30분내 이동가능 거점":"NA",
            "1시간내 이동가능 거점":"NA",
            "교통총점":"NA",
            "백화점":0,
            "아울렛몰":0,
            "대형마트":100,
            "은행":0,
            "병원":0,
            "종합병원":0,
            "공원":100,
            "혐오시설":0,
            "인프라총점":18.0,
            "초등학군":90.0,
            "중학군":39.18,
            "학군총점":49.344,
            "인구수":3.92,
            "인구증감":-14.18,
            "인구총점":-1.51,
            "일자리":2.42,
            "소득수준":56.33,
            "일자리총점":18.593,
            "가치 총점":35.111,
            "매매실거래년":20220413.0,
            "매매실거래가":4500.0,
            "평단가":296,
            "전세실거래년":20220324.0,
            "전세실거래가":4500.0,
            "전세가율":100.0,
            "장기전세가율평균":72.36,
            "전세가율거품지수":-27.64,
            "검색코드":110242,
            "세대수":1327.0,
            "난방":"개별난방",
            "주차":"680 (세대당 0.51대)",
            "현관구조":"복도식",
            "관리비평균":null,
            "방수":2,
            "욕실개수":1,
            "준공년월":"2001-08-28",
            "준공년차":21.0,
            "가까운역이름":"NA",
            "가까운역거리":"NA",
            "역세권여부":"NA",
            "30분이내주요거점역":"NA",
            "30분거점역이름":"NA",
            "1시간이내주요거점역":"NA",
            "1시간거점역이름":"NA",
            "3km이내백화점수":0,
            "5km이내아울렛몰수":0,
            "1km이내대형먀트수":3,
            "500m이내은행수":1,
            "500m이내병원수":0,
            "5km이내대형병원수":0,
            "500m이내공원수":2,
            "3km이내혐오시설수":0,
            "초등학교학업성취도":90.0,
            "중학교학업성취도":65.3,
            "학원가":0,
            "학원수":0,
            "용적률":203,
            "건폐율":22,
            "Y":37.162652,
            "X":128.983218,
            "rank":4.0,
            "area_info":"15평(50.2)",
            "sales_info":"0.45억 (2022-04-13)",
            "last_sales":"2022-04-13,4500.0,15평(50.2)",
            "maintenance":"nan",
            "price_per":"296",
            "room":"2",
            "bath":"1",
            "rank_history":[
                [
                    "202204",
                    4
                ],
                [
                    "202203",
                    4
                ],
                [
                    "202202",
                    4
                ],
                [
                    "202201",
                    5
                ]
            ],
            "rank_gap":0
        },
        {
            "index":39,
            "아파트명":"영조아름다운나날",
            "매매타입":"아파트",
            "전용면적(m2)":"110.51",
            "전용면적(평)":"33평",
            "법정동주소":"강원도 태백시 황지동 677",
            "도로명주소":"강원도 태백시 태백산로 5136",
            "세대수":30,
            "입주년차":40,
            "용적률점수":"--",
            "건폐율점수":"--",
            "세대당주차수":30,
            "난방방식":30,
            "공급면적":"--",
            "전용률":"--",
            "욕실수":100,
            "현관타입":100,
            "주거총점":46.0,
            "지역구공급총점":100.0,
            "역세권":"NA",
            "30분내 이동가능 거점":"NA",
            "1시간내 이동가능 거점":"NA",
            "교통총점":"NA",
            "백화점":0,
            "아울렛몰":0,
            "대형마트":0,
            "은행":0,
            "병원":0,
            "종합병원":80,
            "공원":0,
            "혐오시설":0,
            "인프라총점":16.0,
            "초등학군":89.99,
            "중학군":36.36,
            "학군총점":47.086,
            "인구수":3.92,
            "인구증감":-14.18,
            "인구총점":-1.51,
            "일자리":2.42,
            "소득수준":56.33,
            "일자리총점":18.593,
            "가치 총점":34.2715,
            "매매실거래년":20220408.0,
            "매매실거래가":16700.0,
            "평단가":499,
            "전세실거래년":20180618.0,
            "전세실거래가":13000.0,
            "전세가율":77.84,
            "장기전세가율평균":72.36,
            "전세가율거품지수":-5.48,
            "검색코드":25737,
            "세대수":390.0,
            "난방":"개별난방",
            "주차":"410 (세대당 1.05대)",
            "현관구조":"계단식",
            "관리비평균":175888.0,
            "방수":3,
            "욕실개수":2,
            "준공년월":"2007-06-29",
            "준공년차":15.0,
            "가까운역이름":"NA",
            "가까운역거리":"NA",
            "역세권여부":"NA",
            "30분이내주요거점역":"NA",
            "30분거점역이름":"NA",
            "1시간이내주요거점역":"NA",
            "1시간거점역이름":"NA",
            "3km이내백화점수":0,
            "5km이내아울렛몰수":0,
            "1km이내대형먀트수":0,
            "500m이내은행수":0,
            "500m이내병원수":0,
            "5km이내대형병원수":1,
            "500m이내공원수":0,
            "3km이내혐오시설수":0,
            "초등학교학업성취도":89.99,
            "중학교학업성취도":60.6,
            "학원가":0,
            "학원수":0,
            "용적률":105,
            "건폐율":9,
            "Y":37.144861,
            "X":128.993332,
            "rank":5.0,
            "area_info":"33평(110.51)",
            "sales_info":"1.67억 (2022-04-08)",
            "last_sales":"2022-04-08,16700.0,33평(110.51)",
            "maintenance":"175888.0",
            "price_per":"499",
            "room":"3",
            "bath":"2",
            "rank_history":[
                [
                    "202204",
                    5
                ],
                [
                    "202203",
                    5
                ],
                [
                    "202202",
                    5
                ],
                [
                    "202201",
                    4
                ]
            ],
            "rank_gap":0
        },
        {
            "index":64,
            "아파트명":"현대",
            "매매타입":"아파트",
            "전용면적(m2)":"75.56",
            "전용면적(평)":"22평",
            "법정동주소":"강원도 태백시 황지동 665",
            "도로명주소":"강원도 태백시 해지개길 26",
            "세대수":50,
            "입주년차":0,
            "용적률점수":"--",
            "건폐율점수":"--",
            "세대당주차수":0,
            "난방방식":80,
            "공급면적":"--",
            "전용률":"--",
            "욕실수":50,
            "현관타입":100,
            "주거총점":40.5,
            "지역구공급총점":100.0,
            "역세권":"NA",
            "30분내 이동가능 거점":"NA",
            "1시간내 이동가능 거점":"NA",
            "교통총점":"NA",
            "백화점":0,
            "아울렛몰":0,
            "대형마트":100,
            "은행":0,
            "병원":0,
            "종합병원":0,
            "공원":100,
            "혐오시설":0,
            "인프라총점":18.0,
            "초등학군":90.0,
            "중학군":39.18,
            "학군총점":49.344,
            "인구수":3.92,
            "인구증감":-14.18,
            "인구총점":-1.51,
            "일자리":2.42,
            "소득수준":56.33,
            "일자리총점":18.593,
            "가치 총점":33.711,
            "매매실거래년":20220311.0,
            "매매실거래가":9200.0,
            "평단가":402,
            "전세실거래년":20200525.0,
            "전세실거래가":1000.0,
            "전세가율":10.87,
            "장기전세가율평균":72.36,
            "전세가율거품지수":61.49,
            "검색코드":6771,
            "세대수":420.0,
            "난방":"중앙난방",
            "주차":"0 (세대당 0.0대)",
            "현관구조":"계단식",
            "관리비평균":126438.0,
            "방수":3,
            "욕실개수":1,
            "준공년월":"1996-10-31",
            "준공년차":26.0,
            "가까운역이름":"NA",
            "가까운역거리":"NA",
            "역세권여부":"NA",
            "30분이내주요거점역":"NA",
            "30분거점역이름":"NA",
            "1시간이내주요거점역":"NA",
            "1시간거점역이름":"NA",
            "3km이내백화점수":0,
            "5km이내아울렛몰수":0,
            "1km이내대형먀트수":3,
            "500m이내은행수":1,
            "500m이내병원수":1,
            "5km이내대형병원수":0,
            "500m이내공원수":2,
            "3km이내혐오시설수":0,
            "초등학교학업성취도":90.0,
            "중학교학업성취도":65.3,
            "학원가":0,
            "학원수":0,
            "용적률":147,
            "건폐율":15,
            "Y":37.160842,
            "X":128.983104,
            "rank":6.0,
            "area_info":"22평(75.56),32평(107.45)",
            "sales_info":"0.92억 (2022-03-11),1.52억 (2021-05-28)",
            "last_sales":"2022-03-11,9200.0,22평(75.56)",
            "maintenance":"126438.0,179816.0",
            "price_per":"402,467",
            "room":"3,3",
            "bath":"1,2",
            "rank_history":[
                [
                    "202204",
                    6
                ],
                [
                    "202203",
                    6
                ],
                [
                    "202202",
                    6
                ],
                [
                    "202201",
                    6
                ]
            ],
            "rank_gap":0
        },
        {
            "index":50,
            "아파트명":"이원예체",
            "매매타입":"아파트",
            "전용면적(m2)":"114.67",
            "전용면적(평)":"34평",
            "법정동주소":"강원도 태백시 황지동 678",
            "도로명주소":"강원도 태백시 대학길 81",
            "세대수":0,
            "입주년차":40,
            "용적률점수":"--",
            "건폐율점수":"--",
            "세대당주차수":30,
            "난방방식":30,
            "공급면적":"--",
            "전용률":"--",
            "욕실수":100,
            "현관타입":100,
            "주거총점":35.5,
            "지역구공급총점":100.0,
            "역세권":"NA",
            "30분내 이동가능 거점":"NA",
            "1시간내 이동가능 거점":"NA",
            "교통총점":"NA",
            "백화점":0,
            "아울렛몰":0,
            "대형마트":100,
            "은행":0,
            "병원":0,
            "종합병원":0,
            "공원":80,
            "혐오시설":0,
            "인프라총점":17.4,
            "초등학군":90.0,
            "중학군":39.18,
            "학군총점":49.344,
            "인구수":3.92,
            "인구증감":-14.18,
            "인구총점":-1.51,
            "일자리":2.42,
            "소득수준":56.33,
            "일자리총점":18.593,
            "가치 총점":31.721,
            "매매실거래년":20220216.0,
            "매매실거래가":18500.0,
            "평단가":533,
            "전세실거래년":20211230.0,
            "전세실거래가":15000.0,
            "전세가율":81.08,
            "장기전세가율평균":72.36,
            "전세가율거품지수":-8.72,
            "검색코드":102464,
            "세대수":249.0,
            "난방":"개별난방",
            "주차":"311 (세대당 1.25대)",
            "현관구조":"계단식",
            "관리비평균":204539.0,
            "방수":3,
            "욕실개수":2,
            "준공년월":"2007-09-21",
            "준공년차":15.0,
            "가까운역이름":"NA",
            "가까운역거리":"NA",
            "역세권여부":"NA",
            "30분이내주요거점역":"NA",
            "30분거점역이름":"NA",
            "1시간이내주요거점역":"NA",
            "1시간거점역이름":"NA",
            "3km이내백화점수":0,
            "5km이내아울렛몰수":0,
            "1km이내대형먀트수":3,
            "500m이내은행수":0,
            "500m이내병원수":0,
            "5km이내대형병원수":0,
            "500m이내공원수":1,
            "3km이내혐오시설수":0,
            "초등학교학업성취도":90.0,
            "중학교학업성취도":65.3,
            "학원가":0,
            "학원수":0,
            "용적률":175,
            "건폐율":16,
            "Y":37.159972,
            "X":128.978218,
            "rank":7.0,
            "area_info":"34평(114.67),40평(135.31),46평(155.23)",
            "sales_info":"1.85억 (2022-02-16),2.25억 (2021-08-30),2.15억 (2021-06-09)",
            "last_sales":"2022-02-16,18500.0,34평(114.67)",
            "maintenance":"204539.0,257181.0,297336.0",
            "price_per":"533,549,457",
            "room":"3,4,5",
            "bath":"2,2,2",
            "rank_history":[
                [
                    "202204",
                    7
                ],
                [
                    "202203",
                    7
                ],
                [
                    "202202",
                    7
                ],
                [
                    "202201",
                    7
                ]
            ],
            "rank_gap":0
        },
        {
            "index":7,
            "아파트명":"홍익베스트빌",
            "매매타입":"아파트",
            "전용면적(m2)":"88.37",
            "전용면적(평)":"26평",
            "법정동주소":"강원도 태백시 장성동 133-1",
            "도로명주소":"강원도 태백시 하장성6길 42",
            "세대수":0,
            "입주년차":40,
            "용적률점수":"--",
            "건폐율점수":"--",
            "세대당주차수":0,
            "난방방식":30,
            "공급면적":"--",
            "전용률":"--",
            "욕실수":50,
            "현관타입":100,
            "주거총점":26.0,
            "지역구공급총점":100.0,
            "역세권":"NA",
            "30분내 이동가능 거점":"NA",
            "1시간내 이동가능 거점":"NA",
            "교통총점":"NA",
            "백화점":0,
            "아울렛몰":0,
            "대형마트":80,
            "은행":0,
            "병원":0,
            "종합병원":80,
            "공원":0,
            "혐오시설":0,
            "인프라총점":28.0,
            "초등학군":90.02,
            "중학군":34.26,
            "학군총점":45.412,
            "인구수":3.92,
            "인구증감":-14.18,
            "인구총점":-1.51,
            "일자리":2.42,
            "소득수준":56.33,
            "일자리총점":18.593,
            "가치 총점":31.653,
            "매매실거래년":20220223.0,
            "매매실거래가":7600.0,
            "평단가":284,
            "전세실거래년":20190228.0,
            "전세실거래가":3000.0,
            "전세가율":39.47,
            "장기전세가율평균":72.36,
            "전세가율거품지수":32.89,
            "검색코드":101044,
            "세대수":120.0,
            "난방":"개별난방",
            "주차":"102 (세대당 0.85대)",
            "현관구조":"계단식",
            "관리비평균":null,
            "방수":3,
            "욕실개수":1,
            "준공년월":"2003-07-03",
            "준공년차":19.0,
            "가까운역이름":"NA",
            "가까운역거리":"NA",
            "역세권여부":"NA",
            "30분이내주요거점역":"NA",
            "30분거점역이름":"NA",
            "1시간이내주요거점역":"NA",
            "1시간거점역이름":"NA",
            "3km이내백화점수":0,
            "5km이내아울렛몰수":0,
            "1km이내대형먀트수":1,
            "500m이내은행수":0,
            "500m이내병원수":0,
            "5km이내대형병원수":1,
            "500m이내공원수":0,
            "3km이내혐오시설수":0,
            "초등학교학업성취도":90.02,
            "중학교학업성취도":57.1,
            "학원가":0,
            "학원수":0,
            "용적률":273,
            "건폐율":26,
            "Y":37.098565,
            "X":129.017398,
            "rank":8.0,
            "area_info":"26평(88.37),26평(88.38),37평(124.58),37평(125.37)",
            "sales_info":"0.76억 (2022-02-23),거래 정보 없음,1.06억 (2021-12-31),거래 정보 없음",
            "last_sales":"2022-02-23,7600.0,26평(88.37)",
            "maintenance":"nan,nan,nan,nan",
            "price_per":"284,nan,281,nan",
            "room":"3,3,3,3",
            "bath":"1,1,2,2",
            "rank_history":[
                [
                    "202204",
                    8
                ],
                [
                    "202203",
                    8
                ],
                [
                    "202202",
                    8
                ],
                [
                    "202201",
                    17
                ]
            ],
            "rank_gap":0
        },
        {
            "index":53,
            "아파트명":"주공2차",
            "매매타입":"아파트",
            "전용면적(m2)":"45.12",
            "전용면적(평)":"13평",
            "법정동주소":"강원도 태백시 황지동 87-8",
            "도로명주소":"강원도 태백시 황지로 29",
            "세대수":50,
            "입주년차":0,
            "용적률점수":"--",
            "건폐율점수":"--",
            "세대당주차수":0,
            "난방방식":30,
            "공급면적":"--",
            "전용률":"--",
            "욕실수":50,
            "현관타입":100,
            "주거총점":35.5,
            "지역구공급총점":100.0,
            "역세권":"NA",
            "30분내 이동가능 거점":"NA",
            "1시간내 이동가능 거점":"NA",
            "교통총점":"NA",
            "백화점":0,
            "아울렛몰":0,
            "대형마트":100,
            "은행":0,
            "병원":10,
            "종합병원":0,
            "공원":0,
            "혐오시설":0,
            "인프라총점":16.0,
            "초등학군":90.0,
            "중학군":39.18,
            "학군총점":49.344,
            "인구수":3.92,
            "인구증감":-14.18,
            "인구총점":-1.51,
            "일자리":2.42,
            "소득수준":56.33,
            "일자리총점":18.593,
            "가치 총점":31.161,
            "매매실거래년":20220328.0,
            "매매실거래가":4300.0,
            "평단가":315,
            "전세실거래년":20210602.0,
            "전세실거래가":3300.0,
            "전세가율":76.74,
            "장기전세가율평균":72.36,
            "전세가율거품지수":-4.38,
            "검색코드":6769,
            "세대수":560.0,
            "난방":"개별난방",
            "주차":"0 (세대당 0.0대)",
            "현관구조":"계단식",
            "관리비평균":34592.0,
            "방수":2,
            "욕실개수":1,
            "준공년월":"1985-12-05",
            "준공년차":37.0,
            "가까운역이름":"NA",
            "가까운역거리":"NA",
            "역세권여부":"NA",
            "30분이내주요거점역":"NA",
            "30분거점역이름":"NA",
            "1시간이내주요거점역":"NA",
            "1시간거점역이름":"NA",
            "3km이내백화점수":0,
            "5km이내아울렛몰수":0,
            "1km이내대형먀트수":3,
            "500m이내은행수":1,
            "500m이내병원수":2,
            "5km이내대형병원수":0,
            "500m이내공원수":0,
            "3km이내혐오시설수":0,
            "초등학교학업성취도":90.0,
            "중학교학업성취도":65.3,
            "학원가":1,
            "학원수":14,
            "용적률":0,
            "건폐율":0,
            "Y":37.161002,
            "X":128.988792,
            "rank":9.0,
            "area_info":"13평(45.12),15평(52.5)",
            "sales_info":"0.43억 (2022-03-28),0.46억 (2022-03-02)",
            "last_sales":"2022-03-28,4300.0,13평(45.12)",
            "maintenance":"34592.0,41019.0",
            "price_per":"315,289",
            "room":"2,2",
            "bath":"1,1",
            "rank_history":[
                [
                    "202204",
                    9
                ],
                [
                    "202203",
                    16
                ],
                [
                    "202202",
                    16
                ],
                [
                    "202201",
                    16
                ]
            ],
            "rank_gap":7
        },
        {
            "index":1,
            "아파트명":"유브리안",
            "매매타입":"아파트",
            "전용면적(m2)":"106.19",
            "전용면적(평)":"32평",
            "법정동주소":"강원도 태백시 문곡동 119",
            "도로명주소":"강원도 태백시 태백로 1650",
            "세대수":0,
            "입주년차":60,
            "용적률점수":"--",
            "건폐율점수":"--",
            "세대당주차수":30,
            "난방방식":30,
            "공급면적":"--",
            "전용률":"--",
            "욕실수":100,
            "현관타입":100,
            "주거총점":39.5,
            "지역구공급총점":100.0,
            "역세권":"NA",
            "30분내 이동가능 거점":"NA",
            "1시간내 이동가능 거점":"NA",
            "교통총점":"NA",
            "백화점":0,
            "아울렛몰":0,
            "대형마트":0,
            "은행":0,
            "병원":0,
            "종합병원":80,
            "공원":0,
            "혐오시설":0,
            "인프라총점":16.0,
            "초등학군":90.03,
            "중학군":29.1,
            "학군총점":41.286,
            "인구수":3.92,
            "인구증감":-14.18,
            "인구총점":-1.51,
            "일자리":2.42,
            "소득수준":56.33,
            "일자리총점":18.593,
            "가치 총점":30.5465,
            "매매실거래년":20220226.0,
            "매매실거래가":13300.0,
            "평단가":"nan",
            "전세실거래년":null,
            "전세실거래가":null,
            "전세가율":null,
            "장기전세가율평균":72.36,
            "전세가율거품지수":null,
            "검색코드":108674,
            "세대수":156.0,
            "난방":"개별난방",
            "주차":"163 (세대당 1.04대)",
            "현관구조":"계단식",
            "관리비평균":195889.0,
            "방수":3,
            "욕실개수":2,
            "준공년월":"2008-03-28",
            "준공년차":14.0,
            "가까운역이름":"NA",
            "가까운역거리":"NA",
            "역세권여부":"NA",
            "30분이내주요거점역":"NA",
            "30분거점역이름":"NA",
            "1시간이내주요거점역":"NA",
            "1시간거점역이름":"NA",
            "3km이내백화점수":0,
            "5km이내아울렛몰수":0,
            "1km이내대형먀트수":0,
            "500m이내은행수":0,
            "500m이내병원수":0,
            "5km이내대형병원수":1,
            "500m이내공원수":0,
            "3km이내혐오시설수":0,
            "초등학교학업성취도":90.03,
            "중학교학업성취도":48.5,
            "학원가":0,
            "학원수":0,
            "용적률":184,
            "건폐율":16,
            "Y":37.119971,
            "X":129.003179,
            "rank":10.0,
            "area_info":"32평(106.19),32평(108.07),33평(109.55)",
            "sales_info":"거래 정보 없음,1.0억 (2022-01-24),1.33억 (2022-02-26)",
            "last_sales":"2022-02-26,13300.0,33평(109.55)",
            "maintenance":"195889.0,195817.0,195887.0",
            "price_per":"nan,305,401",
            "room":"3,3,3",
            "bath":"2,2,2",
            "rank_history":[
                [
                    "202204",
                    10
                ],
                [
                    "202203",
                    9
                ],
                [
                    "202202",
                    9
                ],
                [
                    "202201",
                    8
                ]
            ],
            "rank_gap":-1
        },
        {
            "index":70,
            "아파트명":"황지주공1차",
            "매매타입":"아파트",
            "전용면적(m2)":"43.97",
            "전용면적(평)":"13평",
            "법정동주소":"강원도 태백시 황지동 229-16",
            "도로명주소":"강원도 태백시 감천로 7",
            "세대수":30,
            "입주년차":0,
            "용적률점수":"--",
            "건폐율점수":"--",
            "세대당주차수":0,
            "난방방식":30,
            "공급면적":"--",
            "전용률":"--",
            "욕실수":50,
            "현관타입":100,
            "주거총점":28.5,
            "지역구공급총점":100.0,
            "역세권":"NA",
            "30분내 이동가능 거점":"NA",
            "1시간내 이동가능 거점":"NA",
            "교통총점":"NA",
            "백화점":0,
            "아울렛몰":0,
            "대형마트":100,
            "은행":0,
            "병원":10,
            "종합병원":0,
            "공원":100,
            "혐오시설":0,
            "인프라총점":19.0,
            "초등학군":90.0,
            "중학군":39.18,
            "학군총점":49.344,
            "인구수":3.92,
            "인구증감":-14.18,
            "인구총점":-1.51,
            "일자리":2.42,
            "소득수준":56.33,
            "일자리총점":18.593,
            "가치 총점":29.911,
            "매매실거래년":20220330.0,
            "매매실거래가":4500.0,
            "평단가":353,
            "전세실거래년":20200703.0,
            "전세실거래가":2500.0,
            "전세가율":53.19,
            "장기전세가율평균":72.36,
            "전세가율거품지수":19.17,
            "검색코드":6766,
            "세대수":300.0,
            "난방":"개별난방",
            "주차":"300 (세대당 1.0대)",
            "현관구조":"계단식",
            "관리비평균":42493.0,
            "방수":2,
            "욕실개수":1,
            "준공년월":"1983-08-29",
            "준공년차":39.0,
            "가까운역이름":"NA",
            "가까운역거리":"NA",
            "역세권여부":"NA",
            "30분이내주요거점역":"NA",
            "30분거점역이름":"NA",
            "1시간이내주요거점역":"NA",
            "1시간거점역이름":"NA",
            "3km이내백화점수":0,
            "5km이내아울렛몰수":0,
            "1km이내대형먀트수":3,
            "500m이내은행수":1,
            "500m이내병원수":2,
            "5km이내대형병원수":0,
            "500m이내공원수":2,
            "3km이내혐오시설수":0,
            "초등학교학업성취도":90.0,
            "중학교학업성취도":65.3,
            "학원가":1,
            "학원수":14,
            "용적률":0,
            "건폐율":0,
            "Y":37.160205,
            "X":128.987025,
            "rank":11.0,
            "area_info":"13평(43.97),13평(44.78),15평(51.09),15평(51.13)",
            "sales_info":"0.47억 (2022-02-11),0.45억 (2022-03-30),0.45억 (2022-01-28),거래 정보 없음",
            "last_sales":"2022-03-30,4500.0,13평(44.78)",
            "maintenance":"42493.0,43385.0,50337.0,50381.0",
            "price_per":"353,332,291,nan",
            "room":"2,2,2,2",
            "bath":"1,1,1,1",
            "rank_history":[
                [
                    "202204",
                    11
                ],
                [
                    "202203",
                    19
                ],
                [
                    "202202",
                    19
                ],
                [
                    "202201",
                    19
                ]
            ],
            "rank_gap":8
        },
        {
            "index":66,
            "아파트명":"황지유진아트빌",
            "매매타입":"아파트",
            "전용면적(m2)":"103.68",
            "전용면적(평)":"31평",
            "법정동주소":"강원도 태백시 황지동 220",
            "도로명주소":"강원도 태백시 고원로 61",
            "세대수":0,
            "입주년차":20,
            "용적률점수":"--",
            "건폐율점수":"--",
            "세대당주차수":0,
            "난방방식":30,
            "공급면적":"--",
            "전용률":"--",
            "욕실수":100,
            "현관타입":100,
            "주거총점":27.0,
            "지역구공급총점":100.0,
            "역세권":"NA",
            "30분내 이동가능 거점":"NA",
            "1시간내 이동가능 거점":"NA",
            "교통총점":"NA",
            "백화점":0,
            "아울렛몰":0,
            "대형마트":100,
            "은행":0,
            "병원":10,
            "종합병원":0,
            "공원":80,
            "혐오시설":0,
            "인프라총점":18.4,
            "초등학군":90.0,
            "중학군":39.18,
            "학군총점":49.344,
            "인구수":3.92,
            "인구증감":-14.18,
            "인구총점":-1.51,
            "일자리":2.42,
            "소득수준":56.33,
            "일자리총점":18.593,
            "가치 총점":29.146,
            "매매실거래년":20220106.0,
            "매매실거래가":9500.0,
            "평단가":"nan",
            "전세실거래년":null,
            "전세실거래가":null,
            "전세가율":null,
            "장기전세가율평균":72.36,
            "전세가율거품지수":null,
            "검색코드":102465,
            "세대수":255.0,
            "난방":"개별난방",
            "주차":"203 (세대당 0.8대)",
            "현관구조":"계단식",
            "관리비평균":141973.0,
            "방수":3,
            "욕실개수":2,
            "준공년월":"2001-08-27",
            "준공년차":21.0,
            "가까운역이름":"NA",
            "가까운역거리":"NA",
            "역세권여부":"NA",
            "30분이내주요거점역":"NA",
            "30분거점역이름":"NA",
            "1시간이내주요거점역":"NA",
            "1시간거점역이름":"NA",
            "3km이내백화점수":0,
            "5km이내아울렛몰수":0,
            "1km이내대형먀트수":3,
            "500m이내은행수":1,
            "500m이내병원수":2,
            "5km이내대형병원수":0,
            "500m이내공원수":1,
            "3km이내혐오시설수":0,
            "초등학교학업성취도":90.0,
            "중학교학업성취도":65.3,
            "학원가":1,
            "학원수":14,
            "용적률":538,
            "건폐율":40,
            "Y":37.16113,
            "X":128.987454,
            "rank":12.0,
            "area_info":"31평(103.68),31평(104.57),44평(146.05),44평(148.07)",
            "sales_info":"거래 정보 없음,0.95억 (2022-01-06),1.65억 (2021-12-15),거래 정보 없음",
            "last_sales":"2022-01-06,9500.0,31평(104.57)",
            "maintenance":"141973.0,141973.0,200288.0,200291.0",
            "price_per":"nan,300,373,nan",
            "room":"3,3,3,3",
            "bath":"2,2,2,2",
            "rank_history":[
                [
                    "202204",
                    12
                ],
                [
                    "202203",
                    10
                ],
                [
                    "202202",
                    10
                ],
                [
                    "202201",
                    9
                ]
            ],
            "rank_gap":-2
        },
        {
            "index":35,
            "아파트명":"선명3차",
            "매매타입":"아파트",
            "전용면적(m2)":"83.12",
            "전용면적(평)":"25평",
            "법정동주소":"강원도 태백시 황지동 403-5",
            "도로명주소":"강원도 태백시 대학길 44",
            "세대수":0,
            "입주년차":20,
            "용적률점수":"--",
            "건폐율점수":"--",
            "세대당주차수":0,
            "난방방식":30,
            "공급면적":"--",
            "전용률":"--",
            "욕실수":100,
            "현관타입":100,
            "주거총점":27.0,
            "지역구공급총점":100.0,
            "역세권":"NA",
            "30분내 이동가능 거점":"NA",
            "1시간내 이동가능 거점":"NA",
            "교통총점":"NA",
            "백화점":0,
            "아울렛몰":0,
            "대형마트":100,
            "은행":0,
            "병원":0,
            "종합병원":0,
            "공원":100,
            "혐오시설":0,
            "인프라총점":18.0,
            "초등학군":90.0,
            "중학군":39.18,
            "학군총점":49.344,
            "인구수":3.92,
            "인구증감":-14.18,
            "인구총점":-1.51,
            "일자리":2.42,
            "소득수준":56.33,
            "일자리총점":18.593,
            "가치 총점":28.986,
            "매매실거래년":20220313.0,
            "매매실거래가":8600.0,
            "평단가":342,
            "전세실거래년":20201205.0,
            "전세실거래가":7000.0,
            "전세가율":81.4,
            "장기전세가율평균":72.36,
            "전세가율거품지수":-9.04,
            "검색코드":100795,
            "세대수":165.0,
            "난방":"개별난방",
            "주차":"116 (세대당 0.7대)",
            "현관구조":"계단식",
            "관리비평균":189245.0,
            "방수":3,
            "욕실개수":2,
            "준공년월":"2000-08-29",
            "준공년차":22.0,
            "가까운역이름":"NA",
            "가까운역거리":"NA",
            "역세권여부":"NA",
            "30분이내주요거점역":"NA",
            "30분거점역이름":"NA",
            "1시간이내주요거점역":"NA",
            "1시간거점역이름":"NA",
            "3km이내백화점수":0,
            "5km이내아울렛몰수":0,
            "1km이내대형먀트수":3,
            "500m이내은행수":0,
            "500m이내병원수":0,
            "5km이내대형병원수":0,
            "500m이내공원수":2,
            "3km이내혐오시설수":0,
            "초등학교학업성취도":90.0,
            "중학교학업성취도":65.3,
            "학원가":0,
            "학원수":0,
            "용적률":280,
            "건폐율":23,
            "Y":37.159563,
            "X":128.981883,
            "rank":13.0,
            "area_info":"25평(83.12)",
            "sales_info":"0.86억 (2022-03-13)",
            "last_sales":"2022-03-13,8600.0,25평(83.12)",
            "maintenance":"189245.0",
            "price_per":"342",
            "room":"3",
            "bath":"2",
            "rank_history":[
                [
                    "202204",
                    13
                ],
                [
                    "202203",
                    11
                ],
                [
                    "202202",
                    11
                ],
                [
                    "202201",
                    10
                ]
            ],
            "rank_gap":-2
        },
        {
            "index":47,
            "아파트명":"유진아트빌3차",
            "매매타입":"아파트",
            "전용면적(m2)":"81.24",
            "전용면적(평)":"24평",
            "법정동주소":"강원도 태백시 황지동 676",
            "도로명주소":"강원도 태백시 번영로 150",
            "세대수":0,
            "입주년차":40,
            "용적률점수":"--",
            "건폐율점수":"--",
            "세대당주차수":0,
            "난방방식":30,
            "공급면적":"--",
            "전용률":"--",
            "욕실수":50,
            "현관타입":100,
            "주거총점":26.0,
            "지역구공급총점":100.0,
            "역세권":"NA",
            "30분내 이동가능 거점":"NA",
            "1시간내 이동가능 거점":"NA",
            "교통총점":"NA",
            "백화점":0,
            "아울렛몰":0,
            "대형마트":100,
            "은행":0,
            "병원":0,
            "종합병원":0,
            "공원":80,
            "혐오시설":0,
            "인프라총점":17.4,
            "초등학군":90.0,
            "중학군":36.36,
            "학군총점":47.088,
            "인구수":3.92,
            "인구증감":-14.18,
            "인구총점":-1.51,
            "일자리":2.42,
            "소득수준":56.33,
            "일자리총점":18.593,
            "가치 총점":27.832,
            "매매실거래년":20210930.0,
            "매매실거래가":19500.0,
            "평단가":447,
            "전세실거래년":20210511.0,
            "전세실거래가":8000.0,
            "전세가율":72.73,
            "장기전세가율평균":72.36,
            "전세가율거품지수":-0.37,
            "검색코드":102463,
            "세대수":124.0,
            "난방":"개별난방",
            "주차":"117 (세대당 0.94대)",
            "현관구조":"계단식",
            "관리비평균":null,
            "방수":3,
            "욕실개수":1,
            "준공년월":"2006-12-20",
            "준공년차":16.0,
            "가까운역이름":"NA",
            "가까운역거리":"NA",
            "역세권여부":"NA",
            "30분이내주요거점역":"NA",
            "30분거점역이름":"NA",
            "1시간이내주요거점역":"NA",
            "1시간거점역이름":"NA",
            "3km이내백화점수":0,
            "5km이내아울렛몰수":0,
            "1km이내대형먀트수":3,
            "500m이내은행수":0,
            "500m이내병원수":1,
            "5km이내대형병원수":0,
            "500m이내공원수":1,
            "3km이내혐오시설수":0,
            "초등학교학업성취도":90.0,
            "중학교학업성취도":60.6,
            "학원가":0,
            "학원수":0,
            "용적률":217,
            "건폐율":16,
            "Y":37.157113,
            "X":128.987188,
            "rank":14.0,
            "area_info":"24평(81.24),33평(112.26),44평(145.93)",
            "sales_info":"1.1억 (2021-07-05),1.95억 (2021-09-30),2.37억 (2019-12-24)",
            "last_sales":"2021-09-30,19500.0,33평(112.26)",
            "maintenance":"nan,nan,nan",
            "price_per":"447,574,536",
            "room":"3,3,4",
            "bath":"1,2,2",
            "rank_history":[
                [
                    "202204",
                    14
                ],
                [
                    "202203",
                    12
                ],
                [
                    "202202",
                    12
                ],
                [
                    "202201",
                    14
                ]
            ],
            "rank_gap":-2
        },
        {
            "index":0,
            "아파트명":"태백동점",
            "매매타입":"아파트",
            "전용면적(m2)":"45.12",
            "전용면적(평)":"13평",
            "법정동주소":"강원도 태백시 동점동 74",
            "도로명주소":"강원도 태백시 동태백로 130",
            "세대수":30,
            "입주년차":0,
            "용적률점수":"--",
            "건폐율점수":"--",
            "세대당주차수":0,
            "난방방식":30,
            "공급면적":"--",
            "전용률":"--",
            "욕실수":50,
            "현관타입":100,
            "주거총점":28.5,
            "지역구공급총점":100.0,
            "역세권":"NA",
            "30분내 이동가능 거점":"NA",
            "1시간내 이동가능 거점":"NA",
            "교통총점":"NA",
            "백화점":0,
            "아울렛몰":0,
            "대형마트":0,
            "은행":0,
            "병원":0,
            "종합병원":80,
            "공원":0,
            "혐오시설":0,
            "인프라총점":16.0,
            "초등학군":89.94,
            "중학군":34.26,
            "학군총점":45.396,
            "인구수":3.92,
            "인구증감":-14.18,
            "인구총점":-1.51,
            "일자리":2.42,
            "소득수준":56.33,
            "일자리총점":18.593,
            "가치 총점":27.724,
            "매매실거래년":20220411.0,
            "매매실거래가":2600.0,
            "평단가":190,
            "전세실거래년":20211110.0,
            "전세실거래가":2000.0,
            "전세가율":76.92,
            "장기전세가율평균":72.36,
            "전세가율거품지수":-4.56,
            "검색코드":114915,
            "세대수":300.0,
            "난방":"개별난방",
            "주차":"0 (세대당 0.0대)",
            "현관구조":"계단식",
            "관리비평균":29116.0,
            "방수":2,
            "욕실개수":1,
            "준공년월":"1986-12-10",
            "준공년차":36.0,
            "가까운역이름":"NA",
            "가까운역거리":"NA",
            "역세권여부":"NA",
            "30분이내주요거점역":"NA",
            "30분거점역이름":"NA",
            "1시간이내주요거점역":"NA",
            "1시간거점역이름":"NA",
            "3km이내백화점수":0,
            "5km이내아울렛몰수":0,
            "1km이내대형먀트수":0,
            "500m이내은행수":0,
            "500m이내병원수":0,
            "5km이내대형병원수":1,
            "500m이내공원수":0,
            "3km이내혐오시설수":0,
            "초등학교학업성취도":89.94,
            "중학교학업성취도":57.1,
            "학원가":0,
            "학원수":0,
            "용적률":0,
            "건폐율":0,
            "Y":37.09658,
            "X":129.048617,
            "rank":15.0,
            "area_info":"13평(45.12)",
            "sales_info":"0.26억 (2022-04-11)",
            "last_sales":"2022-04-11,2600.0,13평(45.12)",
            "maintenance":"29116.0",
            "price_per":"190",
            "room":"2",
            "bath":"1",
            "rank_history":[
                [
                    "202204",
                    15
                ],
                [
                    "202203",
                    21
                ],
                [
                    "202202",
                    21
                ],
                [
                    "202201",
                    24
                ]
            ],
            "rank_gap":6
        },
        {
            "index":43,
            "아파트명":"유진아트빌2차",
            "매매타입":"아파트",
            "전용면적(m2)":"83.59",
            "전용면적(평)":"25평",
            "법정동주소":"강원도 태백시 황지동 200-13",
            "도로명주소":"강원도 태백시 번영로 154",
            "세대수":0,
            "입주년차":20,
            "용적률점수":"--",
            "건폐율점수":"--",
            "세대당주차수":0,
            "난방방식":30,
            "공급면적":"--",
            "전용률":"--",
            "욕실수":50,
            "현관타입":100,
            "주거총점":22.0,
            "지역구공급총점":100.0,
            "역세권":"NA",
            "30분내 이동가능 거점":"NA",
            "1시간내 이동가능 거점":"NA",
            "교통총점":"NA",
            "백화점":0,
            "아울렛몰":0,
            "대형마트":100,
            "은행":0,
            "병원":10,
            "종합병원":0,
            "공원":80,
            "혐오시설":0,
            "인프라총점":18.4,
            "초등학군":90.0,
            "중학군":39.18,
            "학군총점":49.344,
            "인구수":3.92,
            "인구증감":-14.18,
            "인구총점":-1.51,
            "일자리":2.42,
            "소득수준":56.33,
            "일자리총점":18.593,
            "가치 총점":27.396,
            "매매실거래년":20220222.0,
            "매매실거래가":12700.0,
            "평단가":514,
            "전세실거래년":20140425.0,
            "전세실거래가":8500.0,
            "전세가율":65.38,
            "장기전세가율평균":72.36,
            "전세가율거품지수":6.98,
            "검색코드":100797,
            "세대수":296.0,
            "난방":"개별난방",
            "주차":"252 (세대당 0.85대)",
            "현관구조":"계단식",
            "관리비평균":143953.0,
            "방수":3,
            "욕실개수":1,
            "준공년월":"2002-12-24",
            "준공년차":20.0,
            "가까운역이름":"NA",
            "가까운역거리":"NA",
            "역세권여부":"NA",
            "30분이내주요거점역":"NA",
            "30분거점역이름":"NA",
            "1시간이내주요거점역":"NA",
            "1시간거점역이름":"NA",
            "3km이내백화점수":0,
            "5km이내아울렛몰수":0,
            "1km이내대형먀트수":3,
            "500m이내은행수":0,
            "500m이내병원수":2,
            "5km이내대형병원수":0,
            "500m이내공원수":1,
            "3km이내혐오시설수":0,
            "초등학교학업성취도":90.0,
            "중학교학업성취도":65.3,
            "학원가":0,
            "학원수":0,
            "용적률":233,
            "건폐율":21,
            "Y":37.158038,
            "X":128.987628,
            "rank":16.0,
            "area_info":"25평(83.59),25평(83.02),33평(109.4),32평(109.03)",
            "sales_info":"1.3억 (2021-11-05),1.27억 (2022-02-22),1.76억 (2022-02-07),1.71억 (2021-06-13)",
            "last_sales":"2022-02-22,12700.0,25평(83.02)",
            "maintenance":"143953.0,143285.0,203241.0,202614.0",
            "price_per":"514,505,531,518",
            "room":"3,3,3,3",
            "bath":"1,2,2,2",
            "rank_history":[
                [
                    "202204",
                    16
                ],
                [
                    "202203",
                    13
                ],
                [
                    "202202",
                    13
                ],
                [
                    "202201",
                    15
                ]
            ],
            "rank_gap":-3
        },
        {
            "index":29,
            "아파트명":"대윤",
            "매매타입":"아파트",
            "전용면적(m2)":"44.28",
            "전용면적(평)":"13평",
            "법정동주소":"강원도 태백시 황지동 49-87",
            "도로명주소":"강원도 태백시 고원로 167",
            "세대수":0,
            "입주년차":0,
            "용적률점수":"--",
            "건폐율점수":"--",
            "세대당주차수":0,
            "난방방식":30,
            "공급면적":"--",
            "전용률":"--",
            "욕실수":50,
            "현관타입":100,
            "주거총점":18.0,
            "지역구공급총점":100.0,
            "역세권":"NA",
            "30분내 이동가능 거점":"NA",
            "1시간내 이동가능 거점":"NA",
            "교통총점":"NA",
            "백화점":0,
            "아울렛몰":0,
            "대형마트":80,
            "은행":0,
            "병원":60,
            "종합병원":0,
            "공원":100,
            "혐오시설":0,
            "인프라총점":21.0,
            "초등학군":90.0,
            "중학군":39.18,
            "학군총점":49.344,
            "인구수":3.92,
            "인구증감":-14.18,
            "인구총점":-1.51,
            "일자리":2.42,
            "소득수준":56.33,
            "일자리총점":18.593,
            "가치 총점":27.036,
            "매매실거래년":20211224.0,
            "매매실거래가":6800.0,
            "평단가":395,
            "전세실거래년":20190120.0,
            "전세실거래가":1500.0,
            "전세가율":28.3,
            "장기전세가율평균":72.36,
            "전세가율거품지수":44.06,
            "검색코드":128794,
            "세대수":130.0,
            "난방":"개별난방",
            "주차":"0 (세대당 0.0대)",
            "현관구조":"계단식",
            "관리비평균":null,
            "방수":1,
            "욕실개수":1,
            "준공년월":"1988-10-25",
            "준공년차":34.0,
            "가까운역이름":"NA",
            "가까운역거리":"NA",
            "역세권여부":"NA",
            "30분이내주요거점역":"NA",
            "30분거점역이름":"NA",
            "1시간이내주요거점역":"NA",
            "1시간거점역이름":"NA",
            "3km이내백화점수":0,
            "5km이내아울렛몰수":0,
            "1km이내대형먀트수":1,
            "500m이내은행수":1,
            "500m이내병원수":23,
            "5km이내대형병원수":0,
            "500m이내공원수":4,
            "3km이내혐오시설수":0,
            "초등학교학업성취도":90.0,
            "중학교학업성취도":65.3,
            "학원가":1,
            "학원수":14,
            "용적률":0,
            "건폐율":0,
            "Y":37.170045,
            "X":128.989922,
            "rank":17.0,
            "area_info":"13평(44.28),14평(46.98),17평(58.41),19평(63.0)",
            "sales_info":"0.53억 (2021-11-05),0.4억 (2021-09-13),0.68억 (2021-12-24),0.68억 (2021-09-13)",
            "last_sales":"2021-12-24,6800.0,17평(58.41)",
            "maintenance":"nan,nan,nan,nan",
            "price_per":"395,281,384,356",
            "room":"1,1,2,2",
            "bath":"1,1,1,1",
            "rank_history":[
                [
                    "202204",
                    17
                ],
                [
                    "202203",
                    22
                ],
                [
                    "202202",
                    22
                ],
                [
                    "202201",
                    20
                ]
            ],
            "rank_gap":5
        },
        {
            "index":18,
            "아파트명":"대림고층4차",
            "매매타입":"아파트",
            "전용면적(m2)":"71.65",
            "전용면적(평)":"21평",
            "법정동주소":"강원도 태백시 황지동 59-75",
            "도로명주소":"강원도 태백시 고원로 145",
            "세대수":0,
            "입주년차":0,
            "용적률점수":"--",
            "건폐율점수":"--",
            "세대당주차수":0,
            "난방방식":30,
            "공급면적":"--",
            "전용률":"--",
            "욕실수":50,
            "현관타입":100,
            "주거총점":18.0,
            "지역구공급총점":100.0,
            "역세권":"NA",
            "30분내 이동가능 거점":"NA",
            "1시간내 이동가능 거점":"NA",
            "교통총점":"NA",
            "백화점":0,
            "아울렛몰":0,
            "대형마트":100,
            "은행":0,
            "병원":30,
            "종합병원":0,
            "공원":100,
            "혐오시설":0,
            "인프라총점":21.0,
            "초등학군":90.0,
            "중학군":39.18,
            "학군총점":49.344,
            "인구수":3.92,
            "인구증감":-14.18,
            "인구총점":-1.51,
            "일자리":2.42,
            "소득수준":56.33,
            "일자리총점":18.593,
            "가치 총점":27.036,
            "매매실거래년":20210909.0,
            "매매실거래가":9000.0,
            "평단가":415,
            "전세실거래년":20150102.0,
            "전세실거래가":6500.0,
            "전세가율":72.22,
            "장기전세가율평균":72.36,
            "전세가율거품지수":0.14,
            "검색코드":112655,
            "세대수":84.0,
            "난방":"개별난방",
            "주차":"0 (세대당 0.0대)",
            "현관구조":"계단식",
            "관리비평균":null,
            "방수":3,
            "욕실개수":1,
            "준공년월":"1990-09-20",
            "준공년차":32.0,
            "가까운역이름":"NA",
            "가까운역거리":"NA",
            "역세권여부":"NA",
            "30분이내주요거점역":"NA",
            "30분거점역이름":"NA",
            "1시간이내주요거점역":"NA",
            "1시간거점역이름":"NA",
            "3km이내백화점수":0,
            "5km이내아울렛몰수":0,
            "1km이내대형먀트수":3,
            "500m이내은행수":0,
            "500m이내병원수":6,
            "5km이내대형병원수":0,
            "500m이내공원수":3,
            "3km이내혐오시설수":0,
            "초등학교학업성취도":90.0,
            "중학교학업성취도":65.3,
            "학원가":1,
            "학원수":14,
            "용적률":0,
            "건폐율":0,
            "Y":37.167387,
            "X":128.990283,
            "rank":17.0,
            "area_info":"21평(71.65)",
            "sales_info":"0.9억 (2021-09-09)",
            "last_sales":"2021-09-09,9000.0,21평(71.65)",
            "maintenance":"nan",
            "price_per":"415",
            "room":"3",
            "bath":"1",
            "rank_history":[
                [
                    "202204",
                    17
                ],
                [
                    "202203",
                    22
                ],
                [
                    "202202",
                    9999
                ]
            ],
            "rank_gap":5
        },
        {
            "index":59,
            "아파트명":"태백남청",
            "매매타입":"아파트",
            "전용면적(m2)":"76.99",
            "전용면적(평)":"23평",
            "법정동주소":"강원도 태백시 황지동 74-3",
            "도로명주소":"강원도 태백시 황지남1길 17",
            "세대수":0,
            "입주년차":0,
            "용적률점수":"--",
            "건폐율점수":"--",
            "세대당주차수":0,
            "난방방식":30,
            "공급면적":"--",
            "전용률":"--",
            "욕실수":50,
            "현관타입":100,
            "주거총점":18.0,
            "지역구공급총점":100.0,
            "역세권":"NA",
            "30분내 이동가능 거점":"NA",
            "1시간내 이동가능 거점":"NA",
            "교통총점":"NA",
            "백화점":0,
            "아울렛몰":0,
            "대형마트":80,
            "은행":0,
            "병원":60,
            "종합병원":0,
            "공원":100,
            "혐오시설":0,
            "인프라총점":21.0,
            "초등학군":90.0,
            "중학군":39.18,
            "학군총점":49.344,
            "인구수":3.92,
            "인구증감":-14.18,
            "인구총점":-1.51,
            "일자리":2.42,
            "소득수준":56.33,
            "일자리총점":18.593,
            "가치 총점":27.036,
            "매매실거래년":20210518.0,
            "매매실거래가":10000.0,
            "평단가":330,
            "전세실거래년":20160224.0,
            "전세실거래가":6000.0,
            "전세가율":77.92,
            "장기전세가율평균":72.36,
            "전세가율거품지수":-5.56,
            "검색코드":6765,
            "세대수":116.0,
            "난방":"개별난방",
            "주차":"63 (세대당 0.54대)",
            "현관구조":"계단식",
            "관리비평균":null,
            "방수":3,
            "욕실개수":1,
            "준공년월":"1997-12-30",
            "준공년차":25.0,
            "가까운역이름":"NA",
            "가까운역거리":"NA",
            "역세권여부":"NA",
            "30분이내주요거점역":"NA",
            "30분거점역이름":"NA",
            "1시간이내주요거점역":"NA",
            "1시간거점역이름":"NA",
            "3km이내백화점수":0,
            "5km이내아울렛몰수":0,
            "1km이내대형먀트수":1,
            "500m이내은행수":0,
            "500m이내병원수":10,
            "5km이내대형병원수":0,
            "500m이내공원수":3,
            "3km이내혐오시설수":0,
            "초등학교학업성취도":90.0,
            "중학교학업성취도":65.3,
            "학원가":1,
            "학원수":14,
            "용적률":278,
            "건폐율":29,
            "Y":37.167923,
            "X":128.994096,
            "rank":17.0,
            "area_info":"23평(76.99),33평(111.89)",
            "sales_info":"0.77억 (2021-05-10),1.0억 (2021-05-18)",
            "last_sales":"2021-05-18,10000.0,33평(111.89)",
            "maintenance":"nan,nan",
            "price_per":"330,295",
            "room":"3,3",
            "bath":"1,2",
            "rank_history":[
                [
                    "202204",
                    17
                ],
                [
                    "202203",
                    14
                ],
                [
                    "202202",
                    14
                ],
                [
                    "202201",
                    11
                ]
            ],
            "rank_gap":-3
        },
        {
            "index":61,
            "아파트명":"태백황지3단지",
            "매매타입":"아파트",
            "전용면적(m2)":"67.04",
            "전용면적(평)":"20평",
            "법정동주소":"강원도 태백시 황지동 674",
            "도로명주소":"강원도 태백시 고원로 279",
            "세대수":30,
            "입주년차":40,
            "용적률점수":"--",
            "건폐율점수":"--",
            "세대당주차수":0,
            "난방방식":30,
            "공급면적":"--",
            "전용률":"--",
            "욕실수":50,
            "현관타입":100,
            "주거총점":36.5,
            "지역구공급총점":100.0,
            "역세권":"NA",
            "30분내 이동가능 거점":"NA",
            "1시간내 이동가능 거점":"NA",
            "교통총점":"NA",
            "백화점":0,
            "아울렛몰":0,
            "대형마트":0,
            "은행":0,
            "병원":0,
            "종합병원":0,
            "공원":100,
            "혐오시설":0,
            "인프라총점":3.0,
            "초등학군":89.95,
            "중학군":39.18,
            "학군총점":49.334,
            "인구수":3.92,
            "인구증감":-14.18,
            "인구총점":-1.51,
            "일자리":2.42,
            "소득수준":56.33,
            "일자리총점":18.593,
            "가치 총점":26.3085,
            "매매실거래년":20220225.0,
            "매매실거래가":9450.0,
            "평단가":465,
            "전세실거래년":20190929.0,
            "전세실거래가":6500.0,
            "전세가율":68.78,
            "장기전세가율평균":72.36,
            "전세가율거품지수":3.58,
            "검색코드":106318,
            "세대수":399.0,
            "난방":"개별난방",
            "주차":"281 (세대당 0.7대)",
            "현관구조":"계단식",
            "관리비평균":120091.0,
            "방수":2,
            "욕실개수":1,
            "준공년월":"2004-07-05",
            "준공년차":18.0,
            "가까운역이름":"NA",
            "가까운역거리":"NA",
            "역세권여부":"NA",
            "30분이내주요거점역":"NA",
            "30분거점역이름":"NA",
            "1시간이내주요거점역":"NA",
            "1시간거점역이름":"NA",
            "3km이내백화점수":0,
            "5km이내아울렛몰수":0,
            "1km이내대형먀트수":0,
            "500m이내은행수":0,
            "500m이내병원수":0,
            "5km이내대형병원수":0,
            "500m이내공원수":4,
            "3km이내혐오시설수":0,
            "초등학교학업성취도":89.95,
            "중학교학업성취도":65.3,
            "학원가":0,
            "학원수":0,
            "용적률":149,
            "건폐율":13,
            "Y":37.176175,
            "X":128.981321,
            "rank":18.0,
            "area_info":"20평(67.04),23평(77.86)",
            "sales_info":"0.945억 (2022-02-25),0.7억 (2022-01-05)",
            "last_sales":"2022-02-25,9450.0,20평(67.04)",
            "maintenance":"120091.0,139490.0",
            "price_per":"465,297",
            "room":"2,3",
            "bath":"1,1",
            "rank_history":[
                [
                    "202204",
                    18
                ],
                [
                    "202203",
                    15
                ],
                [
                    "202202",
                    15
                ],
                [
                    "202201",
                    12
                ]
            ],
            "rank_gap":-3
        },
        {
            "index":37,
            "아파트명":"에코빌",
            "매매타입":"아파트",
            "전용면적(m2)":"112.87",
            "전용면적(평)":"34평",
            "법정동주소":"강원도 태백시 황지동 847",
            "도로명주소":"강원도 태백시 대학길 87",
            "세대수":0,
            "입주년차":80,
            "용적률점수":"--",
            "건폐율점수":"--",
            "세대당주차수":0,
            "난방방식":30,
            "공급면적":"--",
            "전용률":"--",
            "욕실수":100,
            "현관타입":100,
            "주거총점":39.0,
            "지역구공급총점":100.0,
            "역세권":"NA",
            "30분내 이동가능 거점":"NA",
            "1시간내 이동가능 거점":"NA",
            "교통총점":"NA",
            "백화점":0,
            "아울렛몰":0,
            "대형마트":0,
            "은행":0,
            "병원":0,
            "종합병원":0,
            "공원":0,
            "혐오시설":0,
            "인프라총점":0.0,
            "초등학군":90.0,
            "중학군":39.18,
            "학군총점":49.344,
            "인구수":3.92,
            "인구증감":-14.18,
            "인구총점":-1.51,
            "일자리":2.42,
            "소득수준":56.33,
            "일자리총점":18.593,
            "가치 총점":25.986,
            "매매실거래년":20220325.0,
            "매매실거래가":19000.0,
            "평단가":556,
            "전세실거래년":20160811.0,
            "전세실거래가":12000.0,
            "전세가율":63.16,
            "장기전세가율평균":72.36,
            "전세가율거품지수":9.2,
            "검색코드":107698,
            "세대수":139.0,
            "난방":"개별난방",
            "주차":"139 (세대당 1.0대)",
            "현관구조":"계단식",
            "관리비평균":null,
            "방수":3,
            "욕실개수":2,
            "준공년월":"2014-06-03",
            "준공년차":8.0,
            "가까운역이름":"NA",
            "가까운역거리":"NA",
            "역세권여부":"NA",
            "30분이내주요거점역":"NA",
            "30분거점역이름":"NA",
            "1시간이내주요거점역":"NA",
            "1시간거점역이름":"NA",
            "3km이내백화점수":0,
            "5km이내아울렛몰수":0,
            "1km이내대형먀트수":0,
            "500m이내은행수":0,
            "500m이내병원수":0,
            "5km이내대형병원수":0,
            "500m이내공원수":0,
            "3km이내혐오시설수":0,
            "초등학교학업성취도":90.0,
            "중학교학업성취도":65.3,
            "학원가":0,
            "학원수":0,
            "용적률":210,
            "건폐율":18,
            "Y":37.160249,
            "X":128.976319,
            "rank":19.0,
            "area_info":"34평(112.87),33평(112.05)",
            "sales_info":"1.9억 (2022-03-25),1.75억 (2022-01-20)",
            "last_sales":"2022-03-25,19000.0,34평(112.87)",
            "maintenance":"nan,nan",
            "price_per":"556,516",
            "room":"3,3",
            "bath":"2,2",
            "rank_history":[
                [
                    "202204",
                    19
                ],
                [
                    "202203",
                    17
                ],
                [
                    "202202",
                    17
                ],
                [
                    "202201",
                    13
                ]
            ],
            "rank_gap":-2
        },
        {
            "index":40,
            "아파트명":"우석",
            "매매타입":"아파트",
            "전용면적(m2)":"37.87",
            "전용면적(평)":"11평",
            "법정동주소":"강원도 태백시 황지동 59-113",
            "도로명주소":"강원도 태백시 번영로 277-3",
            "세대수":0,
            "입주년차":0,
            "용적률점수":"--",
            "건폐율점수":"--",
            "세대당주차수":0,
            "난방방식":30,
            "공급면적":"--",
            "전용률":"--",
            "욕실수":50,
            "현관타입":100,
            "주거총점":18.0,
            "지역구공급총점":100.0,
            "역세권":"NA",
            "30분내 이동가능 거점":"NA",
            "1시간내 이동가능 거점":"NA",
            "교통총점":"NA",
            "백화점":0,
            "아울렛몰":0,
            "대형마트":100,
            "은행":0,
            "병원":0,
            "종합병원":0,
            "공원":100,
            "혐오시설":0,
            "인프라총점":18.0,
            "초등학군":90.0,
            "중학군":39.18,
            "학군총점":49.344,
            "인구수":3.92,
            "인구증감":-14.18,
            "인구총점":-1.51,
            "일자리":2.42,
            "소득수준":56.33,
            "일자리총점":18.593,
            "가치 총점":25.836,
            "매매실거래년":20220221.0,
            "매매실거래가":2500.0,
            "평단가":209,
            "전세실거래년":null,
            "전세실거래가":null,
            "전세가율":null,
            "장기전세가율평균":72.36,
            "전세가율거품지수":null,
            "검색코드":128955,
            "세대수":90.0,
            "난방":"개별난방",
            "주차":"0 (세대당 0.0대)",
            "현관구조":"계단식",
            "관리비평균":null,
            "방수":1,
            "욕실개수":1,
            "준공년월":"1987-01-24",
            "준공년차":35.0,
            "가까운역이름":"NA",
            "가까운역거리":"NA",
            "역세권여부":"NA",
            "30분이내주요거점역":"NA",
            "30분거점역이름":"NA",
            "1시간이내주요거점역":"NA",
            "1시간거점역이름":"NA",
            "3km이내백화점수":0,
            "5km이내아울렛몰수":0,
            "1km이내대형먀트수":3,
            "500m이내은행수":0,
            "500m이내병원수":0,
            "5km이내대형병원수":0,
            "500m이내공원수":2,
            "3km이내혐오시설수":0,
            "초등학교학업성취도":90.0,
            "중학교학업성취도":65.3,
            "학원가":1,
            "학원수":14,
            "용적률":0,
            "건폐율":0,
            "Y":37.167799,
            "X":128.986081,
            "rank":20.0,
            "area_info":"11평(37.87),14평(47.36),17평(57.32)",
            "sales_info":"0.24억 (2021-04-09),0.25억 (2022-02-21),0.465억 (2017-02-25)",
            "last_sales":"2022-02-21,2500.0,14평(47.36)",
            "maintenance":"nan,nan,nan",
            "price_per":"209,174,268",
            "room":"1,1,2",
            "bath":"1,1,1",
            "rank_history":[
                [
                    "202204",
                    20
                ],
                [
                    "202203",
                    24
                ],
                [
                    "202202",
                    9999
                ]
            ],
            "rank_gap":4
        },
        {
            "index":4,
            "아파트명":"목련2차",
            "매매타입":"아파트",
            "전용면적(m2)":"57.54",
            "전용면적(평)":"17평",
            "법정동주소":"강원도 태백시 소도동 5-1",
            "도로명주소":"강원도 태백시 소도길 83",
            "세대수":0,
            "입주년차":0,
            "용적률점수":"--",
            "건폐율점수":"--",
            "세대당주차수":0,
            "난방방식":30,
            "공급면적":"--",
            "전용률":"--",
            "욕실수":50,
            "현관타입":100,
            "주거총점":18.0,
            "지역구공급총점":100.0,
            "역세권":"NA",
            "30분내 이동가능 거점":"NA",
            "1시간내 이동가능 거점":"NA",
            "교통총점":"NA",
            "백화점":0,
            "아울렛몰":0,
            "대형마트":0,
            "은행":0,
            "병원":0,
            "종합병원":80,
            "공원":0,
            "혐오시설":0,
            "인프라총점":16.0,
            "초등학군":90.01,
            "중학군":42.9,
            "학군총점":52.322,
            "인구수":3.92,
            "인구증감":-14.18,
            "인구총점":-1.51,
            "일자리":2.42,
            "소득수준":56.33,
            "일자리총점":18.593,
            "가치 총점":25.7805,
            "매매실거래년":20220404.0,
            "매매실거래가":4100.0,
            "평단가":235,
            "전세실거래년":20140519.0,
            "전세실거래가":3000.0,
            "전세가율":73.17,
            "장기전세가율평균":72.36,
            "전세가율거품지수":-0.81,
            "검색코드":104219,
            "세대수":120.0,
            "난방":"개별난방",
            "주차":"66 (세대당 0.55대)",
            "현관구조":"계단식",
            "관리비평균":null,
            "방수":2,
            "욕실개수":1,
            "준공년월":"1995-07-14",
            "준공년차":27.0,
            "가까운역이름":"NA",
            "가까운역거리":"NA",
            "역세권여부":"NA",
            "30분이내주요거점역":"NA",
            "30분거점역이름":"NA",
            "1시간이내주요거점역":"NA",
            "1시간거점역이름":"NA",
            "3km이내백화점수":0,
            "5km이내아울렛몰수":0,
            "1km이내대형먀트수":0,
            "500m이내은행수":0,
            "500m이내병원수":0,
            "5km이내대형병원수":1,
            "500m이내공원수":0,
            "3km이내혐오시설수":0,
            "초등학교학업성취도":90.01,
            "중학교학업성취도":71.5,
            "학원가":0,
            "학원수":0,
            "용적률":97,
            "건폐율":25,
            "Y":37.139661,
            "X":128.977191,
            "rank":21.0,
            "area_info":"17평(57.54)",
            "sales_info":"0.41억 (2022-04-04)",
            "last_sales":"2022-04-04,4100.0,17평(57.54)",
            "maintenance":"nan",
            "price_per":"235",
            "room":"2",
            "bath":"1",
            "rank_history":[
                [
                    "202204",
                    21
                ],
                [
                    "202203",
                    18
                ],
                [
                    "202202",
                    18
                ],
                [
                    "202201",
                    18
                ]
            ],
            "rank_gap":-3
        },
        {
            "index":58,
            "아파트명":"청록",
            "매매타입":"아파트",
            "전용면적(m2)":"50.76",
            "전용면적(평)":"15평",
            "법정동주소":"강원도 태백시 황지동 136-1",
            "도로명주소":"강원도 태백시 태백산로 5138",
            "세대수":0,
            "입주년차":0,
            "용적률점수":"--",
            "건폐율점수":"--",
            "세대당주차수":0,
            "난방방식":30,
            "공급면적":"--",
            "전용률":"--",
            "욕실수":50,
            "현관타입":100,
            "주거총점":18.0,
            "지역구공급총점":100.0,
            "역세권":"NA",
            "30분내 이동가능 거점":"NA",
            "1시간내 이동가능 거점":"NA",
            "교통총점":"NA",
            "백화점":0,
            "아울렛몰":0,
            "대형마트":0,
            "은행":0,
            "병원":0,
            "종합병원":80,
            "공원":0,
            "혐오시설":0,
            "인프라총점":16.0,
            "초등학군":89.99,
            "중학군":36.36,
            "학군총점":47.086,
            "인구수":3.92,
            "인구증감":-14.18,
            "인구총점":-1.51,
            "일자리":2.42,
            "소득수준":56.33,
            "일자리총점":18.593,
            "가치 총점":24.4715,
            "매매실거래년":20220302.0,
            "매매실거래가":2550.0,
            "평단가":166,
            "전세실거래년":20210319.0,
            "전세실거래가":1500.0,
            "전세가율":58.82,
            "장기전세가율평균":72.36,
            "전세가율거품지수":13.54,
            "검색코드":121909,
            "세대수":100.0,
            "난방":"개별난방",
            "주차":"0 (세대당 0.0대)",
            "현관구조":"계단식",
            "관리비평균":null,
            "방수":2,
            "욕실개수":1,
            "준공년월":"1991-10-28",
            "준공년차":31.0,
            "가까운역이름":"NA",
            "가까운역거리":"NA",
            "역세권여부":"NA",
            "30분이내주요거점역":"NA",
            "30분거점역이름":"NA",
            "1시간이내주요거점역":"NA",
            "1시간거점역이름":"NA",
            "3km이내백화점수":0,
            "5km이내아울렛몰수":0,
            "1km이내대형먀트수":0,
            "500m이내은행수":0,
            "500m이내병원수":0,
            "5km이내대형병원수":1,
            "500m이내공원수":0,
            "3km이내혐오시설수":0,
            "초등학교학업성취도":89.99,
            "중학교학업성취도":60.6,
            "학원가":0,
            "학원수":0,
            "용적률":0,
            "건폐율":0,
            "Y":37.145515,
            "X":128.993875,
            "rank":22.0,
            "area_info":"15평(50.76)",
            "sales_info":"0.255억 (2022-03-02)",
            "last_sales":"2022-03-02,2550.0,15평(50.76)",
            "maintenance":"nan",
            "price_per":"166",
            "room":"2",
            "bath":"1",
            "rank_history":[
                [
                    "202204",
                    22
                ],
                [
                    "202203",
                    28
                ],
                [
                    "202202",
                    25
                ],
                [
                    "202201",
                    27
                ]
            ],
            "rank_gap":6
        },
        {
            "index":19,
            "아파트명":"대산하이츠빌(주상복합)",
            "매매타입":"아파트",
            "전용면적(m2)":"82.88",
            "전용면적(평)":"25평",
            "법정동주소":"강원도 태백시 황지동 24",
            "도로명주소":"강원도 태백시 풀미당골길 35",
            "세대수":0,
            "입주년차":20,
            "용적률점수":"--",
            "건폐율점수":"--",
            "세대당주차수":0,
            "난방방식":30,
            "공급면적":"--",
            "전용률":"--",
            "욕실수":50,
            "현관타입":100,
            "주거총점":22.0,
            "지역구공급총점":100.0,
            "역세권":"NA",
            "30분내 이동가능 거점":"NA",
            "1시간내 이동가능 거점":"NA",
            "교통총점":"NA",
            "백화점":0,
            "아울렛몰":0,
            "대형마트":0,
            "은행":0,
            "병원":60,
            "종합병원":0,
            "공원":100,
            "혐오시설":0,
            "인프라총점":9.0,
            "초등학군":90.0,
            "중학군":39.18,
            "학군총점":49.344,
            "인구수":3.92,
            "인구증감":-14.18,
            "인구총점":-1.51,
            "일자리":2.42,
            "소득수준":56.33,
            "일자리총점":18.593,
            "가치 총점":23.636,
            "매매실거래년":20220405.0,
            "매매실거래가":9000.0,
            "평단가":358,
            "전세실거래년":20200902.0,
            "전세실거래가":9000.0,
            "전세가율":100.0,
            "장기전세가율평균":72.36,
            "전세가율거품지수":-27.64,
            "검색코드":27493,
            "세대수":246.0,
            "난방":"개별난방",
            "주차":"205 (세대당 0.83대)",
            "현관구조":"계단식",
            "관리비평균":153906.0,
            "방수":2,
            "욕실개수":1,
            "준공년월":"2002-12-24",
            "준공년차":20.0,
            "가까운역이름":"NA",
            "가까운역거리":"NA",
            "역세권여부":"NA",
            "30분이내주요거점역":"NA",
            "30분거점역이름":"NA",
            "1시간이내주요거점역":"NA",
            "1시간거점역이름":"NA",
            "3km이내백화점수":0,
            "5km이내아울렛몰수":0,
            "1km이내대형먀트수":0,
            "500m이내은행수":1,
            "500m이내병원수":18,
            "5km이내대형병원수":0,
            "500m이내공원수":5,
            "3km이내혐오시설수":0,
            "초등학교학업성취도":90.0,
            "중학교학업성취도":65.3,
            "학원가":1,
            "학원수":14,
            "용적률":413,
            "건폐율":29,
            "Y":37.171447,
            "X":128.995043,
            "rank":23.0,
            "area_info":"25평(82.88),25평(83.19),32평(107.59),35평(116.88)",
            "sales_info":"0.9억 (2022-04-05),1.3억 (2022-01-03),1.6억 (2022-02-16),거래 정보 없음",
            "last_sales":"2022-04-05,9000.0,25평(82.88)",
            "maintenance":"153906.0,154416.0,218270.0,218270.0",
            "price_per":"358,516,491,nan",
            "room":"2,2,3,3",
            "bath":"1,1,1,2",
            "rank_history":[
                [
                    "202204",
                    23
                ],
                [
                    "202203",
                    20
                ],
                [
                    "202202",
                    20
                ],
                [
                    "202201",
                    21
                ]
            ],
            "rank_gap":-3
        },
        {
            "index":12,
            "아파트명":"하나",
            "매매타입":"아파트",
            "전용면적(m2)":"51.26",
            "전용면적(평)":"15평",
            "법정동주소":"강원도 태백시 통동 225",
            "도로명주소":"강원도 태백시 솔안길 140",
            "세대수":30,
            "입주년차":0,
            "용적률점수":"--",
            "건폐율점수":"--",
            "세대당주차수":0,
            "난방방식":30,
            "공급면적":"--",
            "전용률":"--",
            "욕실수":50,
            "현관타입":100,
            "주거총점":28.5,
            "지역구공급총점":100.0,
            "역세권":"NA",
            "30분내 이동가능 거점":"NA",
            "1시간내 이동가능 거점":"NA",
            "교통총점":"NA",
            "백화점":0,
            "아울렛몰":0,
            "대형마트":0,
            "은행":0,
            "병원":0,
            "종합병원":0,
            "공원":0,
            "혐오시설":0,
            "인프라총점":0.0,
            "초등학군":89.97,
            "중학군":36.36,
            "학군총점":47.082,
            "인구수":3.92,
            "인구증감":-14.18,
            "인구총점":-1.51,
            "일자리":2.42,
            "소득수준":56.33,
            "일자리총점":18.593,
            "가치 총점":21.7455,
            "매매실거래년":18000101.0,
            "매매실거래가":null,
            "평단가":"nan",
            "전세실거래년":null,
            "전세실거래가":null,
            "전세가율":null,
            "장기전세가율평균":72.36,
            "전세가율거품지수":null,
            "검색코드":114930,
            "세대수":390.0,
            "난방":"개별난방",
            "주차":"86 (세대당 0.22대)",
            "현관구조":"계단식",
            "관리비평균":30649.0,
            "방수":2,
            "욕실개수":1,
            "준공년월":"1986-12-01",
            "준공년차":36.0,
            "가까운역이름":"NA",
            "가까운역거리":"NA",
            "역세권여부":"NA",
            "30분이내주요거점역":"NA",
            "30분거점역이름":"NA",
            "1시간이내주요거점역":"NA",
            "1시간거점역이름":"NA",
            "3km이내백화점수":0,
            "5km이내아울렛몰수":0,
            "1km이내대형먀트수":0,
            "500m이내은행수":0,
            "500m이내병원수":0,
            "5km이내대형병원수":0,
            "500m이내공원수":0,
            "3km이내혐오시설수":0,
            "초등학교학업성취도":89.97,
            "중학교학업성취도":60.6,
            "학원가":0,
            "학원수":0,
            "용적률":0,
            "건폐율":0,
            "Y":37.164861,
            "X":129.026323,
            "rank":24.0,
            "area_info":"15평(51.26)",
            "sales_info":"거래 정보 없음",
            "last_sales":"1800-01-01,nan,15평(51.26)",
            "maintenance":"30649.0",
            "price_per":"nan",
            "room":"2",
            "bath":"1",
            "rank_history":[
                [
                    "202204",
                    24
                ],
                [
                    "202203",
                    31
                ],
                [
                    "202202",
                    28
                ],
                [
                    "202201",
                    28
                ]
            ],
            "rank_gap":7
        },
        {
            "index":13,
            "아파트명":"선명브라이튼",
            "매매타입":"아파트",
            "전용면적(m2)":"80.34",
            "전용면적(평)":"24평",
            "법정동주소":"강원도 태백시 화전동 328",
            "도로명주소":"강원도 태백시 수아밭길 212",
            "세대수":0,
            "입주년차":40,
            "용적률점수":"--",
            "건폐율점수":"--",
            "세대당주차수":0,
            "난방방식":30,
            "공급면적":"--",
            "전용률":"--",
            "욕실수":50,
            "현관타입":100,
            "주거총점":26.0,
            "지역구공급총점":100.0,
            "역세권":"NA",
            "30분내 이동가능 거점":"NA",
            "1시간내 이동가능 거점":"NA",
            "교통총점":"NA",
            "백화점":0,
            "아울렛몰":0,
            "대형마트":0,
            "은행":0,
            "병원":0,
            "종합병원":0,
            "공원":0,
            "혐오시설":0,
            "인프라총점":0.0,
            "초등학군":89.95,
            "중학군":39.18,
            "학군총점":49.334,
            "인구수":3.92,
            "인구증감":-14.18,
            "인구총점":-1.51,
            "일자리":2.42,
            "소득수준":56.33,
            "일자리총점":18.593,
            "가치 총점":21.4335,
            "매매실거래년":20220331.0,
            "매매실거래가":9600.0,
            "평단가":395,
            "전세실거래년":20170421.0,
            "전세실거래가":8500.0,
            "전세가율":88.54,
            "장기전세가율평균":72.36,
            "전세가율거품지수":-16.18,
            "검색코드":101646,
            "세대수":180.0,
            "난방":"개별난방",
            "주차":"167 (세대당 0.93대)",
            "현관구조":"계단식",
            "관리비평균":null,
            "방수":2,
            "욕실개수":1,
            "준공년월":"2006-06-30",
            "준공년차":16.0,
            "가까운역이름":"NA",
            "가까운역거리":"NA",
            "역세권여부":"NA",
            "30분이내주요거점역":"NA",
            "30분거점역이름":"NA",
            "1시간이내주요거점역":"NA",
            "1시간거점역이름":"NA",
            "3km이내백화점수":0,
            "5km이내아울렛몰수":0,
            "1km이내대형먀트수":0,
            "500m이내은행수":0,
            "500m이내병원수":0,
            "5km이내대형병원수":0,
            "500m이내공원수":0,
            "3km이내혐오시설수":0,
            "초등학교학업성취도":89.95,
            "중학교학업성취도":65.3,
            "학원가":0,
            "학원수":0,
            "용적률":0,
            "건폐율":0,
            "Y":37.18236,
            "X":128.968822,
            "rank":25.0,
            "area_info":"24평(80.34),32평(106.54)",
            "sales_info":"0.96억 (2022-03-31),1.57억 (2022-03-14)",
            "last_sales":"2022-03-31,9600.0,24평(80.34)",
            "maintenance":"nan,nan",
            "price_per":"395,487",
            "room":"2,3",
            "bath":"1,2",
            "rank_history":[
                [
                    "202204",
                    25
                ],
                [
                    "202203",
                    25
                ],
                [
                    "202202",
                    23
                ],
                [
                    "202201",
                    22
                ]
            ],
            "rank_gap":0
        },
        {
            "index":33,
            "아파트명":"선명1차",
            "매매타입":"아파트",
            "전용면적(m2)":"47.57",
            "전용면적(평)":"14평",
            "법정동주소":"강원도 태백시 황지동 274-757",
            "도로명주소":"강원도 태백시 장수4길 16",
            "세대수":0,
            "입주년차":20,
            "용적률점수":"--",
            "건폐율점수":"--",
            "세대당주차수":0,
            "난방방식":30,
            "공급면적":"--",
            "전용률":"--",
            "욕실수":50,
            "현관타입":100,
            "주거총점":22.0,
            "지역구공급총점":100.0,
            "역세권":"NA",
            "30분내 이동가능 거점":"NA",
            "1시간내 이동가능 거점":"NA",
            "교통총점":"NA",
            "백화점":0,
            "아울렛몰":0,
            "대형마트":0,
            "은행":0,
            "병원":0,
            "종합병원":0,
            "공원":80,
            "혐오시설":0,
            "인프라총점":2.4,
            "초등학군":90.0,
            "중학군":39.18,
            "학군총점":49.344,
            "인구수":3.92,
            "인구증감":-14.18,
            "인구총점":-1.51,
            "일자리":2.42,
            "소득수준":56.33,
            "일자리총점":18.593,
            "가치 총점":20.996,
            "매매실거래년":20201201.0,
            "매매실거래가":8100.0,
            "평단가":361,
            "전세실거래년":null,
            "전세실거래가":null,
            "전세가율":null,
            "장기전세가율평균":72.36,
            "전세가율거품지수":null,
            "검색코드":106174,
            "세대수":84.0,
            "난방":"개별난방",
            "주차":"60 (세대당 0.71대)",
            "현관구조":"계단식",
            "관리비평균":null,
            "방수":2,
            "욕실개수":1,
            "준공년월":"1999-07-30",
            "준공년차":23.0,
            "가까운역이름":"NA",
            "가까운역거리":"NA",
            "역세권여부":"NA",
            "30분이내주요거점역":"NA",
            "30분거점역이름":"NA",
            "1시간이내주요거점역":"NA",
            "1시간거점역이름":"NA",
            "3km이내백화점수":0,
            "5km이내아울렛몰수":0,
            "1km이내대형먀트수":0,
            "500m이내은행수":0,
            "500m이내병원수":0,
            "5km이내대형병원수":0,
            "500m이내공원수":1,
            "3km이내혐오시설수":0,
            "초등학교학업성취도":90.0,
            "중학교학업성취도":65.3,
            "학원가":0,
            "학원수":0,
            "용적률":293,
            "건폐율":23,
            "Y":37.180385,
            "X":128.986511,
            "rank":26.0,
            "area_info":"14평(47.57),23평(78.21)",
            "sales_info":"0.52억 (2017-07-31),0.81억 (2020-12-01)",
            "last_sales":"2020-12-01,8100.0,23평(78.21)",
            "maintenance":"nan,nan",
            "price_per":"361,342",
            "room":"2,3",
            "bath":"1,1",
            "rank_history":[
                [
                    "202204",
                    26
                ],
                [
                    "202203",
                    26
                ],
                [
                    "202202",
                    9999
                ]
            ],
            "rank_gap":0
        },
        {
            "index":11,
            "아파트명":"철암장미",
            "매매타입":"아파트",
            "전용면적(m2)":"68.47",
            "전용면적(평)":"20평",
            "법정동주소":"강원도 태백시 철암동 435-169",
            "도로명주소":"강원도 태백시 삼방길 35",
            "세대수":0,
            "입주년차":20,
            "용적률점수":"--",
            "건폐율점수":"--",
            "세대당주차수":0,
            "난방방식":30,
            "공급면적":"--",
            "전용률":"--",
            "욕실수":50,
            "현관타입":10,
            "주거총점":13.0,
            "지역구공급총점":100.0,
            "역세권":"NA",
            "30분내 이동가능 거점":"NA",
            "1시간내 이동가능 거점":"NA",
            "교통총점":"NA",
            "백화점":0,
            "아울렛몰":0,
            "대형마트":0,
            "은행":0,
            "병원":0,
            "종합병원":80,
            "공원":0,
            "혐오시설":0,
            "인프라총점":16.0,
            "초등학군":90.09,
            "중학군":27.6,
            "학군총점":40.098,
            "인구수":3.92,
            "인구증감":-14.18,
            "인구총점":-1.51,
            "일자리":2.42,
            "소득수준":56.33,
            "일자리총점":18.593,
            "가치 총점":20.9745,
            "매매실거래년":20220323.0,
            "매매실거래가":3000.0,
            "평단가":144,
            "전세실거래년":20220324.0,
            "전세실거래가":1000.0,
            "전세가율":33.33,
            "장기전세가율평균":72.36,
            "전세가율거품지수":39.03,
            "검색코드":102341,
            "세대수":100.0,
            "난방":"개별난방",
            "주차":"74 (세대당 0.74대)",
            "현관구조":"복도식",
            "관리비평균":null,
            "방수":2,
            "욕실개수":1,
            "준공년월":"2000-08-10",
            "준공년차":22.0,
            "가까운역이름":"NA",
            "가까운역거리":"NA",
            "역세권여부":"NA",
            "30분이내주요거점역":"NA",
            "30분거점역이름":"NA",
            "1시간이내주요거점역":"NA",
            "1시간거점역이름":"NA",
            "3km이내백화점수":0,
            "5km이내아울렛몰수":0,
            "1km이내대형먀트수":0,
            "500m이내은행수":0,
            "500m이내병원수":0,
            "5km이내대형병원수":1,
            "500m이내공원수":0,
            "3km이내혐오시설수":0,
            "초등학교학업성취도":90.09,
            "중학교학업성취도":46.0,
            "학원가":0,
            "학원수":0,
            "용적률":73,
            "건폐율":20,
            "Y":37.116182,
            "X":129.042309,
            "rank":27.0,
            "area_info":"20평(68.47)",
            "sales_info":"0.3억 (2022-03-23)",
            "last_sales":"2022-03-23,3000.0,20평(68.47)",
            "maintenance":"nan",
            "price_per":"144",
            "room":"2",
            "bath":"1",
            "rank_history":[
                [
                    "202204",
                    27
                ],
                [
                    "202203",
                    27
                ],
                [
                    "202202",
                    24
                ],
                [
                    "202201",
                    23
                ]
            ],
            "rank_gap":0
        },
        {
            "index":15,
            "아파트명":"태백팔마",
            "매매타입":"아파트",
            "전용면적(m2)":"78.58",
            "전용면적(평)":"23평",
            "법정동주소":"강원도 태백시 화전동 48-1",
            "도로명주소":"강원도 태백시 수아밭길 182",
            "세대수":0,
            "입주년차":20,
            "용적률점수":"--",
            "건폐율점수":"--",
            "세대당주차수":0,
            "난방방식":30,
            "공급면적":"--",
            "전용률":"--",
            "욕실수":50,
            "현관타입":100,
            "주거총점":22.0,
            "지역구공급총점":100.0,
            "역세권":"NA",
            "30분내 이동가능 거점":"NA",
            "1시간내 이동가능 거점":"NA",
            "교통총점":"NA",
            "백화점":0,
            "아울렛몰":0,
            "대형마트":0,
            "은행":0,
            "병원":0,
            "종합병원":0,
            "공원":0,
            "혐오시설":0,
            "인프라총점":0.0,
            "초등학군":89.95,
            "중학군":39.18,
            "학군총점":49.334,
            "인구수":3.92,
            "인구증감":-14.18,
            "인구총점":-1.51,
            "일자리":2.42,
            "소득수준":56.33,
            "일자리총점":18.593,
            "가치 총점":20.0335,
            "매매실거래년":20220307.0,
            "매매실거래가":9000.0,
            "평단가":378,
            "전세실거래년":20150617.0,
            "전세실거래가":6000.0,
            "전세가율":66.67,
            "장기전세가율평균":72.36,
            "전세가율거품지수":5.69,
            "검색코드":100794,
            "세대수":192.0,
            "난방":"개별난방",
            "주차":"157 (세대당 0.82대)",
            "현관구조":"계단식",
            "관리비평균":147970.0,
            "방수":3,
            "욕실개수":1,
            "준공년월":"2001-10-12",
            "준공년차":21.0,
            "가까운역이름":"NA",
            "가까운역거리":"NA",
            "역세권여부":"NA",
            "30분이내주요거점역":"NA",
            "30분거점역이름":"NA",
            "1시간이내주요거점역":"NA",
            "1시간거점역이름":"NA",
            "3km이내백화점수":0,
            "5km이내아울렛몰수":0,
            "1km이내대형먀트수":0,
            "500m이내은행수":0,
            "500m이내병원수":0,
            "5km이내대형병원수":0,
            "500m이내공원수":0,
            "3km이내혐오시설수":0,
            "초등학교학업성취도":89.95,
            "중학교학업성취도":65.3,
            "학원가":0,
            "학원수":0,
            "용적률":0,
            "건폐율":0,
            "Y":37.181157,
            "X":128.969437,
            "rank":28.0,
            "area_info":"23평(78.58),25평(82.74),31평(104.33)",
            "sales_info":"0.9억 (2022-03-07),0.85억 (2021-12-21),1.165억 (2021-05-18)",
            "last_sales":"2022-03-07,9000.0,23평(78.58)",
            "maintenance":"147970.0,148229.0,211539.0",
            "price_per":"378,339,369",
            "room":"3,3,3",
            "bath":"1,1,1",
            "rank_history":[
                [
                    "202204",
                    28
                ],
                [
                    "202203",
                    29
                ],
                [
                    "202202",
                    26
                ],
                [
                    "202201",
                    25
                ]
            ],
            "rank_gap":1
        },
        {
            "index":36,
            "아파트명":"선명5차",
            "매매타입":"아파트",
            "전용면적(m2)":"95.8",
            "전용면적(평)":"28평",
            "법정동주소":"강원도 태백시 황지동 621-277",
            "도로명주소":"강원도 태백시 장수길 47",
            "세대수":0,
            "입주년차":20,
            "용적률점수":"--",
            "건폐율점수":"--",
            "세대당주차수":0,
            "난방방식":30,
            "공급면적":"--",
            "전용률":"--",
            "욕실수":100,
            "현관타입":10,
            "주거총점":18.0,
            "지역구공급총점":100.0,
            "역세권":"NA",
            "30분내 이동가능 거점":"NA",
            "1시간내 이동가능 거점":"NA",
            "교통총점":"NA",
            "백화점":0,
            "아울렛몰":0,
            "대형마트":0,
            "은행":0,
            "병원":0,
            "종합병원":0,
            "공원":100,
            "혐오시설":0,
            "인프라총점":3.0,
            "초등학군":90.0,
            "중학군":39.18,
            "학군총점":49.344,
            "인구수":3.92,
            "인구증감":-14.18,
            "인구총점":-1.51,
            "일자리":2.42,
            "소득수준":56.33,
            "일자리총점":18.593,
            "가치 총점":19.836,
            "매매실거래년":20220401.0,
            "매매실거래가":9700.0,
            "평단가":334,
            "전세실거래년":20210321.0,
            "전세실거래가":7500.0,
            "전세가율":77.32,
            "장기전세가율평균":72.36,
            "전세가율거품지수":-4.96,
            "검색코드":106314,
            "세대수":130.0,
            "난방":"개별난방",
            "주차":"91 (세대당 0.7대)",
            "현관구조":"복도식",
            "관리비평균":null,
            "방수":3,
            "욕실개수":2,
            "준공년월":"2001-10-30",
            "준공년차":21.0,
            "가까운역이름":"NA",
            "가까운역거리":"NA",
            "역세권여부":"NA",
            "30분이내주요거점역":"NA",
            "30분거점역이름":"NA",
            "1시간이내주요거점역":"NA",
            "1시간거점역이름":"NA",
            "3km이내백화점수":0,
            "5km이내아울렛몰수":0,
            "1km이내대형먀트수":0,
            "500m이내은행수":0,
            "500m이내병원수":0,
            "5km이내대형병원수":0,
            "500m이내공원수":2,
            "3km이내혐오시설수":0,
            "초등학교학업성취도":90.0,
            "중학교학업성취도":65.3,
            "학원가":0,
            "학원수":0,
            "용적률":398,
            "건폐율":30,
            "Y":37.180568,
            "X":128.985117,
            "rank":29.0,
            "area_info":"28평(95.8)",
            "sales_info":"0.97억 (2022-04-01)",
            "last_sales":"2022-04-01,9700.0,28평(95.8)",
            "maintenance":"nan",
            "price_per":"334",
            "room":"3",
            "bath":"2",
            "rank_history":[
                [
                    "202204",
                    29
                ],
                [
                    "202203",
                    30
                ],
                [
                    "202202",
                    27
                ],
                [
                    "202201",
                    26
                ]
            ],
            "rank_gap":1
        }
    ]
}