{
    "schema":{
        "fields":[
            {
                "name":"index",
                "type":"integer"
            },
            {
                "name":"아파트명",
                "type":"string"
            },
            {
                "name":"매매타입",
                "type":"string"
            },
            {
                "name":"전용면적(m2)",
                "type":"string"
            },
            {
                "name":"전용면적(평)",
                "type":"string"
            },
            {
                "name":"법정동주소",
                "type":"string"
            },
            {
                "name":"도로명주소",
                "type":"string"
            },
            {
                "name":"세대수",
                "type":"integer"
            },
            {
                "name":"입주년차",
                "type":"integer"
            },
            {
                "name":"용적률점수",
                "type":"string"
            },
            {
                "name":"건폐율점수",
                "type":"string"
            },
            {
                "name":"세대당주차수",
                "type":"integer"
            },
            {
                "name":"난방방식",
                "type":"integer"
            },
            {
                "name":"공급면적",
                "type":"string"
            },
            {
                "name":"전용률",
                "type":"string"
            },
            {
                "name":"욕실수",
                "type":"integer"
            },
            {
                "name":"현관타입",
                "type":"integer"
            },
            {
                "name":"주거총점",
                "type":"number"
            },
            {
                "name":"지역구공급총점",
                "type":"number"
            },
            {
                "name":"역세권",
                "type":"string"
            },
            {
                "name":"30분내 이동가능 거점",
                "type":"string"
            },
            {
                "name":"1시간내 이동가능 거점",
                "type":"string"
            },
            {
                "name":"교통총점",
                "type":"string"
            },
            {
                "name":"백화점",
                "type":"integer"
            },
            {
                "name":"아울렛몰",
                "type":"integer"
            },
            {
                "name":"대형마트",
                "type":"integer"
            },
            {
                "name":"은행",
                "type":"integer"
            },
            {
                "name":"병원",
                "type":"integer"
            },
            {
                "name":"종합병원",
                "type":"integer"
            },
            {
                "name":"공원",
                "type":"integer"
            },
            {
                "name":"혐오시설",
                "type":"integer"
            },
            {
                "name":"인프라총점",
                "type":"number"
            },
            {
                "name":"초등학군",
                "type":"number"
            },
            {
                "name":"중학군",
                "type":"number"
            },
            {
                "name":"학군총점",
                "type":"number"
            },
            {
                "name":"인구수",
                "type":"number"
            },
            {
                "name":"인구증감",
                "type":"number"
            },
            {
                "name":"인구총점",
                "type":"number"
            },
            {
                "name":"일자리",
                "type":"number"
            },
            {
                "name":"소득수준",
                "type":"number"
            },
            {
                "name":"일자리총점",
                "type":"number"
            },
            {
                "name":"가치 총점",
                "type":"number"
            },
            {
                "name":"매매실거래년",
                "type":"number"
            },
            {
                "name":"매매실거래가",
                "type":"number"
            },
            {
                "name":"평단가",
                "type":"string"
            },
            {
                "name":"전세실거래년",
                "type":"number"
            },
            {
                "name":"전세실거래가",
                "type":"number"
            },
            {
                "name":"전세가율",
                "type":"number"
            },
            {
                "name":"장기전세가율평균",
                "type":"string"
            },
            {
                "name":"전세가율거품지수",
                "type":"string"
            },
            {
                "name":"검색코드",
                "type":"integer"
            },
            {
                "name":"세대수",
                "type":"number"
            },
            {
                "name":"난방",
                "type":"string"
            },
            {
                "name":"주차",
                "type":"string"
            },
            {
                "name":"현관구조",
                "type":"string"
            },
            {
                "name":"관리비평균",
                "type":"number"
            },
            {
                "name":"방수",
                "type":"integer"
            },
            {
                "name":"욕실개수",
                "type":"integer"
            },
            {
                "name":"준공년월",
                "type":"string"
            },
            {
                "name":"준공년차",
                "type":"number"
            },
            {
                "name":"가까운역이름",
                "type":"string"
            },
            {
                "name":"가까운역거리",
                "type":"string"
            },
            {
                "name":"역세권여부",
                "type":"string"
            },
            {
                "name":"30분이내주요거점역",
                "type":"string"
            },
            {
                "name":"30분거점역이름",
                "type":"string"
            },
            {
                "name":"1시간이내주요거점역",
                "type":"string"
            },
            {
                "name":"1시간거점역이름",
                "type":"string"
            },
            {
                "name":"3km이내백화점수",
                "type":"integer"
            },
            {
                "name":"5km이내아울렛몰수",
                "type":"integer"
            },
            {
                "name":"1km이내대형먀트수",
                "type":"integer"
            },
            {
                "name":"500m이내은행수",
                "type":"integer"
            },
            {
                "name":"500m이내병원수",
                "type":"integer"
            },
            {
                "name":"5km이내대형병원수",
                "type":"integer"
            },
            {
                "name":"500m이내공원수",
                "type":"integer"
            },
            {
                "name":"3km이내혐오시설수",
                "type":"integer"
            },
            {
                "name":"초등학교학업성취도",
                "type":"number"
            },
            {
                "name":"중학교학업성취도",
                "type":"number"
            },
            {
                "name":"학원가",
                "type":"integer"
            },
            {
                "name":"학원수",
                "type":"integer"
            },
            {
                "name":"용적률",
                "type":"integer"
            },
            {
                "name":"건폐율",
                "type":"integer"
            },
            {
                "name":"Y",
                "type":"number"
            },
            {
                "name":"X",
                "type":"number"
            },
            {
                "name":"rank",
                "type":"number"
            },
            {
                "name":"area_info",
                "type":"string"
            },
            {
                "name":"sales_info",
                "type":"string"
            },
            {
                "name":"last_sales",
                "type":"string"
            },
            {
                "name":"maintenance",
                "type":"string"
            },
            {
                "name":"price_per",
                "type":"string"
            },
            {
                "name":"room",
                "type":"string"
            },
            {
                "name":"bath",
                "type":"string"
            },
            {
                "name":"rank_history",
                "type":"string"
            },
            {
                "name":"rank_gap",
                "type":"integer"
            }
        ],
        "primaryKey":[
            "index"
        ],
        "pandas_version":"1.4.0"
    },
    "data":[
        {
            "index":103,
            "아파트명":"혁신도시에코르3단지",
            "매매타입":"아파트",
            "전용면적(m2)":"108.35",
            "전용면적(평)":"32평",
            "법정동주소":"전라북도 완주군 이서면 용서리 785",
            "도로명주소":"전라북도 완주군 반교로 51",
            "세대수":50,
            "입주년차":80,
            "용적률점수":"--",
            "건폐율점수":"--",
            "세대당주차수":30,
            "난방방식":30,
            "공급면적":"--",
            "전용률":"--",
            "욕실수":100,
            "현관타입":100,
            "주거총점":61.0,
            "지역구공급총점":0.0,
            "역세권":"NA",
            "30분내 이동가능 거점":"NA",
            "1시간내 이동가능 거점":"NA",
            "교통총점":"NA",
            "백화점":0,
            "아울렛몰":0,
            "대형마트":80,
            "은행":0,
            "병원":0,
            "종합병원":0,
            "공원":100,
            "혐오시설":0,
            "인프라총점":15.0,
            "초등학군":90.01,
            "중학군":48.06,
            "학군총점":56.45,
            "인구수":8.9,
            "인구증감":0.66,
            "인구총점":6.428,
            "일자리":8.01,
            "소득수준":71.55,
            "일자리총점":27.072,
            "가치 총점":41.4625,
            "매매실거래년":20220218.0,
            "매매실거래가":31800.0,
            "평단가":869,
            "전세실거래년":20220321.0,
            "전세실거래가":5000.0,
            "전세가율":17.54,
            "장기전세가율평균":"NA",
            "전세가율거품지수":"NA",
            "검색코드":135543,
            "세대수":606.0,
            "난방":"개별난방",
            "주차":"731 (세대당 1.21대)",
            "현관구조":"계단식",
            "관리비평균":null,
            "방수":3,
            "욕실개수":2,
            "준공년월":"2015-06-29",
            "준공년차":7.0,
            "가까운역이름":"NA",
            "가까운역거리":"NA",
            "역세권여부":"NA",
            "30분이내주요거점역":"NA",
            "30분거점역이름":"NA",
            "1시간이내주요거점역":"NA",
            "1시간거점역이름":"NA",
            "3km이내백화점수":0,
            "5km이내아울렛몰수":0,
            "1km이내대형먀트수":1,
            "500m이내은행수":0,
            "500m이내병원수":1,
            "5km이내대형병원수":0,
            "500m이내공원수":6,
            "3km이내혐오시설수":0,
            "초등학교학업성취도":90.01,
            "중학교학업성취도":80.1,
            "학원가":0,
            "학원수":0,
            "용적률":162,
            "건폐율":15,
            "Y":35.826571,
            "X":127.023264,
            "rank":1.0,
            "area_info":"32평(108.35),32평(108.23),32평(109.08)",
            "sales_info":"2.85억 (2022-01-04),3.18억 (2021-12-27),3.18억 (2022-02-18)",
            "last_sales":"2022-02-18,31800.0,32평(109.08)",
            "maintenance":"nan,nan,nan",
            "price_per":"869,971,963",
            "room":"3,3,3",
            "bath":"2,2,2",
            "rank_history":[
                [
                    "202204",
                    1
                ],
                [
                    "202203",
                    1
                ],
                [
                    "202202",
                    1
                ],
                [
                    "202201",
                    6
                ]
            ],
            "rank_gap":0
        },
        {
            "index":27,
            "아파트명":"제일오투그란데",
            "매매타입":"아파트",
            "전용면적(m2)":"80.45",
            "전용면적(평)":"24평",
            "법정동주소":"전라북도 완주군 봉동읍 제내리 1237",
            "도로명주소":"전라북도 완주군 봉비로 176",
            "세대수":50,
            "입주년차":80,
            "용적률점수":"--",
            "건폐율점수":"--",
            "세대당주차수":30,
            "난방방식":30,
            "공급면적":"--",
            "전용률":"--",
            "욕실수":100,
            "현관타입":100,
            "주거총점":61.0,
            "지역구공급총점":0.0,
            "역세권":"NA",
            "30분내 이동가능 거점":"NA",
            "1시간내 이동가능 거점":"NA",
            "교통총점":"NA",
            "백화점":0,
            "아울렛몰":0,
            "대형마트":80,
            "은행":0,
            "병원":0,
            "종합병원":0,
            "공원":0,
            "혐오시설":0,
            "인프라총점":12.0,
            "초등학군":89.92,
            "중학군":49.3,
            "학군총점":57.424,
            "인구수":8.9,
            "인구증감":0.66,
            "인구총점":6.428,
            "일자리":8.01,
            "소득수준":71.55,
            "일자리총점":27.072,
            "가치 총점":40.506,
            "매매실거래년":20220413.0,
            "매매실거래가":16100.0,
            "평단가":410,
            "전세실거래년":20220412.0,
            "전세실거래가":9000.0,
            "전세가율":90.0,
            "장기전세가율평균":"NA",
            "전세가율거품지수":"NA",
            "검색코드":109076,
            "세대수":526.0,
            "난방":"개별난방",
            "주차":"632 (세대당 1.2대)",
            "현관구조":"계단식",
            "관리비평균":null,
            "방수":3,
            "욕실개수":2,
            "준공년월":"2017-03-02",
            "준공년차":5.0,
            "가까운역이름":"NA",
            "가까운역거리":"NA",
            "역세권여부":"NA",
            "30분이내주요거점역":"NA",
            "30분거점역이름":"NA",
            "1시간이내주요거점역":"NA",
            "1시간거점역이름":"NA",
            "3km이내백화점수":0,
            "5km이내아울렛몰수":0,
            "1km이내대형먀트수":1,
            "500m이내은행수":0,
            "500m이내병원수":0,
            "5km이내대형병원수":0,
            "500m이내공원수":0,
            "3km이내혐오시설수":0,
            "초등학교학업성취도":89.92,
            "중학교학업성취도":80.9,
            "학원가":0,
            "학원수":0,
            "용적률":153,
            "건폐율":18,
            "Y":35.993108,
            "X":127.129836,
            "rank":2.0,
            "area_info":"24평(80.45),28평(94.02),34평(112.43)",
            "sales_info":"1.0억 (2022-03-11),1.61억 (2022-04-13),1.98억 (2022-03-01)",
            "last_sales":"2022-04-13,16100.0,28평(94.02)",
            "maintenance":"nan,nan,nan",
            "price_per":"410,566,582",
            "room":"3,3,3",
            "bath":"2,2,2",
            "rank_history":[
                [
                    "202204",
                    2
                ],
                [
                    "202203",
                    13
                ],
                [
                    "202202",
                    11
                ],
                [
                    "202201",
                    9
                ]
            ],
            "rank_gap":11
        },
        {
            "index":106,
            "아파트명":"혁신도시코오롱하늘채",
            "매매타입":"아파트",
            "전용면적(m2)":"106.87",
            "전용면적(평)":"32평",
            "법정동주소":"전라북도 완주군 이서면 갈산리 637",
            "도로명주소":"전라북도 완주군 출판로 25",
            "세대수":50,
            "입주년차":80,
            "용적률점수":"--",
            "건폐율점수":"--",
            "세대당주차수":30,
            "난방방식":30,
            "공급면적":"--",
            "전용률":"--",
            "욕실수":100,
            "현관타입":100,
            "주거총점":61.0,
            "지역구공급총점":0.0,
            "역세권":"NA",
            "30분내 이동가능 거점":"NA",
            "1시간내 이동가능 거점":"NA",
            "교통총점":"NA",
            "백화점":0,
            "아울렛몰":0,
            "대형마트":0,
            "은행":0,
            "병원":60,
            "종합병원":0,
            "공원":100,
            "혐오시설":0,
            "인프라총점":9.0,
            "초등학군":90.01,
            "중학군":52.58,
            "학군총점":60.066,
            "인구수":8.9,
            "인구증감":0.66,
            "인구총점":6.428,
            "일자리":8.01,
            "소득수준":71.55,
            "일자리총점":27.072,
            "가치 총점":39.9665,
            "매매실거래년":20220402.0,
            "매매실거래가":41000.0,
            "평단가":1268,
            "전세실거래년":20220328.0,
            "전세실거래가":21000.0,
            "전세가율":51.22,
            "장기전세가율평균":"NA",
            "전세가율거품지수":"NA",
            "검색코드":126667,
            "세대수":599.0,
            "난방":"개별난방",
            "주차":"726 (세대당 1.21대)",
            "현관구조":"계단식",
            "관리비평균":null,
            "방수":3,
            "욕실개수":2,
            "준공년월":"2014-06-20",
            "준공년차":8.0,
            "가까운역이름":"NA",
            "가까운역거리":"NA",
            "역세권여부":"NA",
            "30분이내주요거점역":"NA",
            "30분거점역이름":"NA",
            "1시간이내주요거점역":"NA",
            "1시간거점역이름":"NA",
            "3km이내백화점수":0,
            "5km이내아울렛몰수":0,
            "1km이내대형먀트수":0,
            "500m이내은행수":0,
            "500m이내병원수":14,
            "5km이내대형병원수":0,
            "500m이내공원수":2,
            "3km이내혐오시설수":0,
            "초등학교학업성취도":90.01,
            "중학교학업성취도":85.7,
            "학원가":3,
            "학원수":93,
            "용적률":158,
            "건폐율":14,
            "Y":35.841004,
            "X":127.054358,
            "rank":3.0,
            "area_info":"32평(106.87),32평(107.75)",
            "sales_info":"4.1억 (2022-04-02),4.05억 (2022-01-06)",
            "last_sales":"2022-04-02,41000.0,32평(106.87)",
            "maintenance":"nan,nan",
            "price_per":"1268,1242",
            "room":"3,3",
            "bath":"2,2",
            "rank_history":[
                [
                    "202204",
                    3
                ],
                [
                    "202203",
                    2
                ],
                [
                    "202202",
                    3
                ],
                [
                    "202201",
                    1
                ]
            ],
            "rank_gap":-1
        },
        {
            "index":97,
            "아파트명":"이노힐스",
            "매매타입":"아파트",
            "전용면적(m2)":"95.85",
            "전용면적(평)":"28평",
            "법정동주소":"전라북도 완주군 이서면 갈산리 645",
            "도로명주소":"전라북도 완주군 갈산1로 71",
            "세대수":50,
            "입주년차":80,
            "용적률점수":"--",
            "건폐율점수":"--",
            "세대당주차수":30,
            "난방방식":30,
            "공급면적":"--",
            "전용률":"--",
            "욕실수":100,
            "현관타입":100,
            "주거총점":61.0,
            "지역구공급총점":0.0,
            "역세권":"NA",
            "30분내 이동가능 거점":"NA",
            "1시간내 이동가능 거점":"NA",
            "교통총점":"NA",
            "백화점":0,
            "아울렛몰":0,
            "대형마트":0,
            "은행":0,
            "병원":60,
            "종합병원":0,
            "공원":100,
            "혐오시설":0,
            "인프라총점":9.0,
            "초등학군":90.01,
            "중학군":52.58,
            "학군총점":60.066,
            "인구수":8.9,
            "인구증감":0.66,
            "인구총점":6.428,
            "일자리":8.01,
            "소득수준":71.55,
            "일자리총점":27.072,
            "가치 총점":39.9665,
            "매매실거래년":20220413.0,
            "매매실거래가":41000.0,
            "평단가":1276,
            "전세실거래년":20211215.0,
            "전세실거래가":21000.0,
            "전세가율":56.76,
            "장기전세가율평균":"NA",
            "전세가율거품지수":"NA",
            "검색코드":104128,
            "세대수":656.0,
            "난방":"개별난방",
            "주차":"778 (세대당 1.19대)",
            "현관구조":"계단식",
            "관리비평균":null,
            "방수":3,
            "욕실개수":2,
            "준공년월":"2013-11-13",
            "준공년차":9.0,
            "가까운역이름":"NA",
            "가까운역거리":"NA",
            "역세권여부":"NA",
            "30분이내주요거점역":"NA",
            "30분거점역이름":"NA",
            "1시간이내주요거점역":"NA",
            "1시간거점역이름":"NA",
            "3km이내백화점수":0,
            "5km이내아울렛몰수":0,
            "1km이내대형먀트수":0,
            "500m이내은행수":0,
            "500m이내병원수":14,
            "5km이내대형병원수":0,
            "500m이내공원수":4,
            "3km이내혐오시설수":0,
            "초등학교학업성취도":90.01,
            "중학교학업성취도":85.7,
            "학원가":3,
            "학원수":93,
            "용적률":157,
            "건폐율":15,
            "Y":35.83814,
            "X":127.053228,
            "rank":3.0,
            "area_info":"28평(95.85),29평(96.42),33평(109.28),33평(109.15)",
            "sales_info":"3.7억 (2022-04-13),3.6억 (2021-10-21),4.1억 (2022-04-13),3.84억 (2022-01-22)",
            "last_sales":"2022-04-13,41000.0,33평(109.28)",
            "maintenance":"nan,nan,nan,nan",
            "price_per":"1276,1234,1240,1163",
            "room":"3,3,3,3",
            "bath":"2,2,2,2",
            "rank_history":[
                [
                    "202204",
                    3
                ],
                [
                    "202203",
                    5
                ],
                [
                    "202202",
                    5
                ],
                [
                    "202201",
                    3
                ]
            ],
            "rank_gap":2
        },
        {
            "index":10,
            "아파트명":"봉동광신프로그레스",
            "매매타입":"아파트",
            "전용면적(m2)":"90.77",
            "전용면적(평)":"27평",
            "법정동주소":"전라북도 완주군 봉동읍 낙평리 1249",
            "도로명주소":"전라북도 완주군 낙평장기로 10",
            "세대수":50,
            "입주년차":80,
            "용적률점수":"--",
            "건폐율점수":"--",
            "세대당주차수":30,
            "난방방식":30,
            "공급면적":"--",
            "전용률":"--",
            "욕실수":100,
            "현관타입":100,
            "주거총점":61.0,
            "지역구공급총점":0.0,
            "역세권":"NA",
            "30분내 이동가능 거점":"NA",
            "1시간내 이동가능 거점":"NA",
            "교통총점":"NA",
            "백화점":0,
            "아울렛몰":0,
            "대형마트":80,
            "은행":0,
            "병원":30,
            "종합병원":0,
            "공원":100,
            "혐오시설":0,
            "인프라총점":18.0,
            "초등학군":90.02,
            "중학군":33.78,
            "학군총점":45.028,
            "인구수":8.9,
            "인구증감":0.66,
            "인구총점":6.428,
            "일자리":8.01,
            "소득수준":71.55,
            "일자리총점":27.072,
            "가치 총점":39.807,
            "매매실거래년":20220407.0,
            "매매실거래가":17950.0,
            "평단가":581,
            "전세실거래년":20200322.0,
            "전세실거래가":12000.0,
            "전세가율":75.09,
            "장기전세가율평균":"NA",
            "전세가율거품지수":"NA",
            "검색코드":109916,
            "세대수":400.0,
            "난방":"개별난방",
            "주차":"473 (세대당 1.18대)",
            "현관구조":"계단식",
            "관리비평균":136771.0,
            "방수":3,
            "욕실개수":2,
            "준공년월":"2016-12-24",
            "준공년차":6.0,
            "가까운역이름":"NA",
            "가까운역거리":"NA",
            "역세권여부":"NA",
            "30분이내주요거점역":"NA",
            "30분거점역이름":"NA",
            "1시간이내주요거점역":"NA",
            "1시간거점역이름":"NA",
            "3km이내백화점수":0,
            "5km이내아울렛몰수":0,
            "1km이내대형먀트수":1,
            "500m이내은행수":0,
            "500m이내병원수":6,
            "5km이내대형병원수":0,
            "500m이내공원수":2,
            "3km이내혐오시설수":0,
            "초등학교학업성취도":90.02,
            "중학교학업성취도":56.3,
            "학원가":0,
            "학원수":0,
            "용적률":233,
            "건폐율":59,
            "Y":35.93364,
            "X":127.16649,
            "rank":4.0,
            "area_info":"27평(90.77),30평(101.46),33평(111.62)",
            "sales_info":"1.598억 (2022-04-07),1.795억 (2022-04-07),2.05억 (2022-01-01)",
            "last_sales":"2022-04-07,17950.0,30평(101.46)",
            "maintenance":"136771.0,157495.0,167678.0",
            "price_per":"581,584,607",
            "room":"3,3,3",
            "bath":"2,2,2",
            "rank_history":[
                [
                    "202204",
                    4
                ],
                [
                    "202203",
                    3
                ],
                [
                    "202202",
                    2
                ],
                [
                    "202201",
                    2
                ]
            ],
            "rank_gap":-1
        },
        {
            "index":79,
            "아파트명":"모아미래도센트럴시티1차",
            "매매타입":"분양권",
            "전용면적(m2)":"81.44",
            "전용면적(평)":"24평",
            "법정동주소":"전라북도 완주군 용진읍 운곡리 산 106-3 일원",
            "도로명주소":"전라북도 완주군",
            "세대수":80,
            "입주년차":100,
            "용적률점수":"--",
            "건폐율점수":"--",
            "세대당주차수":60,
            "난방방식":30,
            "공급면적":"--",
            "전용률":"--",
            "욕실수":100,
            "현관타입":100,
            "주거총점":80.0,
            "지역구공급총점":0.0,
            "역세권":"NA",
            "30분내 이동가능 거점":"NA",
            "1시간내 이동가능 거점":"NA",
            "교통총점":"NA",
            "백화점":0,
            "아울렛몰":0,
            "대형마트":0,
            "은행":0,
            "병원":0,
            "종합병원":0,
            "공원":0,
            "혐오시설":0,
            "인프라총점":0.0,
            "초등학군":90.03,
            "중학군":33.78,
            "학군총점":45.03,
            "인구수":8.9,
            "인구증감":0.66,
            "인구총점":6.428,
            "일자리":8.01,
            "소득수준":71.55,
            "일자리총점":27.072,
            "가치 총점":39.2575,
            "매매실거래년":18000101.0,
            "매매실거래가":null,
            "평단가":"nan",
            "전세실거래년":null,
            "전세실거래가":null,
            "전세가율":null,
            "장기전세가율평균":"NA",
            "전세가율거품지수":"NA",
            "검색코드":137947,
            "세대수":879.0,
            "난방":"개별난방",
            "주차":"1,155 (세대당 1.31대)",
            "현관구조":"계단식",
            "관리비평균":null,
            "방수":3,
            "욕실개수":2,
            "준공년월":"2023-02-01",
            "준공년차":-1.0,
            "가까운역이름":"NA",
            "가까운역거리":"NA",
            "역세권여부":"NA",
            "30분이내주요거점역":"NA",
            "30분거점역이름":"NA",
            "1시간이내주요거점역":"NA",
            "1시간거점역이름":"NA",
            "3km이내백화점수":0,
            "5km이내아울렛몰수":0,
            "1km이내대형먀트수":0,
            "500m이내은행수":1,
            "500m이내병원수":0,
            "5km이내대형병원수":0,
            "500m이내공원수":0,
            "3km이내혐오시설수":0,
            "초등학교학업성취도":90.03,
            "중학교학업성취도":56.3,
            "학원가":0,
            "학원수":0,
            "용적률":0,
            "건폐율":0,
            "Y":35.905078,
            "X":127.166812,
            "rank":5.0,
            "area_info":"24평(81.44),24평(81.09),32평(108.6)",
            "sales_info":"거래 정보 없음,거래 정보 없음,거래 정보 없음",
            "last_sales":"1800-01-01,nan,32평(108.6)",
            "maintenance":"nan,nan,nan",
            "price_per":"nan,nan,nan",
            "room":"3,3,4",
            "bath":"2,2,2",
            "rank_history":[
                [
                    "202204",
                    5
                ],
                [
                    "202203",
                    9999
                ]
            ],
            "rank_gap":9999
        },
        {
            "index":62,
            "아파트명":"완주삼봉지구우미린에코포레",
            "매매타입":"분양권",
            "전용면적(m2)":"92.44",
            "전용면적(평)":"27평",
            "법정동주소":"전라북도 완주군 삼례읍 수계리 수계리 완주삼봉지구 B-1BL",
            "도로명주소":"전라북도 완주군",
            "세대수":80,
            "입주년차":100,
            "용적률점수":"--",
            "건폐율점수":"--",
            "세대당주차수":30,
            "난방방식":30,
            "공급면적":"--",
            "전용률":"--",
            "욕실수":100,
            "현관타입":100,
            "주거총점":75.5,
            "지역구공급총점":0.0,
            "역세권":"NA",
            "30분내 이동가능 거점":"NA",
            "1시간내 이동가능 거점":"NA",
            "교통총점":"NA",
            "백화점":0,
            "아울렛몰":0,
            "대형마트":0,
            "은행":0,
            "병원":0,
            "종합병원":0,
            "공원":100,
            "혐오시설":0,
            "인프라총점":3.0,
            "초등학군":90.0,
            "중학군":33.78,
            "학군총점":45.024,
            "인구수":8.9,
            "인구증감":0.66,
            "인구총점":6.428,
            "일자리":8.01,
            "소득수준":71.55,
            "일자리총점":27.072,
            "가치 총점":38.881,
            "매매실거래년":18000101.0,
            "매매실거래가":null,
            "평단가":"nan",
            "전세실거래년":null,
            "전세실거래가":null,
            "전세가율":null,
            "장기전세가율평균":"NA",
            "전세가율거품지수":"NA",
            "검색코드":136610,
            "세대수":818.0,
            "난방":"개별난방",
            "주차":"1,065 (세대당 1.3대)",
            "현관구조":"계단식",
            "관리비평균":null,
            "방수":3,
            "욕실개수":2,
            "준공년월":"2022-12-01",
            "준공년차":0.0,
            "가까운역이름":"NA",
            "가까운역거리":"NA",
            "역세권여부":"NA",
            "30분이내주요거점역":"NA",
            "30분거점역이름":"NA",
            "1시간이내주요거점역":"NA",
            "1시간거점역이름":"NA",
            "3km이내백화점수":0,
            "5km이내아울렛몰수":0,
            "1km이내대형먀트수":0,
            "500m이내은행수":0,
            "500m이내병원수":0,
            "5km이내대형병원수":0,
            "500m이내공원수":8,
            "3km이내혐오시설수":0,
            "초등학교학업성취도":90.0,
            "중학교학업성취도":56.3,
            "학원가":0,
            "학원수":0,
            "용적률":0,
            "건폐율":0,
            "Y":35.923833,
            "X":127.12235,
            "rank":6.0,
            "area_info":"27평(92.44),31평(104.02),33평(111.61),33평(112.39)",
            "sales_info":"거래 정보 없음,거래 정보 없음,거래 정보 없음,거래 정보 없음",
            "last_sales":"1800-01-01,nan,33평(112.39)",
            "maintenance":"nan,nan,nan,nan",
            "price_per":"nan,nan,nan,nan",
            "room":"3,3,3,3",
            "bath":"2,2,2,2",
            "rank_history":[
                [
                    "202204",
                    6
                ],
                [
                    "202203",
                    9999
                ]
            ],
            "rank_gap":9999
        },
        {
            "index":22,
            "아파트명":"전주첨단코아루",
            "매매타입":"아파트",
            "전용면적(m2)":"79.69",
            "전용면적(평)":"24평",
            "법정동주소":"전라북도 완주군 봉동읍 둔산리 898-2",
            "도로명주소":"전라북도 완주군 둔산3로 63",
            "세대수":80,
            "입주년차":40,
            "용적률점수":"--",
            "건폐율점수":"--",
            "세대당주차수":0,
            "난방방식":30,
            "공급면적":"--",
            "전용률":"--",
            "욕실수":100,
            "현관타입":100,
            "주거총점":59.0,
            "지역구공급총점":0.0,
            "역세권":"NA",
            "30분내 이동가능 거점":"NA",
            "1시간내 이동가능 거점":"NA",
            "교통총점":"NA",
            "백화점":0,
            "아울렛몰":0,
            "대형마트":0,
            "은행":0,
            "병원":60,
            "종합병원":0,
            "공원":100,
            "혐오시설":0,
            "인프라총점":9.0,
            "초등학군":90.01,
            "중학군":49.3,
            "학군총점":57.442,
            "인구수":8.9,
            "인구증감":0.66,
            "인구총점":6.428,
            "일자리":8.01,
            "소득수준":71.55,
            "일자리총점":27.072,
            "가치 총점":38.6105,
            "매매실거래년":20220401.0,
            "매매실거래가":13700.0,
            "평단가":568,
            "전세실거래년":20220128.0,
            "전세실거래가":9450.0,
            "전세가율":68.98,
            "장기전세가율평균":"NA",
            "전세가율거품지수":"NA",
            "검색코드":19695,
            "세대수":757.0,
            "난방":"개별난방",
            "주차":"726 (세대당 0.96대)",
            "현관구조":"계단식",
            "관리비평균":112862.0,
            "방수":3,
            "욕실개수":2,
            "준공년월":"2005-04-30",
            "준공년차":17.0,
            "가까운역이름":"NA",
            "가까운역거리":"NA",
            "역세권여부":"NA",
            "30분이내주요거점역":"NA",
            "30분거점역이름":"NA",
            "1시간이내주요거점역":"NA",
            "1시간거점역이름":"NA",
            "3km이내백화점수":0,
            "5km이내아울렛몰수":0,
            "1km이내대형먀트수":0,
            "500m이내은행수":0,
            "500m이내병원수":11,
            "5km이내대형병원수":0,
            "500m이내공원수":8,
            "3km이내혐오시설수":0,
            "초등학교학업성취도":90.01,
            "중학교학업성취도":80.9,
            "학원가":1,
            "학원수":16,
            "용적률":226,
            "건폐율":20,
            "Y":35.961525,
            "X":127.12558,
            "rank":7.0,
            "area_info":"24평(79.69),33평(109.23),34평(112.47)",
            "sales_info":"1.37억 (2022-04-01),1.44억 (2022-03-20),1.43억 (2022-03-30)",
            "last_sales":"2022-04-01,13700.0,24평(79.69)",
            "maintenance":"112862.0,159907.0,159984.0",
            "price_per":"568,435,420",
            "room":"3,3,3",
            "bath":"2,2,2",
            "rank_history":[
                [
                    "202204",
                    7
                ],
                [
                    "202203",
                    4
                ],
                [
                    "202202",
                    4
                ],
                [
                    "202201",
                    4
                ]
            ],
            "rank_gap":-3
        },
        {
            "index":70,
            "아파트명":"신세대지큐빌",
            "매매타입":"아파트",
            "전용면적(m2)":"79.71",
            "전용면적(평)":"24평",
            "법정동주소":"전라북도 완주군 상관면 신리 607",
            "도로명주소":"전라북도 완주군 신리로 99",
            "세대수":80,
            "입주년차":20,
            "용적률점수":"--",
            "건폐율점수":"--",
            "세대당주차수":0,
            "난방방식":30,
            "공급면적":"--",
            "전용률":"--",
            "욕실수":50,
            "현관타입":100,
            "주거총점":50.0,
            "지역구공급총점":0.0,
            "역세권":"NA",
            "30분내 이동가능 거점":"NA",
            "1시간내 이동가능 거점":"NA",
            "교통총점":"NA",
            "백화점":0,
            "아울렛몰":0,
            "대형마트":80,
            "은행":0,
            "병원":0,
            "종합병원":0,
            "공원":0,
            "혐오시설":0,
            "인프라총점":12.0,
            "초등학군":90.02,
            "중학군":55.44,
            "학군총점":62.356,
            "인구수":8.9,
            "인구증감":0.66,
            "인구총점":6.428,
            "일자리":8.01,
            "소득수준":71.55,
            "일자리총점":27.072,
            "가치 총점":37.889,
            "매매실거래년":20220410.0,
            "매매실거래가":7500.0,
            "평단가":311,
            "전세실거래년":20220312.0,
            "전세실거래가":6500.0,
            "전세가율":86.67,
            "장기전세가율평균":"NA",
            "전세가율거품지수":"NA",
            "검색코드":14997,
            "세대수":826.0,
            "난방":"개별난방",
            "주차":"649 (세대당 0.79대)",
            "현관구조":"계단식",
            "관리비평균":107159.0,
            "방수":3,
            "욕실개수":1,
            "준공년월":"2001-08-11",
            "준공년차":21.0,
            "가까운역이름":"NA",
            "가까운역거리":"NA",
            "역세권여부":"NA",
            "30분이내주요거점역":"NA",
            "30분거점역이름":"NA",
            "1시간이내주요거점역":"NA",
            "1시간거점역이름":"NA",
            "3km이내백화점수":0,
            "5km이내아울렛몰수":0,
            "1km이내대형먀트수":1,
            "500m이내은행수":0,
            "500m이내병원수":0,
            "5km이내대형병원수":0,
            "500m이내공원수":0,
            "3km이내혐오시설수":0,
            "초등학교학업성취도":90.02,
            "중학교학업성취도":92.4,
            "학원가":0,
            "학원수":0,
            "용적률":245,
            "건폐율":21,
            "Y":35.770079,
            "X":127.207386,
            "rank":8.0,
            "area_info":"24평(79.71),32평(107.4),32평(107.04),42평(139.6)",
            "sales_info":"0.75억 (2022-04-10),1.35억 (2022-03-17),1.2억 (2021-01-11),1.6억 (2022-04-03)",
            "last_sales":"2022-04-10,7500.0,24평(79.71)",
            "maintenance":"107159.0,152056.0,151725.0,205648.0",
            "price_per":"311,415,370,378",
            "room":"3,3,3,4",
            "bath":"1,2,2,2",
            "rank_history":[
                [
                    "202204",
                    8
                ],
                [
                    "202203",
                    6
                ],
                [
                    "202202",
                    6
                ],
                [
                    "202201",
                    11
                ]
            ],
            "rank_gap":-2
        },
        {
            "index":58,
            "아파트명":"완주삼봉 A-2블록 신혼희망타운",
            "매매타입":"분양권",
            "전용면적(m2)":"77.51",
            "전용면적(평)":"23평",
            "법정동주소":"전라북도 완주군 삼례읍 완주삼봉 A-2블록",
            "도로명주소":"전라북도 완주군",
            "세대수":80,
            "입주년차":100,
            "용적률점수":"--",
            "건폐율점수":"--",
            "세대당주차수":0,
            "난방방식":30,
            "공급면적":"--",
            "전용률":"--",
            "욕실수":100,
            "현관타입":100,
            "주거총점":71.0,
            "지역구공급총점":0.0,
            "역세권":"NA",
            "30분내 이동가능 거점":"NA",
            "1시간내 이동가능 거점":"NA",
            "교통총점":"NA",
            "백화점":0,
            "아울렛몰":0,
            "대형마트":0,
            "은행":0,
            "병원":0,
            "종합병원":0,
            "공원":100,
            "혐오시설":0,
            "인프라총점":3.0,
            "초등학군":90.0,
            "중학군":33.78,
            "학군총점":45.024,
            "인구수":8.9,
            "인구증감":0.66,
            "인구총점":6.428,
            "일자리":8.01,
            "소득수준":71.55,
            "일자리총점":27.072,
            "가치 총점":37.306,
            "매매실거래년":18000101.0,
            "매매실거래가":null,
            "평단가":"nan",
            "전세실거래년":null,
            "전세실거래가":null,
            "전세가율":null,
            "장기전세가율평균":"NA",
            "전세가율거품지수":"NA",
            "검색코드":128969,
            "세대수":820.0,
            "난방":"개별난방",
            "주차":"0 (세대당 0.0대)",
            "현관구조":"계단식",
            "관리비평균":null,
            "방수":2,
            "욕실개수":2,
            "준공년월":"2022-06-01",
            "준공년차":0.0,
            "가까운역이름":"NA",
            "가까운역거리":"NA",
            "역세권여부":"NA",
            "30분이내주요거점역":"NA",
            "30분거점역이름":"NA",
            "1시간이내주요거점역":"NA",
            "1시간거점역이름":"NA",
            "3km이내백화점수":0,
            "5km이내아울렛몰수":0,
            "1km이내대형먀트수":0,
            "500m이내은행수":0,
            "500m이내병원수":0,
            "5km이내대형병원수":0,
            "500m이내공원수":10,
            "3km이내혐오시설수":0,
            "초등학교학업성취도":90.0,
            "중학교학업성취도":56.3,
            "학원가":0,
            "학원수":0,
            "용적률":0,
            "건폐율":0,
            "Y":35.924366,
            "X":127.119356,
            "rank":9.0,
            "area_info":"23평(77.51),24평(82.6),24평(82.58),25평(83.06)",
            "sales_info":"거래 정보 없음,거래 정보 없음,거래 정보 없음,거래 정보 없음",
            "last_sales":"1800-01-01,nan,25평(83.06)",
            "maintenance":"nan,nan,nan,nan",
            "price_per":"nan,nan,nan,nan",
            "room":"2,3,3,3",
            "bath":"2,2,2,2",
            "rank_history":[
                [
                    "202204",
                    9
                ],
                [
                    "202203",
                    9999
                ]
            ],
            "rank_gap":9999
        },
        {
            "index":93,
            "아파트명":"완주이서양우내안애퍼스트힐",
            "매매타입":"분양권",
            "전용면적(m2)":"79.54",
            "전용면적(평)":"24평",
            "법정동주소":"전라북도 완주군 이서면 은교리 653-4",
            "도로명주소":"전라북도 완주군",
            "세대수":50,
            "입주년차":100,
            "용적률점수":"--",
            "건폐율점수":"--",
            "세대당주차수":30,
            "난방방식":30,
            "공급면적":"--",
            "전용률":"--",
            "욕실수":100,
            "현관타입":100,
            "주거총점":65.0,
            "지역구공급총점":0.0,
            "역세권":"NA",
            "30분내 이동가능 거점":"NA",
            "1시간내 이동가능 거점":"NA",
            "교통총점":"NA",
            "백화점":0,
            "아울렛몰":0,
            "대형마트":0,
            "은행":0,
            "병원":0,
            "종합병원":0,
            "공원":0,
            "혐오시설":0,
            "인프라총점":0.0,
            "초등학군":90.01,
            "중학군":48.06,
            "학군총점":56.45,
            "인구수":8.9,
            "인구증감":0.66,
            "인구총점":6.428,
            "일자리":8.01,
            "소득수준":71.55,
            "일자리총점":27.072,
            "가치 총점":36.8625,
            "매매실거래년":20220412.0,
            "매매실거래가":20490.0,
            "평단가":851,
            "전세실거래년":null,
            "전세실거래가":null,
            "전세가율":null,
            "장기전세가율평균":"NA",
            "전세가율거품지수":"NA",
            "검색코드":123973,
            "세대수":490.0,
            "난방":"개별난방",
            "주차":"595 (세대당 1.21대)",
            "현관구조":"계단식",
            "관리비평균":null,
            "방수":3,
            "욕실개수":2,
            "준공년월":"2023-04-01",
            "준공년차":-1.0,
            "가까운역이름":"NA",
            "가까운역거리":"NA",
            "역세권여부":"NA",
            "30분이내주요거점역":"NA",
            "30분거점역이름":"NA",
            "1시간이내주요거점역":"NA",
            "1시간거점역이름":"NA",
            "3km이내백화점수":0,
            "5km이내아울렛몰수":0,
            "1km이내대형먀트수":0,
            "500m이내은행수":0,
            "500m이내병원수":0,
            "5km이내대형병원수":0,
            "500m이내공원수":0,
            "3km이내혐오시설수":0,
            "초등학교학업성취도":90.01,
            "중학교학업성취도":80.1,
            "학원가":0,
            "학원수":0,
            "용적률":143,
            "건폐율":19,
            "Y":35.815601,
            "X":127.011113,
            "rank":10.0,
            "area_info":"24평(79.54),24평(79.54),29평(97.33),31평(105.37)",
            "sales_info":"2.049억 (2022-02-11),거래 정보 없음,2.049억 (2022-04-12),2.775억 (2022-02-16)",
            "last_sales":"2022-04-12,20490.0,29평(97.33)",
            "maintenance":"nan,nan,nan,nan",
            "price_per":"851,nan,695,870",
            "room":"3,3,3,3",
            "bath":"2,2,2,2",
            "rank_history":[
                [
                    "202204",
                    10
                ],
                [
                    "202203",
                    9999
                ]
            ],
            "rank_gap":9999
        },
        {
            "index":3,
            "아파트명":"라송센트럴카운티",
            "매매타입":"아파트",
            "전용면적(m2)":"93.19",
            "전용면적(평)":"28평",
            "법정동주소":"전라북도 완주군 봉동읍 둔산리 871-1",
            "도로명주소":"전라북도 완주군 둔산1로 107",
            "세대수":50,
            "입주년차":60,
            "용적률점수":"--",
            "건폐율점수":"--",
            "세대당주차수":30,
            "난방방식":30,
            "공급면적":"--",
            "전용률":"--",
            "욕실수":100,
            "현관타입":100,
            "주거총점":57.0,
            "지역구공급총점":0.0,
            "역세권":"NA",
            "30분내 이동가능 거점":"NA",
            "1시간내 이동가능 거점":"NA",
            "교통총점":"NA",
            "백화점":0,
            "아울렛몰":0,
            "대형마트":0,
            "은행":0,
            "병원":30,
            "종합병원":0,
            "공원":100,
            "혐오시설":0,
            "인프라총점":6.0,
            "초등학군":90.02,
            "중학군":49.3,
            "학군총점":57.444,
            "인구수":8.9,
            "인구증감":0.66,
            "인구총점":6.428,
            "일자리":8.01,
            "소득수준":71.55,
            "일자리총점":27.072,
            "가치 총점":36.711,
            "매매실거래년":20220402.0,
            "매매실거래가":13900.0,
            "평단가":493,
            "전세실거래년":20220117.0,
            "전세실거래가":13000.0,
            "전세가율":93.53,
            "장기전세가율평균":"NA",
            "전세가율거품지수":"NA",
            "검색코드":102928,
            "세대수":620.0,
            "난방":"개별난방",
            "주차":"642 (세대당 1.04대)",
            "현관구조":"계단식",
            "관리비평균":112697.0,
            "방수":3,
            "욕실개수":2,
            "준공년월":"2009-09-09",
            "준공년차":13.0,
            "가까운역이름":"NA",
            "가까운역거리":"NA",
            "역세권여부":"NA",
            "30분이내주요거점역":"NA",
            "30분거점역이름":"NA",
            "1시간이내주요거점역":"NA",
            "1시간거점역이름":"NA",
            "3km이내백화점수":0,
            "5km이내아울렛몰수":0,
            "1km이내대형먀트수":0,
            "500m이내은행수":0,
            "500m이내병원수":5,
            "5km이내대형병원수":0,
            "500m이내공원수":4,
            "3km이내혐오시설수":0,
            "초등학교학업성취도":90.02,
            "중학교학업성취도":80.9,
            "학원가":1,
            "학원수":16,
            "용적률":219,
            "건폐율":24,
            "Y":35.961141,
            "X":127.121105,
            "rank":11.0,
            "area_info":"28평(93.19),34평(114.77),34평(114.77),34평(115.39),36평(122.15)",
            "sales_info":"1.39억 (2022-04-02),1.68억 (2022-02-26),거래 정보 없음,1.68억 (2022-03-26),거래 정보 없음",
            "last_sales":"2022-04-02,13900.0,28평(93.19)",
            "maintenance":"112697.0,133578.0,133578.0,133497.0,133497.0",
            "price_per":"493,483,nan,481,nan",
            "room":"3,3,3,3,3",
            "bath":"2,2,2,2,2",
            "rank_history":[
                [
                    "202204",
                    11
                ],
                [
                    "202203",
                    8
                ],
                [
                    "202202",
                    7
                ],
                [
                    "202201",
                    5
                ]
            ],
            "rank_gap":-3
        },
        {
            "index":18,
            "아파트명":"전주과학산업단지벽산e-솔렌스힐",
            "매매타입":"아파트",
            "전용면적(m2)":"100.88",
            "전용면적(평)":"30평",
            "법정동주소":"전라북도 완주군 봉동읍 둔산리 873-2",
            "도로명주소":"전라북도 완주군 둔산3로 119-7",
            "세대수":50,
            "입주년차":60,
            "용적률점수":"--",
            "건폐율점수":"--",
            "세대당주차수":30,
            "난방방식":30,
            "공급면적":"--",
            "전용률":"--",
            "욕실수":100,
            "현관타입":100,
            "주거총점":57.0,
            "지역구공급총점":0.0,
            "역세권":"NA",
            "30분내 이동가능 거점":"NA",
            "1시간내 이동가능 거점":"NA",
            "교통총점":"NA",
            "백화점":0,
            "아울렛몰":0,
            "대형마트":0,
            "은행":0,
            "병원":30,
            "종합병원":0,
            "공원":100,
            "혐오시설":0,
            "인프라총점":6.0,
            "초등학군":90.01,
            "중학군":49.3,
            "학군총점":57.442,
            "인구수":8.9,
            "인구증감":0.66,
            "인구총점":6.428,
            "일자리":8.01,
            "소득수준":71.55,
            "일자리총점":27.072,
            "가치 총점":36.7105,
            "매매실거래년":20220403.0,
            "매매실거래가":17000.0,
            "평단가":557,
            "전세실거래년":20220408.0,
            "전세실거래가":13600.0,
            "전세가율":80.0,
            "장기전세가율평균":"NA",
            "전세가율거품지수":"NA",
            "검색코드":105223,
            "세대수":525.0,
            "난방":"개별난방",
            "주차":"536 (세대당 1.02대)",
            "현관구조":"계단식",
            "관리비평균":157087.0,
            "방수":3,
            "욕실개수":2,
            "준공년월":"2012-06-22",
            "준공년차":10.0,
            "가까운역이름":"NA",
            "가까운역거리":"NA",
            "역세권여부":"NA",
            "30분이내주요거점역":"NA",
            "30분거점역이름":"NA",
            "1시간이내주요거점역":"NA",
            "1시간거점역이름":"NA",
            "3km이내백화점수":0,
            "5km이내아울렛몰수":0,
            "1km이내대형먀트수":0,
            "500m이내은행수":0,
            "500m이내병원수":8,
            "5km이내대형병원수":0,
            "500m이내공원수":5,
            "3km이내혐오시설수":0,
            "초등학교학업성취도":90.01,
            "중학교학업성취도":80.9,
            "학원가":1,
            "학원수":16,
            "용적률":198,
            "건폐율":20,
            "Y":35.964858,
            "X":127.125355,
            "rank":12.0,
            "area_info":"30평(100.88),33평(109.58)",
            "sales_info":"1.7억 (2022-04-03),1.67억 (2022-03-28)",
            "last_sales":"2022-04-03,17000.0,30평(100.88)",
            "maintenance":"157087.0,175757.0",
            "price_per":"557,503",
            "room":"3,3",
            "bath":"2,2",
            "rank_history":[
                [
                    "202204",
                    12
                ],
                [
                    "202203",
                    9
                ],
                [
                    "202202",
                    8
                ],
                [
                    "202201",
                    8
                ]
            ],
            "rank_gap":-3
        },
        {
            "index":25,
            "아파트명":"전주첨단코아루2차",
            "매매타입":"아파트",
            "전용면적(m2)":"103.96",
            "전용면적(평)":"31평",
            "법정동주소":"전라북도 완주군 봉동읍 둔산리 873-3",
            "도로명주소":"전라북도 완주군 둔산1로 130",
            "세대수":50,
            "입주년차":40,
            "용적률점수":"--",
            "건폐율점수":"--",
            "세대당주차수":30,
            "난방방식":30,
            "공급면적":"--",
            "전용률":"--",
            "욕실수":100,
            "현관타입":100,
            "주거총점":53.0,
            "지역구공급총점":0.0,
            "역세권":"NA",
            "30분내 이동가능 거점":"NA",
            "1시간내 이동가능 거점":"NA",
            "교통총점":"NA",
            "백화점":0,
            "아울렛몰":0,
            "대형마트":0,
            "은행":0,
            "병원":60,
            "종합병원":0,
            "공원":100,
            "혐오시설":0,
            "인프라총점":9.0,
            "초등학군":90.01,
            "중학군":49.3,
            "학군총점":57.442,
            "인구수":8.9,
            "인구증감":0.66,
            "인구총점":6.428,
            "일자리":8.01,
            "소득수준":71.55,
            "일자리총점":27.072,
            "가치 총점":36.5105,
            "매매실거래년":20220225.0,
            "매매실거래가":16800.0,
            "평단가":486,
            "전세실거래년":20220117.0,
            "전세실거래가":14500.0,
            "전세가율":94.77,
            "장기전세가율평균":"NA",
            "전세가율거품지수":"NA",
            "검색코드":101158,
            "세대수":516.0,
            "난방":"개별난방",
            "주차":"558 (세대당 1.08대)",
            "현관구조":"계단식",
            "관리비평균":162887.0,
            "방수":3,
            "욕실개수":2,
            "준공년월":"2006-05-17",
            "준공년차":16.0,
            "가까운역이름":"NA",
            "가까운역거리":"NA",
            "역세권여부":"NA",
            "30분이내주요거점역":"NA",
            "30분거점역이름":"NA",
            "1시간이내주요거점역":"NA",
            "1시간거점역이름":"NA",
            "3km이내백화점수":0,
            "5km이내아울렛몰수":0,
            "1km이내대형먀트수":0,
            "500m이내은행수":0,
            "500m이내병원수":11,
            "5km이내대형병원수":0,
            "500m이내공원수":8,
            "3km이내혐오시설수":0,
            "초등학교학업성취도":90.01,
            "중학교학업성취도":80.9,
            "학원가":1,
            "학원수":16,
            "용적률":217,
            "건폐율":23,
            "Y":35.963052,
            "X":127.12359,
            "rank":13.0,
            "area_info":"31평(103.96),35평(118.4)",
            "sales_info":"1.53억 (2022-01-17),1.68억 (2022-02-25)",
            "last_sales":"2022-02-25,16800.0,35평(118.4)",
            "maintenance":"162887.0,184810.0",
            "price_per":"486,469",
            "room":"3,3",
            "bath":"2,2",
            "rank_history":[
                [
                    "202204",
                    13
                ],
                [
                    "202203",
                    10
                ],
                [
                    "202202",
                    9
                ],
                [
                    "202201",
                    10
                ]
            ],
            "rank_gap":-3
        },
        {
            "index":8,
            "아파트명":"모아엘가",
            "매매타입":"아파트",
            "전용면적(m2)":"90.11",
            "전용면적(평)":"27평",
            "법정동주소":"전라북도 완주군 봉동읍 둔산리 864-5",
            "도로명주소":"전라북도 완주군 둔산1로 131",
            "세대수":50,
            "입주년차":60,
            "용적률점수":"--",
            "건폐율점수":"--",
            "세대당주차수":30,
            "난방방식":30,
            "공급면적":"--",
            "전용률":"--",
            "욕실수":100,
            "현관타입":100,
            "주거총점":57.0,
            "지역구공급총점":0.0,
            "역세권":"NA",
            "30분내 이동가능 거점":"NA",
            "1시간내 이동가능 거점":"NA",
            "교통총점":"NA",
            "백화점":0,
            "아울렛몰":0,
            "대형마트":0,
            "은행":0,
            "병원":10,
            "종합병원":0,
            "공원":100,
            "혐오시설":0,
            "인프라총점":4.0,
            "초등학군":90.02,
            "중학군":49.3,
            "학군총점":57.444,
            "인구수":8.9,
            "인구증감":0.66,
            "인구총점":6.428,
            "일자리":8.01,
            "소득수준":71.55,
            "일자리총점":27.072,
            "가치 총점":35.911,
            "매매실거래년":20220329.0,
            "매매실거래가":14500.0,
            "평단가":531,
            "전세실거래년":20220308.0,
            "전세실거래가":12000.0,
            "전세가율":82.76,
            "장기전세가율평균":"NA",
            "전세가율거품지수":"NA",
            "검색코드":116518,
            "세대수":408.0,
            "난방":"개별난방",
            "주차":"426 (세대당 1.04대)",
            "현관구조":"계단식",
            "관리비평균":null,
            "방수":3,
            "욕실개수":2,
            "준공년월":"2012-01-03",
            "준공년차":10.0,
            "가까운역이름":"NA",
            "가까운역거리":"NA",
            "역세권여부":"NA",
            "30분이내주요거점역":"NA",
            "30분거점역이름":"NA",
            "1시간이내주요거점역":"NA",
            "1시간거점역이름":"NA",
            "3km이내백화점수":0,
            "5km이내아울렛몰수":0,
            "1km이내대형먀트수":0,
            "500m이내은행수":0,
            "500m이내병원수":4,
            "5km이내대형병원수":0,
            "500m이내공원수":6,
            "3km이내혐오시설수":0,
            "초등학교학업성취도":90.02,
            "중학교학업성취도":80.9,
            "학원가":1,
            "학원수":16,
            "용적률":169,
            "건폐율":19,
            "Y":35.963217,
            "X":127.121245,
            "rank":14.0,
            "area_info":"27평(90.11),27평(90.12)",
            "sales_info":"1.45억 (2022-03-29),거래 정보 없음",
            "last_sales":"2022-03-29,14500.0,27평(90.11)",
            "maintenance":"nan,nan",
            "price_per":"531,nan",
            "room":"3,3",
            "bath":"2,2",
            "rank_history":[
                [
                    "202204",
                    14
                ],
                [
                    "202203",
                    12
                ],
                [
                    "202202",
                    10
                ],
                [
                    "202201",
                    7
                ]
            ],
            "rank_gap":-2
        },
        {
            "index":66,
            "아파트명":"완주삼봉지구중흥S-클래스에듀파크",
            "매매타입":"분양권",
            "전용면적(m2)":"108.9",
            "전용면적(평)":"32평",
            "법정동주소":"전라북도 완주군 삼례읍 수계리 완주삼봉지구 B-3BL",
            "도로명주소":"전라북도 완주군",
            "세대수":50,
            "입주년차":100,
            "용적률점수":"--",
            "건폐율점수":"--",
            "세대당주차수":30,
            "난방방식":30,
            "공급면적":"--",
            "전용률":"--",
            "욕실수":100,
            "현관타입":100,
            "주거총점":65.0,
            "지역구공급총점":0.0,
            "역세권":"NA",
            "30분내 이동가능 거점":"NA",
            "1시간내 이동가능 거점":"NA",
            "교통총점":"NA",
            "백화점":0,
            "아울렛몰":0,
            "대형마트":0,
            "은행":0,
            "병원":0,
            "종합병원":0,
            "공원":100,
            "혐오시설":0,
            "인프라총점":3.0,
            "초등학군":90.0,
            "중학군":36.12,
            "학군총점":46.896,
            "인구수":8.9,
            "인구증감":0.66,
            "인구총점":6.428,
            "일자리":8.01,
            "소득수준":71.55,
            "일자리총점":27.072,
            "가치 총점":35.674,
            "매매실거래년":18000101.0,
            "매매실거래가":null,
            "평단가":"nan",
            "전세실거래년":null,
            "전세실거래가":null,
            "전세가율":null,
            "장기전세가율평균":"NA",
            "전세가율거품지수":"NA",
            "검색코드":138044,
            "세대수":634.0,
            "난방":"개별난방",
            "주차":"825 (세대당 1.3대)",
            "현관구조":"계단식",
            "관리비평균":null,
            "방수":3,
            "욕실개수":2,
            "준공년월":"2024-01-01",
            "준공년차":-2.0,
            "가까운역이름":"NA",
            "가까운역거리":"NA",
            "역세권여부":"NA",
            "30분이내주요거점역":"NA",
            "30분거점역이름":"NA",
            "1시간이내주요거점역":"NA",
            "1시간거점역이름":"NA",
            "3km이내백화점수":0,
            "5km이내아울렛몰수":0,
            "1km이내대형먀트수":0,
            "500m이내은행수":0,
            "500m이내병원수":0,
            "5km이내대형병원수":0,
            "500m이내공원수":10,
            "3km이내혐오시설수":0,
            "초등학교학업성취도":90.0,
            "중학교학업성취도":59.4,
            "학원가":0,
            "학원수":0,
            "용적률":0,
            "건폐율":0,
            "Y":35.920427,
            "X":127.118035,
            "rank":15.0,
            "area_info":"32평(108.9)",
            "sales_info":"거래 정보 없음",
            "last_sales":"1800-01-01,nan,32평(108.9)",
            "maintenance":"nan",
            "price_per":"nan",
            "room":"3",
            "bath":"2",
            "rank_history":[
                [
                    "202204",
                    15
                ],
                [
                    "202203",
                    9999
                ]
            ],
            "rank_gap":9999
        },
        {
            "index":67,
            "아파트명":"완주푸르지오더퍼스트",
            "매매타입":"분양권",
            "전용면적(m2)":"93.86",
            "전용면적(평)":"28평",
            "법정동주소":"전라북도 완주군 삼례읍 수계리 705번지일원 (완주삼봉지구 B-2BL)",
            "도로명주소":"전라북도 완주군",
            "세대수":50,
            "입주년차":100,
            "용적률점수":"--",
            "건폐율점수":"--",
            "세대당주차수":30,
            "난방방식":30,
            "공급면적":"--",
            "전용률":"--",
            "욕실수":100,
            "현관타입":100,
            "주거총점":65.0,
            "지역구공급총점":0.0,
            "역세권":"NA",
            "30분내 이동가능 거점":"NA",
            "1시간내 이동가능 거점":"NA",
            "교통총점":"NA",
            "백화점":0,
            "아울렛몰":0,
            "대형마트":0,
            "은행":0,
            "병원":0,
            "종합병원":0,
            "공원":100,
            "혐오시설":0,
            "인프라총점":3.0,
            "초등학군":90.0,
            "중학군":33.78,
            "학군총점":45.024,
            "인구수":8.9,
            "인구증감":0.66,
            "인구총점":6.428,
            "일자리":8.01,
            "소득수준":71.55,
            "일자리총점":27.072,
            "가치 총점":35.206,
            "매매실거래년":18000101.0,
            "매매실거래가":null,
            "평단가":"nan",
            "전세실거래년":null,
            "전세실거래가":null,
            "전세가율":null,
            "장기전세가율평균":"NA",
            "전세가율거품지수":"NA",
            "검색코드":135748,
            "세대수":605.0,
            "난방":"개별난방",
            "주차":"761 (세대당 1.26대)",
            "현관구조":"계단식",
            "관리비평균":null,
            "방수":3,
            "욕실개수":2,
            "준공년월":"2022-11-01",
            "준공년차":0.0,
            "가까운역이름":"NA",
            "가까운역거리":"NA",
            "역세권여부":"NA",
            "30분이내주요거점역":"NA",
            "30분거점역이름":"NA",
            "1시간이내주요거점역":"NA",
            "1시간거점역이름":"NA",
            "3km이내백화점수":0,
            "5km이내아울렛몰수":0,
            "1km이내대형먀트수":0,
            "500m이내은행수":0,
            "500m이내병원수":0,
            "5km이내대형병원수":0,
            "500m이내공원수":12,
            "3km이내혐오시설수":0,
            "초등학교학업성취도":90.0,
            "중학교학업성취도":56.3,
            "학원가":0,
            "학원수":0,
            "용적률":170,
            "건폐율":0,
            "Y":35.921138,
            "X":127.120579,
            "rank":16.0,
            "area_info":"28평(93.86),32평(106.98),32평(107.04)",
            "sales_info":"거래 정보 없음,거래 정보 없음,거래 정보 없음",
            "last_sales":"1800-01-01,nan,32평(107.04)",
            "maintenance":"nan,nan,nan",
            "price_per":"nan,nan,nan",
            "room":"3,4,3",
            "bath":"2,2,2",
            "rank_history":[
                [
                    "202204",
                    16
                ],
                [
                    "202203",
                    9999
                ]
            ],
            "rank_gap":9999
        },
        {
            "index":101,
            "아파트명":"지엘하늘가",
            "매매타입":"아파트",
            "전용면적(m2)":"50.66",
            "전용면적(평)":"15평",
            "법정동주소":"전라북도 완주군 이서면 상개리 546-6",
            "도로명주소":"전라북도 완주군 이서로 90-11",
            "세대수":50,
            "입주년차":40,
            "용적률점수":"--",
            "건폐율점수":"--",
            "세대당주차수":0,
            "난방방식":30,
            "공급면적":"--",
            "전용률":"--",
            "욕실수":50,
            "현관타입":100,
            "주거총점":43.5,
            "지역구공급총점":0.0,
            "역세권":"NA",
            "30분내 이동가능 거점":"NA",
            "1시간내 이동가능 거점":"NA",
            "교통총점":"NA",
            "백화점":0,
            "아울렛몰":0,
            "대형마트":80,
            "은행":0,
            "병원":0,
            "종합병원":0,
            "공원":0,
            "혐오시설":0,
            "인프라총점":12.0,
            "초등학군":90.01,
            "중학군":48.06,
            "학군총점":56.45,
            "인구수":8.9,
            "인구증감":0.66,
            "인구총점":6.428,
            "일자리":8.01,
            "소득수준":71.55,
            "일자리총점":27.072,
            "가치 총점":34.1375,
            "매매실거래년":20220412.0,
            "매매실거래가":5300.0,
            "평단가":345,
            "전세실거래년":20210518.0,
            "전세실거래가":3000.0,
            "전세가율":56.6,
            "장기전세가율평균":"NA",
            "전세가율거품지수":"NA",
            "검색코드":106484,
            "세대수":402.0,
            "난방":"개별난방",
            "주차":"289 (세대당 0.72대)",
            "현관구조":"계단식",
            "관리비평균":89109.0,
            "방수":2,
            "욕실개수":1,
            "준공년월":"2004-12-10",
            "준공년차":18.0,
            "가까운역이름":"NA",
            "가까운역거리":"NA",
            "역세권여부":"NA",
            "30분이내주요거점역":"NA",
            "30분거점역이름":"NA",
            "1시간이내주요거점역":"NA",
            "1시간거점역이름":"NA",
            "3km이내백화점수":0,
            "5km이내아울렛몰수":0,
            "1km이내대형먀트수":1,
            "500m이내은행수":0,
            "500m이내병원수":1,
            "5km이내대형병원수":0,
            "500m이내공원수":0,
            "3km이내혐오시설수":0,
            "초등학교학업성취도":90.01,
            "중학교학업성취도":80.1,
            "학원가":0,
            "학원수":0,
            "용적률":195,
            "건폐율":17,
            "Y":35.819605,
            "X":127.025738,
            "rank":17.0,
            "area_info":"15평(50.66),23평(79.22)",
            "sales_info":"0.53억 (2022-04-12),0.85억 (2022-03-21)",
            "last_sales":"2022-04-12,5300.0,15평(50.66)",
            "maintenance":"89109.0,134786.0",
            "price_per":"345,354",
            "room":"2,3",
            "bath":"1,1",
            "rank_history":[
                [
                    "202204",
                    17
                ],
                [
                    "202203",
                    14
                ],
                [
                    "202202",
                    12
                ],
                [
                    "202201",
                    14
                ]
            ],
            "rank_gap":-3
        },
        {
            "index":20,
            "아파트명":"전주렉시안",
            "매매타입":"아파트",
            "전용면적(m2)":"82.47",
            "전용면적(평)":"24평",
            "법정동주소":"전라북도 완주군 봉동읍 둔산리 873-1",
            "도로명주소":"전라북도 완주군 둔산1로 142",
            "세대수":50,
            "입주년차":40,
            "용적률점수":"--",
            "건폐율점수":"--",
            "세대당주차수":30,
            "난방방식":30,
            "공급면적":"--",
            "전용률":"--",
            "욕실수":100,
            "현관타입":50,
            "주거총점":48.0,
            "지역구공급총점":0.0,
            "역세권":"NA",
            "30분내 이동가능 거점":"NA",
            "1시간내 이동가능 거점":"NA",
            "교통총점":"NA",
            "백화점":0,
            "아울렛몰":0,
            "대형마트":0,
            "은행":0,
            "병원":30,
            "종합병원":0,
            "공원":100,
            "혐오시설":0,
            "인프라총점":6.0,
            "초등학군":90.01,
            "중학군":49.3,
            "학군총점":57.442,
            "인구수":8.9,
            "인구증감":0.66,
            "인구총점":6.428,
            "일자리":8.01,
            "소득수준":71.55,
            "일자리총점":27.072,
            "가치 총점":33.5605,
            "매매실거래년":20220409.0,
            "매매실거래가":15500.0,
            "평단가":436,
            "전세실거래년":20220303.0,
            "전세실거래가":9500.0,
            "전세가율":87.16,
            "장기전세가율평균":"NA",
            "전세가율거품지수":"NA",
            "검색코드":26785,
            "세대수":592.0,
            "난방":"개별난방",
            "주차":"657 (세대당 1.11대)",
            "현관구조":"복합식",
            "관리비평균":114373.0,
            "방수":3,
            "욕실개수":2,
            "준공년월":"2007-08-20",
            "준공년차":15.0,
            "가까운역이름":"NA",
            "가까운역거리":"NA",
            "역세권여부":"NA",
            "30분이내주요거점역":"NA",
            "30분거점역이름":"NA",
            "1시간이내주요거점역":"NA",
            "1시간거점역이름":"NA",
            "3km이내백화점수":0,
            "5km이내아울렛몰수":0,
            "1km이내대형먀트수":0,
            "500m이내은행수":0,
            "500m이내병원수":8,
            "5km이내대형병원수":0,
            "500m이내공원수":7,
            "3km이내혐오시설수":0,
            "초등학교학업성취도":90.01,
            "중학교학업성취도":80.9,
            "학원가":1,
            "학원수":16,
            "용적률":194,
            "건폐율":15,
            "Y":35.964017,
            "X":127.123635,
            "rank":18.0,
            "area_info":"24평(82.47),34평(114.8)",
            "sales_info":"1.09억 (2022-04-04),1.55억 (2022-04-09)",
            "last_sales":"2022-04-09,15500.0,34평(114.8)",
            "maintenance":"114373.0,161975.0",
            "price_per":"436,446",
            "room":"3,3",
            "bath":"2,2",
            "rank_history":[
                [
                    "202204",
                    18
                ],
                [
                    "202203",
                    15
                ],
                [
                    "202202",
                    13
                ],
                [
                    "202201",
                    12
                ]
            ],
            "rank_gap":-3
        },
        {
            "index":89,
            "아파트명":"남양사이버",
            "매매타입":"아파트",
            "전용면적(m2)":"81.73",
            "전용면적(평)":"24평",
            "법정동주소":"전라북도 완주군 이서면 용서리 60-1",
            "도로명주소":"전라북도 완주군 반교로 21",
            "세대수":50,
            "입주년차":20,
            "용적률점수":"--",
            "건폐율점수":"--",
            "세대당주차수":0,
            "난방방식":30,
            "공급면적":"--",
            "전용률":"--",
            "욕실수":50,
            "현관타입":100,
            "주거총점":39.5,
            "지역구공급총점":0.0,
            "역세권":"NA",
            "30분내 이동가능 거점":"NA",
            "1시간내 이동가능 거점":"NA",
            "교통총점":"NA",
            "백화점":0,
            "아울렛몰":0,
            "대형마트":80,
            "은행":0,
            "병원":10,
            "종합병원":0,
            "공원":0,
            "혐오시설":0,
            "인프라총점":13.0,
            "초등학군":90.01,
            "중학군":48.06,
            "학군총점":56.45,
            "인구수":8.9,
            "인구증감":0.66,
            "인구총점":6.428,
            "일자리":8.01,
            "소득수준":71.55,
            "일자리총점":27.072,
            "가치 총점":33.1375,
            "매매실거래년":20220405.0,
            "매매실거래가":5500.0,
            "평단가":222,
            "전세실거래년":20211214.0,
            "전세실거래가":7500.0,
            "전세가율":136.36,
            "장기전세가율평균":"NA",
            "전세가율거품지수":"NA",
            "검색코드":102032,
            "세대수":484.0,
            "난방":"개별난방",
            "주차":"368 (세대당 0.76대)",
            "현관구조":"계단식",
            "관리비평균":143606.0,
            "방수":3,
            "욕실개수":1,
            "준공년월":"2001-03-30",
            "준공년차":21.0,
            "가까운역이름":"NA",
            "가까운역거리":"NA",
            "역세권여부":"NA",
            "30분이내주요거점역":"NA",
            "30분거점역이름":"NA",
            "1시간이내주요거점역":"NA",
            "1시간거점역이름":"NA",
            "3km이내백화점수":0,
            "5km이내아울렛몰수":0,
            "1km이내대형먀트수":1,
            "500m이내은행수":0,
            "500m이내병원수":2,
            "5km이내대형병원수":0,
            "500m이내공원수":0,
            "3km이내혐오시설수":0,
            "초등학교학업성취도":90.01,
            "중학교학업성취도":80.1,
            "학원가":0,
            "학원수":0,
            "용적률":164,
            "건폐율":20,
            "Y":35.823581,
            "X":127.021418,
            "rank":19.0,
            "area_info":"24평(81.73),24평(81.91)",
            "sales_info":"0.55억 (2022-04-05),0.93억 (2022-03-24)",
            "last_sales":"2022-04-05,5500.0,24평(81.73)",
            "maintenance":"143606.0,143932.0",
            "price_per":"222,375",
            "room":"3,3",
            "bath":"1,1",
            "rank_history":[
                [
                    "202204",
                    19
                ],
                [
                    "202203",
                    16
                ],
                [
                    "202202",
                    14
                ],
                [
                    "202201",
                    15
                ]
            ],
            "rank_gap":-3
        },
        {
            "index":87,
            "아파트명":"완주복합행정타운모아미래도센트럴시티3차",
            "매매타입":"분양권",
            "전용면적(m2)":"98.14",
            "전용면적(평)":"29평",
            "법정동주소":"전라북도 완주군 용진읍 운곡리 1022-2 일원(완주복합행정타운 1BL)",
            "도로명주소":"전라북도 완주군",
            "세대수":30,
            "입주년차":100,
            "용적률점수":"--",
            "건폐율점수":"--",
            "세대당주차수":60,
            "난방방식":30,
            "공급면적":"--",
            "전용률":"--",
            "욕실수":100,
            "현관타입":100,
            "주거총점":62.5,
            "지역구공급총점":0.0,
            "역세권":"NA",
            "30분내 이동가능 거점":"NA",
            "1시간내 이동가능 거점":"NA",
            "교통총점":"NA",
            "백화점":0,
            "아울렛몰":0,
            "대형마트":0,
            "은행":0,
            "병원":0,
            "종합병원":0,
            "공원":0,
            "혐오시설":0,
            "인프라총점":0.0,
            "초등학군":90.03,
            "중학군":33.78,
            "학군총점":45.03,
            "인구수":8.9,
            "인구증감":0.66,
            "인구총점":6.428,
            "일자리":8.01,
            "소득수준":71.55,
            "일자리총점":27.072,
            "가치 총점":33.1325,
            "매매실거래년":18000101.0,
            "매매실거래가":null,
            "평단가":"nan",
            "전세실거래년":null,
            "전세실거래가":null,
            "전세가율":null,
            "장기전세가율평균":"NA",
            "전세가율거품지수":"NA",
            "검색코드":141618,
            "세대수":309.0,
            "난방":"개별난방",
            "주차":"411 (세대당 1.33대)",
            "현관구조":"계단식",
            "관리비평균":null,
            "방수":3,
            "욕실개수":2,
            "준공년월":"2023-05-01",
            "준공년차":-1.0,
            "가까운역이름":"NA",
            "가까운역거리":"NA",
            "역세권여부":"NA",
            "30분이내주요거점역":"NA",
            "30분거점역이름":"NA",
            "1시간이내주요거점역":"NA",
            "1시간거점역이름":"NA",
            "3km이내백화점수":0,
            "5km이내아울렛몰수":0,
            "1km이내대형먀트수":0,
            "500m이내은행수":1,
            "500m이내병원수":0,
            "5km이내대형병원수":0,
            "500m이내공원수":0,
            "3km이내혐오시설수":0,
            "초등학교학업성취도":90.03,
            "중학교학업성취도":56.3,
            "학원가":0,
            "학원수":0,
            "용적률":0,
            "건폐율":0,
            "Y":35.901958,
            "X":127.158993,
            "rank":20.0,
            "area_info":"29평(98.14),33평(110.48)",
            "sales_info":"거래 정보 없음,거래 정보 없음",
            "last_sales":"1800-01-01,nan,33평(110.48)",
            "maintenance":"nan,nan",
            "price_per":"nan,nan",
            "room":"3,3",
            "bath":"2,2",
            "rank_history":[
                [
                    "202204",
                    20
                ],
                [
                    "202203",
                    9999
                ]
            ],
            "rank_gap":9999
        },
        {
            "index":52,
            "아파트명":"삼례이지움더퍼스트(주상복합)",
            "매매타입":"아파트",
            "전용면적(m2)":"98.86",
            "전용면적(평)":"29평",
            "법정동주소":"전라북도 완주군 삼례읍 삼례리 1762",
            "도로명주소":"전라북도 완주군 삼봉로 47",
            "세대수":0,
            "입주년차":100,
            "용적률점수":"--",
            "건폐율점수":"--",
            "세대당주차수":30,
            "난방방식":30,
            "공급면적":"--",
            "전용률":"--",
            "욕실수":100,
            "현관타입":100,
            "주거총점":47.5,
            "지역구공급총점":0.0,
            "역세권":"NA",
            "30분내 이동가능 거점":"NA",
            "1시간내 이동가능 거점":"NA",
            "교통총점":"NA",
            "백화점":0,
            "아울렛몰":0,
            "대형마트":0,
            "은행":0,
            "병원":60,
            "종합병원":0,
            "공원":100,
            "혐오시설":0,
            "인프라총점":9.0,
            "초등학군":89.98,
            "중학군":36.12,
            "학군총점":46.892,
            "인구수":8.9,
            "인구증감":0.66,
            "인구총점":6.428,
            "일자리":8.01,
            "소득수준":71.55,
            "일자리총점":27.072,
            "가치 총점":31.948,
            "매매실거래년":20200304.0,
            "매매실거래가":25162.0,
            "평단가":740,
            "전세실거래년":null,
            "전세실거래가":null,
            "전세가율":null,
            "장기전세가율평균":"NA",
            "전세가율거품지수":"NA",
            "검색코드":118705,
            "세대수":287.0,
            "난방":"개별난방",
            "주차":"370 (세대당 1.29대)",
            "현관구조":"계단식",
            "관리비평균":152501.0,
            "방수":3,
            "욕실개수":2,
            "준공년월":"2019-10-04",
            "준공년차":3.0,
            "가까운역이름":"NA",
            "가까운역거리":"NA",
            "역세권여부":"NA",
            "30분이내주요거점역":"NA",
            "30분거점역이름":"NA",
            "1시간이내주요거점역":"NA",
            "1시간거점역이름":"NA",
            "3km이내백화점수":0,
            "5km이내아울렛몰수":0,
            "1km이내대형먀트수":0,
            "500m이내은행수":0,
            "500m이내병원수":14,
            "5km이내대형병원수":0,
            "500m이내공원수":2,
            "3km이내혐오시설수":0,
            "초등학교학업성취도":89.98,
            "중학교학업성취도":59.4,
            "학원가":0,
            "학원수":0,
            "용적률":505,
            "건폐율":65,
            "Y":35.913959,
            "X":127.076689,
            "rank":21.0,
            "area_info":"29평(98.86),29평(99.01),34평(112.58),34평(113.27)",
            "sales_info":"2.2135억 (2020-02-09),2.1663억 (2019-11-14),2.5162억 (2020-03-04),2.5587억 (2019-11-06)",
            "last_sales":"2020-03-04,25162.0,34평(112.58)",
            "maintenance":"152501.0,152739.0,173672.0,174726.0",
            "price_per":"740,723,738,746",
            "room":"3,3,3,3",
            "bath":"2,2,2,2",
            "rank_history":[
                [
                    "202204",
                    21
                ],
                [
                    "202203",
                    17
                ],
                [
                    "202202",
                    15
                ],
                [
                    "202201",
                    13
                ]
            ],
            "rank_gap":-4
        },
        {
            "index":0,
            "아파트명":"고산동우더리치",
            "매매타입":"아파트",
            "전용면적(m2)":"79.75",
            "전용면적(평)":"24평",
            "법정동주소":"전라북도 완주군 고산면 읍내리 973",
            "도로명주소":"전라북도 완주군 고산로 147-9",
            "세대수":0,
            "입주년차":80,
            "용적률점수":"--",
            "건폐율점수":"--",
            "세대당주차수":0,
            "난방방식":30,
            "공급면적":"--",
            "전용률":"--",
            "욕실수":100,
            "현관타입":100,
            "주거총점":39.0,
            "지역구공급총점":0.0,
            "역세권":"NA",
            "30분내 이동가능 거점":"NA",
            "1시간내 이동가능 거점":"NA",
            "교통총점":"NA",
            "백화점":0,
            "아울렛몰":0,
            "대형마트":80,
            "은행":0,
            "병원":0,
            "종합병원":0,
            "공원":100,
            "혐오시설":0,
            "인프라총점":15.0,
            "초등학군":90.04,
            "중학군":36.64,
            "학군총점":47.32,
            "인구수":8.9,
            "인구증감":0.66,
            "인구총점":6.428,
            "일자리":8.01,
            "소득수준":71.55,
            "일자리총점":27.072,
            "가치 총점":31.48,
            "매매실거래년":20180111.0,
            "매매실거래가":16960.0,
            "평단가":556,
            "전세실거래년":null,
            "전세실거래가":null,
            "전세가율":null,
            "장기전세가율평균":"NA",
            "전세가율거품지수":"NA",
            "검색코드":115350,
            "세대수":119.0,
            "난방":"개별난방",
            "주차":"116 (세대당 0.97대)",
            "현관구조":"계단식",
            "관리비평균":null,
            "방수":3,
            "욕실개수":2,
            "준공년월":"2017-05-25",
            "준공년차":5.0,
            "가까운역이름":"NA",
            "가까운역거리":"NA",
            "역세권여부":"NA",
            "30분이내주요거점역":"NA",
            "30분거점역이름":"NA",
            "1시간이내주요거점역":"NA",
            "1시간거점역이름":"NA",
            "3km이내백화점수":0,
            "5km이내아울렛몰수":0,
            "1km이내대형먀트수":1,
            "500m이내은행수":0,
            "500m이내병원수":1,
            "5km이내대형병원수":0,
            "500m이내공원수":2,
            "3km이내혐오시설수":0,
            "초등학교학업성취도":90.04,
            "중학교학업성취도":57.2,
            "학원가":0,
            "학원수":0,
            "용적률":127,
            "건폐율":23,
            "Y":35.975317,
            "X":127.212568,
            "rank":22.0,
            "area_info":"24평(79.75),24평(80.03),30평(100.07)",
            "sales_info":"1.342억 (2017-02-28),1.35억 (2017-08-25),1.696억 (2018-01-11)",
            "last_sales":"2018-01-11,16960.0,30평(100.07)",
            "maintenance":"nan,nan,nan",
            "price_per":"556,557,560",
            "room":"3,3,3",
            "bath":"2,2,2",
            "rank_history":[
                [
                    "202204",
                    22
                ],
                [
                    "202203",
                    18
                ],
                [
                    "202202",
                    16
                ],
                [
                    "202201",
                    18
                ]
            ],
            "rank_gap":-4
        },
        {
            "index":17,
            "아파트명":"봉동한신2차",
            "매매타입":"아파트",
            "전용면적(m2)":"76.71",
            "전용면적(평)":"23평",
            "법정동주소":"전라북도 완주군 봉동읍 낙평리 47",
            "도로명주소":"전라북도 완주군 하보상길 18-6",
            "세대수":0,
            "입주년차":20,
            "용적률점수":"--",
            "건폐율점수":"--",
            "세대당주차수":0,
            "난방방식":30,
            "공급면적":"--",
            "전용률":"--",
            "욕실수":50,
            "현관타입":100,
            "주거총점":22.0,
            "지역구공급총점":0.0,
            "역세권":"NA",
            "30분내 이동가능 거점":"NA",
            "1시간내 이동가능 거점":"NA",
            "교통총점":"NA",
            "백화점":0,
            "아울렛몰":0,
            "대형마트":80,
            "은행":0,
            "병원":60,
            "종합병원":0,
            "공원":100,
            "혐오시설":0,
            "인프라총점":21.0,
            "초등학군":90.02,
            "중학군":33.78,
            "학군총점":45.028,
            "인구수":8.9,
            "인구증감":0.66,
            "인구총점":6.428,
            "일자리":8.01,
            "소득수준":71.55,
            "일자리총점":27.072,
            "가치 총점":27.357,
            "매매실거래년":20220403.0,
            "매매실거래가":5800.0,
            "평단가":249,
            "전세실거래년":20210429.0,
            "전세실거래가":7000.0,
            "전세가율":120.69,
            "장기전세가율평균":"NA",
            "전세가율거품지수":"NA",
            "검색코드":109111,
            "세대수":221.0,
            "난방":"개별난방",
            "주차":"160 (세대당 0.72대)",
            "현관구조":"계단식",
            "관리비평균":124472.0,
            "방수":3,
            "욕실개수":1,
            "준공년월":"1999-02-01",
            "준공년차":23.0,
            "가까운역이름":"NA",
            "가까운역거리":"NA",
            "역세권여부":"NA",
            "30분이내주요거점역":"NA",
            "30분거점역이름":"NA",
            "1시간이내주요거점역":"NA",
            "1시간거점역이름":"NA",
            "3km이내백화점수":0,
            "5km이내아울렛몰수":0,
            "1km이내대형먀트수":1,
            "500m이내은행수":0,
            "500m이내병원수":12,
            "5km이내대형병원수":0,
            "500m이내공원수":4,
            "3km이내혐오시설수":0,
            "초등학교학업성취도":90.02,
            "중학교학업성취도":56.3,
            "학원가":0,
            "학원수":0,
            "용적률":213,
            "건폐율":21,
            "Y":35.934848,
            "X":127.166314,
            "rank":23.0,
            "area_info":"23평(76.71)",
            "sales_info":"0.58억 (2022-04-03)",
            "last_sales":"2022-04-03,5800.0,23평(76.71)",
            "maintenance":"124472.0",
            "price_per":"249",
            "room":"3",
            "bath":"1",
            "rank_history":[
                [
                    "202204",
                    23
                ],
                [
                    "202203",
                    19
                ],
                [
                    "202202",
                    17
                ],
                [
                    "202201",
                    17
                ]
            ],
            "rank_gap":-4
        },
        {
            "index":41,
            "아파트명":"삼례동신",
            "매매타입":"아파트",
            "전용면적(m2)":"37.68",
            "전용면적(평)":"11평",
            "법정동주소":"전라북도 완주군 삼례읍 삼례리 1761",
            "도로명주소":"전라북도 완주군 마천3길 15",
            "세대수":0,
            "입주년차":80,
            "용적률점수":"--",
            "건폐율점수":"--",
            "세대당주차수":0,
            "난방방식":30,
            "공급면적":"--",
            "전용률":"--",
            "욕실수":50,
            "현관타입":100,
            "주거총점":34.0,
            "지역구공급총점":0.0,
            "역세권":"NA",
            "30분내 이동가능 거점":"NA",
            "1시간내 이동가능 거점":"NA",
            "교통총점":"NA",
            "백화점":0,
            "아울렛몰":0,
            "대형마트":0,
            "은행":0,
            "병원":60,
            "종합병원":0,
            "공원":100,
            "혐오시설":0,
            "인프라총점":9.0,
            "초등학군":89.98,
            "중학군":36.12,
            "학군총점":46.892,
            "인구수":8.9,
            "인구증감":0.66,
            "인구총점":6.428,
            "일자리":8.01,
            "소득수준":71.55,
            "일자리총점":27.072,
            "가치 총점":27.223,
            "매매실거래년":20200423.0,
            "매매실거래가":13700.0,
            "평단가":523,
            "전세실거래년":20220217.0,
            "전세실거래가":3700.0,
            "전세가율":61.98,
            "장기전세가율평균":"NA",
            "전세가율거품지수":"NA",
            "검색코드":122919,
            "세대수":248.0,
            "난방":"개별난방",
            "주차":"110 (세대당 0.44대)",
            "현관구조":"계단식",
            "관리비평균":null,
            "방수":1,
            "욕실개수":1,
            "준공년월":"2017-12-04",
            "준공년차":5.0,
            "가까운역이름":"NA",
            "가까운역거리":"NA",
            "역세권여부":"NA",
            "30분이내주요거점역":"NA",
            "30분거점역이름":"NA",
            "1시간이내주요거점역":"NA",
            "1시간거점역이름":"NA",
            "3km이내백화점수":0,
            "5km이내아울렛몰수":0,
            "1km이내대형먀트수":0,
            "500m이내은행수":0,
            "500m이내병원수":12,
            "5km이내대형병원수":0,
            "500m이내공원수":2,
            "3km이내혐오시설수":0,
            "초등학교학업성취도":89.98,
            "중학교학업성취도":59.4,
            "학원가":0,
            "학원수":0,
            "용적률":0,
            "건폐율":0,
            "Y":35.907105,
            "X":127.072087,
            "rank":24.0,
            "area_info":"11평(37.68),14평(46.33),16평(54.82),18평(60.81),20평(66.81),23평(76.23)",
            "sales_info":"0.597억 (2019-07-31),0.775억 (2020-01-06),0.925억 (2019-07-31),1.02억 (2019-07-31),1.121억 (2019-07-31),1.37억 (2020-04-23)",
            "last_sales":"2020-04-23,13700.0,23평(76.23)",
            "maintenance":"nan,nan,nan,nan,nan,nan",
            "price_per":"523,552,557,554,554,594",
            "room":"1,2,2,2,3,3",
            "bath":"1,1,1,1,1,1",
            "rank_history":[
                [
                    "202204",
                    24
                ],
                [
                    "202203",
                    20
                ],
                [
                    "202202",
                    18
                ],
                [
                    "202201",
                    16
                ]
            ],
            "rank_gap":-4
        },
        {
            "index":40,
            "아파트명":"삼례대명",
            "매매타입":"아파트",
            "전용면적(m2)":"77.16",
            "전용면적(평)":"23평",
            "법정동주소":"전라북도 완주군 삼례읍 후정리 106",
            "도로명주소":"전라북도 완주군 충혼길 50",
            "세대수":50,
            "입주년차":20,
            "용적률점수":"--",
            "건폐율점수":"--",
            "세대당주차수":0,
            "난방방식":30,
            "공급면적":"--",
            "전용률":"--",
            "욕실수":50,
            "현관타입":100,
            "주거총점":39.5,
            "지역구공급총점":0.0,
            "역세권":"NA",
            "30분내 이동가능 거점":"NA",
            "1시간내 이동가능 거점":"NA",
            "교통총점":"NA",
            "백화점":0,
            "아울렛몰":0,
            "대형마트":0,
            "은행":0,
            "병원":0,
            "종합병원":0,
            "공원":100,
            "혐오시설":0,
            "인프라총점":3.0,
            "초등학군":89.98,
            "중학군":36.12,
            "학군총점":46.892,
            "인구수":8.9,
            "인구증감":0.66,
            "인구총점":6.428,
            "일자리":8.01,
            "소득수준":71.55,
            "일자리총점":27.072,
            "가치 총점":26.748,
            "매매실거래년":20220319.0,
            "매매실거래가":7000.0,
            "평단가":299,
            "전세실거래년":20220112.0,
            "전세실거래가":6700.0,
            "전세가율":95.71,
            "장기전세가율평균":"NA",
            "전세가율거품지수":"NA",
            "검색코드":14996,
            "세대수":499.0,
            "난방":"개별난방",
            "주차":"283 (세대당 0.57대)",
            "현관구조":"계단식",
            "관리비평균":146460.0,
            "방수":3,
            "욕실개수":1,
            "준공년월":"1998-01-05",
            "준공년차":24.0,
            "가까운역이름":"NA",
            "가까운역거리":"NA",
            "역세권여부":"NA",
            "30분이내주요거점역":"NA",
            "30분거점역이름":"NA",
            "1시간이내주요거점역":"NA",
            "1시간거점역이름":"NA",
            "3km이내백화점수":0,
            "5km이내아울렛몰수":0,
            "1km이내대형먀트수":0,
            "500m이내은행수":0,
            "500m이내병원수":0,
            "5km이내대형병원수":0,
            "500m이내공원수":5,
            "3km이내혐오시설수":0,
            "초등학교학업성취도":89.98,
            "중학교학업성취도":59.4,
            "학원가":0,
            "학원수":0,
            "용적률":271,
            "건폐율":18,
            "Y":35.90402,
            "X":127.06997,
            "rank":25.0,
            "area_info":"23평(77.16)",
            "sales_info":"0.7억 (2022-03-19)",
            "last_sales":"2022-03-19,7000.0,23평(77.16)",
            "maintenance":"146460.0",
            "price_per":"299",
            "room":"3",
            "bath":"1",
            "rank_history":[
                [
                    "202204",
                    25
                ],
                [
                    "202203",
                    22
                ],
                [
                    "202202",
                    20
                ],
                [
                    "202201",
                    19
                ]
            ],
            "rank_gap":-3
        },
        {
            "index":74,
            "아파트명":"대영",
            "매매타입":"아파트",
            "전용면적(m2)":"50.46",
            "전용면적(평)":"15평",
            "법정동주소":"전라북도 완주군 용진읍 신지리 1581-1",
            "도로명주소":"전라북도 완주군 완주로 812",
            "세대수":50,
            "입주년차":20,
            "용적률점수":"--",
            "건폐율점수":"--",
            "세대당주차수":0,
            "난방방식":30,
            "공급면적":"--",
            "전용률":"--",
            "욕실수":50,
            "현관타입":10,
            "주거총점":30.5,
            "지역구공급총점":0.0,
            "역세권":"NA",
            "30분내 이동가능 거점":"NA",
            "1시간내 이동가능 거점":"NA",
            "교통총점":"NA",
            "백화점":0,
            "아울렛몰":0,
            "대형마트":80,
            "은행":0,
            "병원":0,
            "종합병원":0,
            "공원":0,
            "혐오시설":0,
            "인프라총점":12.0,
            "초등학군":90.02,
            "중학군":33.78,
            "학군총점":45.028,
            "인구수":8.9,
            "인구증감":0.66,
            "인구총점":6.428,
            "일자리":8.01,
            "소득수준":71.55,
            "일자리총점":27.072,
            "가치 총점":26.732,
            "매매실거래년":20220413.0,
            "매매실거래가":2700.0,
            "평단가":176,
            "전세실거래년":20220105.0,
            "전세실거래가":1500.0,
            "전세가율":55.56,
            "장기전세가율평균":"NA",
            "전세가율거품지수":"NA",
            "검색코드":101159,
            "세대수":572.0,
            "난방":"개별난방",
            "주차":"329 (세대당 0.58대)",
            "현관구조":"복도식",
            "관리비평균":null,
            "방수":1,
            "욕실개수":1,
            "준공년월":"1999-05-15",
            "준공년차":23.0,
            "가까운역이름":"NA",
            "가까운역거리":"NA",
            "역세권여부":"NA",
            "30분이내주요거점역":"NA",
            "30분거점역이름":"NA",
            "1시간이내주요거점역":"NA",
            "1시간거점역이름":"NA",
            "3km이내백화점수":0,
            "5km이내아울렛몰수":0,
            "1km이내대형먀트수":1,
            "500m이내은행수":0,
            "500m이내병원수":0,
            "5km이내대형병원수":0,
            "500m이내공원수":0,
            "3km이내혐오시설수":0,
            "초등학교학업성취도":90.02,
            "중학교학업성취도":56.3,
            "학원가":0,
            "학원수":0,
            "용적률":149,
            "건폐율":18,
            "Y":35.934075,
            "X":127.174423,
            "rank":26.0,
            "area_info":"15평(50.46),21평(70.01),24평(80.74)",
            "sales_info":"0.27억 (2022-04-13),0.425억 (2022-01-13),0.71억 (2022-04-08)",
            "last_sales":"2022-04-13,2700.0,15평(50.46)",
            "maintenance":"nan,nan,nan",
            "price_per":"176,200,290",
            "room":"1,2,3",
            "bath":"1,1,1",
            "rank_history":[
                [
                    "202204",
                    26
                ],
                [
                    "202203",
                    21
                ],
                [
                    "202202",
                    19
                ],
                [
                    "202201",
                    23
                ]
            ],
            "rank_gap":-5
        },
        {
            "index":56,
            "아파트명":"삼례주공1차",
            "매매타입":"아파트",
            "전용면적(m2)":"51.66",
            "전용면적(평)":"15평",
            "법정동주소":"전라북도 완주군 삼례읍 삼례리 1753",
            "도로명주소":"전라북도 완주군 왕궁로 56",
            "세대수":50,
            "입주년차":20,
            "용적률점수":"--",
            "건폐율점수":"--",
            "세대당주차수":0,
            "난방방식":30,
            "공급면적":"--",
            "전용률":"--",
            "욕실수":50,
            "현관타입":100,
            "주거총점":39.5,
            "지역구공급총점":0.0,
            "역세권":"NA",
            "30분내 이동가능 거점":"NA",
            "1시간내 이동가능 거점":"NA",
            "교통총점":"NA",
            "백화점":0,
            "아울렛몰":0,
            "대형마트":0,
            "은행":0,
            "병원":0,
            "종합병원":0,
            "공원":0,
            "혐오시설":0,
            "인프라총점":0.0,
            "초등학군":89.98,
            "중학군":36.12,
            "학군총점":46.892,
            "인구수":8.9,
            "인구증감":0.66,
            "인구총점":6.428,
            "일자리":8.01,
            "소득수준":71.55,
            "일자리총점":27.072,
            "가치 총점":25.548,
            "매매실거래년":20220324.0,
            "매매실거래가":4800.0,
            "평단가":191,
            "전세실거래년":20220204.0,
            "전세실거래가":3000.0,
            "전세가율":100.0,
            "장기전세가율평균":"NA",
            "전세가율거품지수":"NA",
            "검색코드":102664,
            "세대수":409.0,
            "난방":"개별난방",
            "주차":"203 (세대당 0.5대)",
            "현관구조":"계단식",
            "관리비평균":92003.0,
            "방수":2,
            "욕실개수":1,
            "준공년월":"1998-10-22",
            "준공년차":24.0,
            "가까운역이름":"NA",
            "가까운역거리":"NA",
            "역세권여부":"NA",
            "30분이내주요거점역":"NA",
            "30분거점역이름":"NA",
            "1시간이내주요거점역":"NA",
            "1시간거점역이름":"NA",
            "3km이내백화점수":0,
            "5km이내아울렛몰수":0,
            "1km이내대형먀트수":0,
            "500m이내은행수":0,
            "500m이내병원수":0,
            "5km이내대형병원수":0,
            "500m이내공원수":0,
            "3km이내혐오시설수":0,
            "초등학교학업성취도":89.98,
            "중학교학업성취도":59.4,
            "학원가":0,
            "학원수":0,
            "용적률":195,
            "건폐율":19,
            "Y":35.920587,
            "X":127.078297,
            "rank":27.0,
            "area_info":"15평(51.66),19평(63.99)",
            "sales_info":"0.3억 (2022-03-10),0.48억 (2022-03-24)",
            "last_sales":"2022-03-24,4800.0,19평(63.99)",
            "maintenance":"92003.0,114877.0",
            "price_per":"191,247",
            "room":"2,2",
            "bath":"1,1",
            "rank_history":[
                [
                    "202204",
                    27
                ],
                [
                    "202203",
                    24
                ],
                [
                    "202202",
                    21
                ],
                [
                    "202201",
                    20
                ]
            ],
            "rank_gap":-3
        },
        {
            "index":30,
            "아파트명":"대영1차",
            "매매타입":"아파트",
            "전용면적(m2)":"44.4",
            "전용면적(평)":"13평",
            "법정동주소":"전라북도 완주군 삼례읍 삼례리 297-10",
            "도로명주소":"전라북도 완주군 왕궁로 10",
            "세대수":50,
            "입주년차":0,
            "용적률점수":"--",
            "건폐율점수":"--",
            "세대당주차수":0,
            "난방방식":30,
            "공급면적":"--",
            "전용률":"--",
            "욕실수":50,
            "현관타입":100,
            "주거총점":35.5,
            "지역구공급총점":0.0,
            "역세권":"NA",
            "30분내 이동가능 거점":"NA",
            "1시간내 이동가능 거점":"NA",
            "교통총점":"NA",
            "백화점":0,
            "아울렛몰":0,
            "대형마트":0,
            "은행":0,
            "병원":0,
            "종합병원":0,
            "공원":0,
            "혐오시설":0,
            "인프라총점":0.0,
            "초등학군":89.98,
            "중학군":36.12,
            "학군총점":46.892,
            "인구수":8.9,
            "인구증감":0.66,
            "인구총점":6.428,
            "일자리":8.01,
            "소득수준":71.55,
            "일자리총점":27.072,
            "가치 총점":24.148,
            "매매실거래년":20220309.0,
            "매매실거래가":3100.0,
            "평단가":230,
            "전세실거래년":20210917.0,
            "전세실거래가":2000.0,
            "전세가율":64.52,
            "장기전세가율평균":"NA",
            "전세가율거품지수":"NA",
            "검색코드":104856,
            "세대수":499.0,
            "난방":"개별난방",
            "주차":"233 (세대당 0.47대)",
            "현관구조":"계단식",
            "관리비평균":83877.0,
            "방수":1,
            "욕실개수":1,
            "준공년월":"1997-05-13",
            "준공년차":25.0,
            "가까운역이름":"NA",
            "가까운역거리":"NA",
            "역세권여부":"NA",
            "30분이내주요거점역":"NA",
            "30분거점역이름":"NA",
            "1시간이내주요거점역":"NA",
            "1시간거점역이름":"NA",
            "3km이내백화점수":0,
            "5km이내아울렛몰수":0,
            "1km이내대형먀트수":0,
            "500m이내은행수":0,
            "500m이내병원수":0,
            "5km이내대형병원수":0,
            "500m이내공원수":0,
            "3km이내혐오시설수":0,
            "초등학교학업성취도":89.98,
            "중학교학업성취도":59.4,
            "학원가":0,
            "학원수":0,
            "용적률":0,
            "건폐율":0,
            "Y":35.916298,
            "X":127.080861,
            "rank":28.0,
            "area_info":"13평(44.4),17평(56.42),24평(79.36)",
            "sales_info":"0.31억 (2022-03-09),0.25억 (2022-03-02),0.73억 (2022-03-04)",
            "last_sales":"2022-03-09,3100.0,13평(44.4)",
            "maintenance":"83877.0,106573.0,149916.0",
            "price_per":"230,146,304",
            "room":"1,1,2",
            "bath":"1,1,1",
            "rank_history":[
                [
                    "202204",
                    28
                ],
                [
                    "202203",
                    24
                ],
                [
                    "202202",
                    21
                ],
                [
                    "202201",
                    20
                ]
            ],
            "rank_gap":-4
        },
        {
            "index":36,
            "아파트명":"삼례2주공",
            "매매타입":"아파트",
            "전용면적(m2)":"52.26",
            "전용면적(평)":"15평",
            "법정동주소":"전라북도 완주군 삼례읍 삼례리 1759",
            "도로명주소":"전라북도 완주군 웃삼례길 39-6",
            "세대수":50,
            "입주년차":40,
            "용적률점수":"--",
            "건폐율점수":"--",
            "세대당주차수":0,
            "난방방식":30,
            "공급면적":"--",
            "전용률":"--",
            "욕실수":50,
            "현관타입":10,
            "주거총점":34.5,
            "지역구공급총점":0.0,
            "역세권":"NA",
            "30분내 이동가능 거점":"NA",
            "1시간내 이동가능 거점":"NA",
            "교통총점":"NA",
            "백화점":0,
            "아울렛몰":0,
            "대형마트":0,
            "은행":0,
            "병원":0,
            "종합병원":0,
            "공원":0,
            "혐오시설":0,
            "인프라총점":0.0,
            "초등학군":89.98,
            "중학군":36.12,
            "학군총점":46.892,
            "인구수":8.9,
            "인구증감":0.66,
            "인구총점":6.428,
            "일자리":8.01,
            "소득수준":71.55,
            "일자리총점":27.072,
            "가치 총점":23.798,
            "매매실거래년":18000101.0,
            "매매실거래가":null,
            "평단가":"nan",
            "전세실거래년":null,
            "전세실거래가":null,
            "전세가율":null,
            "장기전세가율평균":"NA",
            "전세가율거품지수":"NA",
            "검색코드":118235,
            "세대수":520.0,
            "난방":"개별난방",
            "주차":"375 (세대당 0.72대)",
            "현관구조":"복도식",
            "관리비평균":null,
            "방수":2,
            "욕실개수":1,
            "준공년월":"2005-02-15",
            "준공년차":17.0,
            "가까운역이름":"NA",
            "가까운역거리":"NA",
            "역세권여부":"NA",
            "30분이내주요거점역":"NA",
            "30분거점역이름":"NA",
            "1시간이내주요거점역":"NA",
            "1시간거점역이름":"NA",
            "3km이내백화점수":0,
            "5km이내아울렛몰수":0,
            "1km이내대형먀트수":0,
            "500m이내은행수":0,
            "500m이내병원수":0,
            "5km이내대형병원수":0,
            "500m이내공원수":0,
            "3km이내혐오시설수":0,
            "초등학교학업성취도":89.98,
            "중학교학업성취도":59.4,
            "학원가":0,
            "학원수":0,
            "용적률":154,
            "건폐율":14,
            "Y":35.919379,
            "X":127.083237,
            "rank":29.0,
            "area_info":"15평(52.26),19평(65.95),20평(66.81),20평(66.83)",
            "sales_info":"거래 정보 없음,거래 정보 없음,거래 정보 없음,거래 정보 없음",
            "last_sales":"1800-01-01,nan,20평(66.83)",
            "maintenance":"nan,nan,nan,nan",
            "price_per":"nan,nan,nan,nan",
            "room":"2,3,3,3",
            "bath":"1,1,1,1",
            "rank_history":[
                [
                    "202204",
                    29
                ],
                [
                    "202203",
                    25
                ],
                [
                    "202202",
                    22
                ],
                [
                    "202201",
                    21
                ]
            ],
            "rank_gap":-4
        },
        {
            "index":91,
            "아파트명":"부영",
            "매매타입":"아파트",
            "전용면적(m2)":"67.56",
            "전용면적(평)":"20평",
            "법정동주소":"전라북도 완주군 이서면 이문리 721",
            "도로명주소":"전라북도 완주군 이문길 15",
            "세대수":0,
            "입주년차":20,
            "용적률점수":"--",
            "건폐율점수":"--",
            "세대당주차수":0,
            "난방방식":30,
            "공급면적":"--",
            "전용률":"--",
            "욕실수":50,
            "현관타입":100,
            "주거총점":22.0,
            "지역구공급총점":0.0,
            "역세권":"NA",
            "30분내 이동가능 거점":"NA",
            "1시간내 이동가능 거점":"NA",
            "교통총점":"NA",
            "백화점":0,
            "아울렛몰":0,
            "대형마트":0,
            "은행":0,
            "병원":0,
            "종합병원":0,
            "공원":0,
            "혐오시설":0,
            "인프라총점":0.0,
            "초등학군":90.01,
            "중학군":48.06,
            "학군총점":56.45,
            "인구수":8.9,
            "인구증감":0.66,
            "인구총점":6.428,
            "일자리":8.01,
            "소득수준":71.55,
            "일자리총점":27.072,
            "가치 총점":21.8125,
            "매매실거래년":20220316.0,
            "매매실거래가":4800.0,
            "평단가":234,
            "전세실거래년":20210717.0,
            "전세실거래가":4000.0,
            "전세가율":83.33,
            "장기전세가율평균":"NA",
            "전세가율거품지수":"NA",
            "검색코드":107442,
            "세대수":209.0,
            "난방":"개별난방",
            "주차":"176 (세대당 0.84대)",
            "현관구조":"계단식",
            "관리비평균":114787.0,
            "방수":2,
            "욕실개수":1,
            "준공년월":"1999-02-03",
            "준공년차":23.0,
            "가까운역이름":"NA",
            "가까운역거리":"NA",
            "역세권여부":"NA",
            "30분이내주요거점역":"NA",
            "30분거점역이름":"NA",
            "1시간이내주요거점역":"NA",
            "1시간거점역이름":"NA",
            "3km이내백화점수":0,
            "5km이내아울렛몰수":0,
            "1km이내대형먀트수":0,
            "500m이내은행수":0,
            "500m이내병원수":0,
            "5km이내대형병원수":0,
            "500m이내공원수":0,
            "3km이내혐오시설수":0,
            "초등학교학업성취도":90.01,
            "중학교학업성취도":80.1,
            "학원가":0,
            "학원수":0,
            "용적률":149,
            "건폐율":12,
            "Y":35.821507,
            "X":127.011362,
            "rank":30.0,
            "area_info":"20평(67.56),24평(82.09)",
            "sales_info":"0.48억 (2022-03-16),0.57억 (2021-11-17)",
            "last_sales":"2022-03-16,4800.0,20평(67.56)",
            "maintenance":"114787.0,139466.0",
            "price_per":"234,229",
            "room":"2,3",
            "bath":"1,1",
            "rank_history":[
                [
                    "202204",
                    30
                ],
                [
                    "202203",
                    26
                ],
                [
                    "202202",
                    23
                ],
                [
                    "202201",
                    22
                ]
            ],
            "rank_gap":-4
        },
        {
            "index":47,
            "아파트명":"삼례우성",
            "매매타입":"아파트",
            "전용면적(m2)":"77.72",
            "전용면적(평)":"23평",
            "법정동주소":"전라북도 완주군 삼례읍 삼례리 863-6",
            "도로명주소":"전라북도 완주군 삼례로 333",
            "세대수":0,
            "입주년차":0,
            "용적률점수":"--",
            "건폐율점수":"--",
            "세대당주차수":0,
            "난방방식":30,
            "공급면적":"--",
            "전용률":"--",
            "욕실수":50,
            "현관타입":100,
            "주거총점":18.0,
            "지역구공급총점":0.0,
            "역세권":"NA",
            "30분내 이동가능 거점":"NA",
            "1시간내 이동가능 거점":"NA",
            "교통총점":"NA",
            "백화점":0,
            "아울렛몰":0,
            "대형마트":0,
            "은행":0,
            "병원":60,
            "종합병원":0,
            "공원":100,
            "혐오시설":0,
            "인프라총점":9.0,
            "초등학군":89.98,
            "중학군":36.12,
            "학군총점":46.892,
            "인구수":8.9,
            "인구증감":0.66,
            "인구총점":6.428,
            "일자리":8.01,
            "소득수준":71.55,
            "일자리총점":27.072,
            "가치 총점":21.623,
            "매매실거래년":20220228.0,
            "매매실거래가":12800.0,
            "평단가":331,
            "전세실거래년":20191122.0,
            "전세실거래가":5900.0,
            "전세가율":75.64,
            "장기전세가율평균":"NA",
            "전세가율거품지수":"NA",
            "검색코드":5113,
            "세대수":261.0,
            "난방":"개별난방",
            "주차":"261 (세대당 1.0대)",
            "현관구조":"계단식",
            "관리비평균":121272.0,
            "방수":3,
            "욕실개수":1,
            "준공년월":"1996-01-01",
            "준공년차":26.0,
            "가까운역이름":"NA",
            "가까운역거리":"NA",
            "역세권여부":"NA",
            "30분이내주요거점역":"NA",
            "30분거점역이름":"NA",
            "1시간이내주요거점역":"NA",
            "1시간거점역이름":"NA",
            "3km이내백화점수":0,
            "5km이내아울렛몰수":0,
            "1km이내대형먀트수":0,
            "500m이내은행수":0,
            "500m이내병원수":14,
            "5km이내대형병원수":0,
            "500m이내공원수":2,
            "3km이내혐오시설수":0,
            "초등학교학업성취도":89.98,
            "중학교학업성취도":59.4,
            "학원가":0,
            "학원수":0,
            "용적률":0,
            "건폐율":0,
            "Y":35.90709,
            "X":127.07393,
            "rank":31.0,
            "area_info":"23평(77.72),33평(110.09)",
            "sales_info":"0.78억 (2022-02-04),1.28억 (2022-02-28)",
            "last_sales":"2022-02-28,12800.0,33평(110.09)",
            "maintenance":"121272.0,171779.0",
            "price_per":"331,384",
            "room":"3,3",
            "bath":"1,2",
            "rank_history":[
                [
                    "202204",
                    31
                ],
                [
                    "202203",
                    27
                ],
                [
                    "202202",
                    24
                ],
                [
                    "202201",
                    24
                ]
            ],
            "rank_gap":-4
        },
        {
            "index":49,
            "아파트명":"삼례유진청하",
            "매매타입":"아파트",
            "전용면적(m2)":"102.2",
            "전용면적(평)":"30평",
            "법정동주소":"전라북도 완주군 삼례읍 후정리 263-4",
            "도로명주소":"전라북도 완주군 삼례역로 66",
            "세대수":0,
            "입주년차":0,
            "용적률점수":"--",
            "건폐율점수":"--",
            "세대당주차수":0,
            "난방방식":30,
            "공급면적":"--",
            "전용률":"--",
            "욕실수":100,
            "현관타입":100,
            "주거총점":23.0,
            "지역구공급총점":0.0,
            "역세권":"NA",
            "30분내 이동가능 거점":"NA",
            "1시간내 이동가능 거점":"NA",
            "교통총점":"NA",
            "백화점":0,
            "아울렛몰":0,
            "대형마트":0,
            "은행":0,
            "병원":0,
            "종합병원":0,
            "공원":100,
            "혐오시설":0,
            "인프라총점":3.0,
            "초등학군":89.98,
            "중학군":36.12,
            "학군총점":46.892,
            "인구수":8.9,
            "인구증감":0.66,
            "인구총점":6.428,
            "일자리":8.01,
            "소득수준":71.55,
            "일자리총점":27.072,
            "가치 총점":20.973,
            "매매실거래년":20220210.0,
            "매매실거래가":9000.0,
            "평단가":194,
            "전세실거래년":null,
            "전세실거래가":null,
            "전세가율":null,
            "장기전세가율평균":"NA",
            "전세가율거품지수":"NA",
            "검색코드":5114,
            "세대수":89.0,
            "난방":"개별난방",
            "주차":"29 (세대당 0.33대)",
            "현관구조":"계단식",
            "관리비평균":null,
            "방수":3,
            "욕실개수":2,
            "준공년월":"1994001",
            "준공년차":28.0,
            "가까운역이름":"NA",
            "가까운역거리":"NA",
            "역세권여부":"NA",
            "30분이내주요거점역":"NA",
            "30분거점역이름":"NA",
            "1시간이내주요거점역":"NA",
            "1시간거점역이름":"NA",
            "3km이내백화점수":0,
            "5km이내아울렛몰수":0,
            "1km이내대형먀트수":0,
            "500m이내은행수":0,
            "500m이내병원수":0,
            "5km이내대형병원수":0,
            "500m이내공원수":4,
            "3km이내혐오시설수":0,
            "초등학교학업성취도":89.98,
            "중학교학업성취도":59.4,
            "학원가":0,
            "학원수":0,
            "용적률":304,
            "건폐율":37,
            "Y":35.907934,
            "X":127.066822,
            "rank":32.0,
            "area_info":"30평(102.2),30평(102.47),31평(104.81)",
            "sales_info":"0.6억 (2021-08-03),거래 정보 없음,0.9억 (2022-02-10)",
            "last_sales":"2022-02-10,9000.0,31평(104.81)",
            "maintenance":"nan,nan,nan",
            "price_per":"194,nan,283",
            "room":"3,3,3",
            "bath":"2,2,2",
            "rank_history":[
                [
                    "202204",
                    32
                ],
                [
                    "202203",
                    28
                ],
                [
                    "202202",
                    9999
                ]
            ],
            "rank_gap":-4
        },
        {
            "index":13,
            "아파트명":"봉동명진로얄2차",
            "매매타입":"아파트",
            "전용면적(m2)":"82.99",
            "전용면적(평)":"25평",
            "법정동주소":"전라북도 완주군 봉동읍 장기리 273",
            "도로명주소":"전라북도 완주군 봉동동서로 76",
            "세대수":0,
            "입주년차":0,
            "용적률점수":"--",
            "건폐율점수":"--",
            "세대당주차수":0,
            "난방방식":30,
            "공급면적":"--",
            "전용률":"--",
            "욕실수":50,
            "현관타입":10,
            "주거총점":9.0,
            "지역구공급총점":0.0,
            "역세권":"NA",
            "30분내 이동가능 거점":"NA",
            "1시간내 이동가능 거점":"NA",
            "교통총점":"NA",
            "백화점":0,
            "아울렛몰":0,
            "대형마트":80,
            "은행":0,
            "병원":0,
            "종합병원":0,
            "공원":100,
            "혐오시설":0,
            "인프라총점":15.0,
            "초등학군":90.02,
            "중학군":33.78,
            "학군총점":45.028,
            "인구수":8.9,
            "인구증감":0.66,
            "인구총점":6.428,
            "일자리":8.01,
            "소득수준":71.55,
            "일자리총점":27.072,
            "가치 총점":20.407,
            "매매실거래년":20220412.0,
            "매매실거래가":5900.0,
            "평단가":211,
            "전세실거래년":20210803.0,
            "전세실거래가":5000.0,
            "전세가율":94.34,
            "장기전세가율평균":"NA",
            "전세가율거품지수":"NA",
            "검색코드":14994,
            "세대수":256.0,
            "난방":"개별난방",
            "주차":"134 (세대당 0.52대)",
            "현관구조":"복도식",
            "관리비평균":70279.0,
            "방수":2,
            "욕실개수":1,
            "준공년월":"1993-08-02",
            "준공년차":29.0,
            "가까운역이름":"NA",
            "가까운역거리":"NA",
            "역세권여부":"NA",
            "30분이내주요거점역":"NA",
            "30분거점역이름":"NA",
            "1시간이내주요거점역":"NA",
            "1시간거점역이름":"NA",
            "3km이내백화점수":0,
            "5km이내아울렛몰수":0,
            "1km이내대형먀트수":1,
            "500m이내은행수":0,
            "500m이내병원수":0,
            "5km이내대형병원수":0,
            "500m이내공원수":4,
            "3km이내혐오시설수":0,
            "초등학교학업성취도":90.02,
            "중학교학업성취도":56.3,
            "학원가":0,
            "학원수":0,
            "용적률":0,
            "건폐율":0,
            "Y":35.93754,
            "X":127.1621,
            "rank":33.0,
            "area_info":"25평(82.99),28평(95.36),31평(104.71)",
            "sales_info":"0.53억 (2022-03-01),0.59억 (2022-04-12),0.97억 (2021-12-13)",
            "last_sales":"2022-04-12,5900.0,28평(95.36)",
            "maintenance":"70279.0,91042.0,100555.0",
            "price_per":"211,204,306",
            "room":"2,3,3",
            "bath":"1,1,2",
            "rank_history":[
                [
                    "202204",
                    33
                ],
                [
                    "202203",
                    30
                ],
                [
                    "202202",
                    25
                ],
                [
                    "202201",
                    25
                ]
            ],
            "rank_gap":-3
        },
        {
            "index":33,
            "아파트명":"동원맨션",
            "매매타입":"아파트",
            "전용면적(m2)":"103.17",
            "전용면적(평)":"31평",
            "법정동주소":"전라북도 완주군 삼례읍 삼례리 297-2",
            "도로명주소":"전라북도 완주군",
            "세대수":0,
            "입주년차":0,
            "용적률점수":"--",
            "건폐율점수":"--",
            "세대당주차수":0,
            "난방방식":30,
            "공급면적":"--",
            "전용률":"--",
            "욕실수":100,
            "현관타입":100,
            "주거총점":23.0,
            "지역구공급총점":0.0,
            "역세권":"NA",
            "30분내 이동가능 거점":"NA",
            "1시간내 이동가능 거점":"NA",
            "교통총점":"NA",
            "백화점":0,
            "아울렛몰":0,
            "대형마트":0,
            "은행":0,
            "병원":0,
            "종합병원":0,
            "공원":0,
            "혐오시설":0,
            "인프라총점":0.0,
            "초등학군":89.98,
            "중학군":36.12,
            "학군총점":46.892,
            "인구수":8.9,
            "인구증감":0.66,
            "인구총점":6.428,
            "일자리":8.01,
            "소득수준":71.55,
            "일자리총점":27.072,
            "가치 총점":19.773,
            "매매실거래년":20220124.0,
            "매매실거래가":9800.0,
            "평단가":246,
            "전세실거래년":20201030.0,
            "전세실거래가":2800.0,
            "전세가율":36.36,
            "장기전세가율평균":"NA",
            "전세가율거품지수":"NA",
            "검색코드":106482,
            "세대수":106.0,
            "난방":"개별난방",
            "주차":"0 (세대당 0.0대)",
            "현관구조":"계단식",
            "관리비평균":null,
            "방수":3,
            "욕실개수":2,
            "준공년월":"1994-06-01",
            "준공년차":28.0,
            "가까운역이름":"NA",
            "가까운역거리":"NA",
            "역세권여부":"NA",
            "30분이내주요거점역":"NA",
            "30분거점역이름":"NA",
            "1시간이내주요거점역":"NA",
            "1시간거점역이름":"NA",
            "3km이내백화점수":0,
            "5km이내아울렛몰수":0,
            "1km이내대형먀트수":0,
            "500m이내은행수":0,
            "500m이내병원수":0,
            "5km이내대형병원수":0,
            "500m이내공원수":0,
            "3km이내혐오시설수":0,
            "초등학교학업성취도":89.98,
            "중학교학업성취도":59.4,
            "학원가":0,
            "학원수":0,
            "용적률":0,
            "건폐율":0,
            "Y":35.916854,
            "X":127.081708,
            "rank":34.0,
            "area_info":"31평(103.17),33평(109.64),38평(127.97)",
            "sales_info":"0.77억 (2022-01-10),거래 정보 없음,0.98억 (2022-01-24)",
            "last_sales":"2022-01-24,9800.0,38평(127.97)",
            "maintenance":"nan,nan,nan",
            "price_per":"246,nan,253",
            "room":"3,3,3",
            "bath":"2,2,2",
            "rank_history":[
                [
                    "202204",
                    34
                ],
                [
                    "202203",
                    31
                ],
                [
                    "202202",
                    26
                ],
                [
                    "202201",
                    26
                ]
            ],
            "rank_gap":-3
        },
        {
            "index":77,
            "아파트명":"덕천하이트",
            "매매타입":"아파트",
            "전용면적(m2)":"75.7",
            "전용면적(평)":"22평",
            "법정동주소":"전라북도 완주군 용진읍 신지리 877",
            "도로명주소":"전라북도 완주군 가목길 21",
            "세대수":0,
            "입주년차":20,
            "용적률점수":"--",
            "건폐율점수":"--",
            "세대당주차수":0,
            "난방방식":30,
            "공급면적":"--",
            "전용률":"--",
            "욕실수":50,
            "현관타입":100,
            "주거총점":22.0,
            "지역구공급총점":0.0,
            "역세권":"NA",
            "30분내 이동가능 거점":"NA",
            "1시간내 이동가능 거점":"NA",
            "교통총점":"NA",
            "백화점":0,
            "아울렛몰":0,
            "대형마트":0,
            "은행":0,
            "병원":0,
            "종합병원":0,
            "공원":0,
            "혐오시설":0,
            "인프라총점":0.0,
            "초등학군":89.98,
            "중학군":33.78,
            "학군총점":45.02,
            "인구수":8.9,
            "인구증감":0.66,
            "인구총점":6.428,
            "일자리":8.01,
            "소득수준":71.55,
            "일자리총점":27.072,
            "가치 총점":18.955,
            "매매실거래년":20220317.0,
            "매매실거래가":4300.0,
            "평단가":200,
            "전세실거래년":20211213.0,
            "전세실거래가":5000.0,
            "전세가율":108.7,
            "장기전세가율평균":"NA",
            "전세가율거품지수":"NA",
            "검색코드":121331,
            "세대수":298.0,
            "난방":"개별난방",
            "주차":"253 (세대당 0.85대)",
            "현관구조":"계단식",
            "관리비평균":null,
            "방수":3,
            "욕실개수":1,
            "준공년월":"2001-10-31",
            "준공년차":21.0,
            "가까운역이름":"NA",
            "가까운역거리":"NA",
            "역세권여부":"NA",
            "30분이내주요거점역":"NA",
            "30분거점역이름":"NA",
            "1시간이내주요거점역":"NA",
            "1시간거점역이름":"NA",
            "3km이내백화점수":0,
            "5km이내아울렛몰수":0,
            "1km이내대형먀트수":0,
            "500m이내은행수":0,
            "500m이내병원수":0,
            "5km이내대형병원수":0,
            "500m이내공원수":0,
            "3km이내혐오시설수":0,
            "초등학교학업성취도":89.98,
            "중학교학업성취도":56.3,
            "학원가":0,
            "학원수":0,
            "용적률":0,
            "건폐율":0,
            "Y":35.924091,
            "X":127.17232,
            "rank":35.0,
            "area_info":"22평(75.7),23평(76.09)",
            "sales_info":"0.46억 (2022-03-14),0.43억 (2022-03-17)",
            "last_sales":"2022-03-17,4300.0,23평(76.09)",
            "maintenance":"nan,nan",
            "price_per":"200,186",
            "room":"3,3",
            "bath":"1,1",
            "rank_history":[
                [
                    "202204",
                    35
                ],
                [
                    "202203",
                    32
                ],
                [
                    "202202",
                    27
                ],
                [
                    "202201",
                    27
                ]
            ],
            "rank_gap":-3
        },
        {
            "index":16,
            "아파트명":"봉동한신",
            "매매타입":"아파트",
            "전용면적(m2)":"79.43",
            "전용면적(평)":"24평",
            "법정동주소":"전라북도 완주군 봉동읍 신성리 819-14",
            "도로명주소":"전라북도 완주군 봉동로 19",
            "세대수":0,
            "입주년차":0,
            "용적률점수":"--",
            "건폐율점수":"--",
            "세대당주차수":0,
            "난방방식":30,
            "공급면적":"--",
            "전용률":"--",
            "욕실수":50,
            "현관타입":100,
            "주거총점":18.0,
            "지역구공급총점":0.0,
            "역세권":"NA",
            "30분내 이동가능 거점":"NA",
            "1시간내 이동가능 거점":"NA",
            "교통총점":"NA",
            "백화점":0,
            "아울렛몰":0,
            "대형마트":0,
            "은행":0,
            "병원":0,
            "종합병원":0,
            "공원":100,
            "혐오시설":0,
            "인프라총점":3.0,
            "초등학군":89.98,
            "중학군":33.78,
            "학군총점":45.02,
            "인구수":8.9,
            "인구증감":0.66,
            "인구총점":6.428,
            "일자리":8.01,
            "소득수준":71.55,
            "일자리총점":27.072,
            "가치 총점":18.755,
            "매매실거래년":20220329.0,
            "매매실거래가":5500.0,
            "평단가":228,
            "전세실거래년":20210707.0,
            "전세실거래가":6000.0,
            "전세가율":109.09,
            "장기전세가율평균":"NA",
            "전세가율거품지수":"NA",
            "검색코드":106481,
            "세대수":188.0,
            "난방":"개별난방",
            "주차":"119 (세대당 0.63대)",
            "현관구조":"계단식",
            "관리비평균":114836.0,
            "방수":3,
            "욕실개수":1,
            "준공년월":"1997-05-02",
            "준공년차":25.0,
            "가까운역이름":"NA",
            "가까운역거리":"NA",
            "역세권여부":"NA",
            "30분이내주요거점역":"NA",
            "30분거점역이름":"NA",
            "1시간이내주요거점역":"NA",
            "1시간거점역이름":"NA",
            "3km이내백화점수":0,
            "5km이내아울렛몰수":0,
            "1km이내대형먀트수":0,
            "500m이내은행수":0,
            "500m이내병원수":0,
            "5km이내대형병원수":0,
            "500m이내공원수":4,
            "3km이내혐오시설수":0,
            "초등학교학업성취도":89.98,
            "중학교학업성취도":56.3,
            "학원가":0,
            "학원수":0,
            "용적률":369,
            "건폐율":28,
            "Y":35.927028,
            "X":127.165443,
            "rank":36.0,
            "area_info":"24평(79.43)",
            "sales_info":"0.55억 (2022-03-29)",
            "last_sales":"2022-03-29,5500.0,24평(79.43)",
            "maintenance":"114836.0",
            "price_per":"228",
            "room":"3",
            "bath":"1",
            "rank_history":[
                [
                    "202204",
                    36
                ],
                [
                    "202203",
                    33
                ],
                [
                    "202202",
                    28
                ],
                [
                    "202201",
                    28
                ]
            ],
            "rank_gap":-3
        },
        {
            "index":82,
            "아파트명":"봉동원주",
            "매매타입":"아파트",
            "전용면적(m2)":"46.73",
            "전용면적(평)":"14평",
            "법정동주소":"전라북도 완주군 용진읍 신지리 876-4",
            "도로명주소":"전라북도 완주군 완주로 716",
            "세대수":0,
            "입주년차":0,
            "용적률점수":"--",
            "건폐율점수":"--",
            "세대당주차수":0,
            "난방방식":30,
            "공급면적":"--",
            "전용률":"--",
            "욕실수":50,
            "현관타입":100,
            "주거총점":18.0,
            "지역구공급총점":0.0,
            "역세권":"NA",
            "30분내 이동가능 거점":"NA",
            "1시간내 이동가능 거점":"NA",
            "교통총점":"NA",
            "백화점":0,
            "아울렛몰":0,
            "대형마트":0,
            "은행":0,
            "병원":0,
            "종합병원":0,
            "공원":0,
            "혐오시설":0,
            "인프라총점":0.0,
            "초등학군":89.98,
            "중학군":33.78,
            "학군총점":45.02,
            "인구수":8.9,
            "인구증감":0.66,
            "인구총점":6.428,
            "일자리":8.01,
            "소득수준":71.55,
            "일자리총점":27.072,
            "가치 총점":17.555,
            "매매실거래년":20220404.0,
            "매매실거래가":6100.0,
            "평단가":166,
            "전세실거래년":20181001.0,
            "전세실거래가":2300.0,
            "전세가율":97.87,
            "장기전세가율평균":"NA",
            "전세가율거품지수":"NA",
            "검색코드":109112,
            "세대수":297.0,
            "난방":"개별난방",
            "주차":"227 (세대당 0.76대)",
            "현관구조":"계단식",
            "관리비평균":null,
            "방수":1,
            "욕실개수":1,
            "준공년월":"1997-10-09",
            "준공년차":25.0,
            "가까운역이름":"NA",
            "가까운역거리":"NA",
            "역세권여부":"NA",
            "30분이내주요거점역":"NA",
            "30분거점역이름":"NA",
            "1시간이내주요거점역":"NA",
            "1시간거점역이름":"NA",
            "3km이내백화점수":0,
            "5km이내아울렛몰수":0,
            "1km이내대형먀트수":0,
            "500m이내은행수":0,
            "500m이내병원수":0,
            "5km이내대형병원수":0,
            "500m이내공원수":0,
            "3km이내혐오시설수":0,
            "초등학교학업성취도":89.98,
            "중학교학업성취도":56.3,
            "학원가":0,
            "학원수":0,
            "용적률":149,
            "건폐율":14,
            "Y":35.925301,
            "X":127.173672,
            "rank":37.0,
            "area_info":"14평(46.73),14평(49.12),21평(70.57),22평(72.95),23평(78.59)",
            "sales_info":"0.235억 (2022-03-29),0.22억 (2021-03-22),0.47억 (2022-03-21),0.4억 (2021-02-05),0.61억 (2022-04-04)",
            "last_sales":"2022-04-04,6100.0,23평(78.59)",
            "maintenance":"nan,nan,nan,nan,nan",
            "price_per":"166,148,220,181,256",
            "room":"1,1,2,2,3",
            "bath":"1,1,1,1,1",
            "rank_history":[
                [
                    "202204",
                    37
                ],
                [
                    "202203",
                    34
                ],
                [
                    "202202",
                    29
                ],
                [
                    "202201",
                    29
                ]
            ],
            "rank_gap":-3
        }
    ]
}