{
    "schema":{
        "fields":[
            {
                "name":"index",
                "type":"integer"
            },
            {
                "name":"아파트명",
                "type":"string"
            },
            {
                "name":"매매타입",
                "type":"string"
            },
            {
                "name":"전용면적(m2)",
                "type":"string"
            },
            {
                "name":"전용면적(평)",
                "type":"string"
            },
            {
                "name":"법정동주소",
                "type":"string"
            },
            {
                "name":"도로명주소",
                "type":"string"
            },
            {
                "name":"세대수",
                "type":"integer"
            },
            {
                "name":"입주년차",
                "type":"integer"
            },
            {
                "name":"용적률점수",
                "type":"string"
            },
            {
                "name":"건폐율점수",
                "type":"string"
            },
            {
                "name":"세대당주차수",
                "type":"integer"
            },
            {
                "name":"난방방식",
                "type":"integer"
            },
            {
                "name":"공급면적",
                "type":"string"
            },
            {
                "name":"전용률",
                "type":"string"
            },
            {
                "name":"욕실수",
                "type":"integer"
            },
            {
                "name":"현관타입",
                "type":"integer"
            },
            {
                "name":"주거총점",
                "type":"number"
            },
            {
                "name":"지역구공급총점",
                "type":"number"
            },
            {
                "name":"역세권",
                "type":"string"
            },
            {
                "name":"30분내 이동가능 거점",
                "type":"string"
            },
            {
                "name":"1시간내 이동가능 거점",
                "type":"string"
            },
            {
                "name":"교통총점",
                "type":"string"
            },
            {
                "name":"백화점",
                "type":"integer"
            },
            {
                "name":"아울렛몰",
                "type":"integer"
            },
            {
                "name":"대형마트",
                "type":"integer"
            },
            {
                "name":"은행",
                "type":"integer"
            },
            {
                "name":"병원",
                "type":"integer"
            },
            {
                "name":"종합병원",
                "type":"integer"
            },
            {
                "name":"공원",
                "type":"integer"
            },
            {
                "name":"혐오시설",
                "type":"integer"
            },
            {
                "name":"인프라총점",
                "type":"number"
            },
            {
                "name":"초등학군",
                "type":"number"
            },
            {
                "name":"중학군",
                "type":"number"
            },
            {
                "name":"학군총점",
                "type":"number"
            },
            {
                "name":"인구수",
                "type":"number"
            },
            {
                "name":"인구증감",
                "type":"number"
            },
            {
                "name":"인구총점",
                "type":"number"
            },
            {
                "name":"일자리",
                "type":"number"
            },
            {
                "name":"소득수준",
                "type":"number"
            },
            {
                "name":"일자리총점",
                "type":"number"
            },
            {
                "name":"가치 총점",
                "type":"number"
            },
            {
                "name":"매매실거래년",
                "type":"number"
            },
            {
                "name":"매매실거래가",
                "type":"number"
            },
            {
                "name":"평단가",
                "type":"string"
            },
            {
                "name":"전세실거래년",
                "type":"number"
            },
            {
                "name":"전세실거래가",
                "type":"number"
            },
            {
                "name":"전세가율",
                "type":"number"
            },
            {
                "name":"장기전세가율평균",
                "type":"number"
            },
            {
                "name":"전세가율거품지수",
                "type":"number"
            },
            {
                "name":"검색코드",
                "type":"integer"
            },
            {
                "name":"세대수",
                "type":"number"
            },
            {
                "name":"난방",
                "type":"string"
            },
            {
                "name":"주차",
                "type":"string"
            },
            {
                "name":"현관구조",
                "type":"string"
            },
            {
                "name":"관리비평균",
                "type":"number"
            },
            {
                "name":"방수",
                "type":"integer"
            },
            {
                "name":"욕실개수",
                "type":"integer"
            },
            {
                "name":"준공년월",
                "type":"string"
            },
            {
                "name":"준공년차",
                "type":"number"
            },
            {
                "name":"가까운역이름",
                "type":"string"
            },
            {
                "name":"가까운역거리",
                "type":"string"
            },
            {
                "name":"역세권여부",
                "type":"string"
            },
            {
                "name":"30분이내주요거점역",
                "type":"string"
            },
            {
                "name":"30분거점역이름",
                "type":"string"
            },
            {
                "name":"1시간이내주요거점역",
                "type":"string"
            },
            {
                "name":"1시간거점역이름",
                "type":"string"
            },
            {
                "name":"3km이내백화점수",
                "type":"integer"
            },
            {
                "name":"5km이내아울렛몰수",
                "type":"integer"
            },
            {
                "name":"1km이내대형먀트수",
                "type":"integer"
            },
            {
                "name":"500m이내은행수",
                "type":"integer"
            },
            {
                "name":"500m이내병원수",
                "type":"integer"
            },
            {
                "name":"5km이내대형병원수",
                "type":"integer"
            },
            {
                "name":"500m이내공원수",
                "type":"integer"
            },
            {
                "name":"3km이내혐오시설수",
                "type":"integer"
            },
            {
                "name":"초등학교학업성취도",
                "type":"number"
            },
            {
                "name":"중학교학업성취도",
                "type":"number"
            },
            {
                "name":"학원가",
                "type":"integer"
            },
            {
                "name":"학원수",
                "type":"integer"
            },
            {
                "name":"용적률",
                "type":"integer"
            },
            {
                "name":"건폐율",
                "type":"integer"
            },
            {
                "name":"Y",
                "type":"number"
            },
            {
                "name":"X",
                "type":"number"
            },
            {
                "name":"rank",
                "type":"number"
            },
            {
                "name":"area_info",
                "type":"string"
            },
            {
                "name":"sales_info",
                "type":"string"
            },
            {
                "name":"last_sales",
                "type":"string"
            },
            {
                "name":"maintenance",
                "type":"string"
            },
            {
                "name":"price_per",
                "type":"string"
            },
            {
                "name":"room",
                "type":"string"
            },
            {
                "name":"bath",
                "type":"string"
            },
            {
                "name":"rank_history",
                "type":"string"
            },
            {
                "name":"rank_gap",
                "type":"integer"
            }
        ],
        "primaryKey":[
            "index"
        ],
        "pandas_version":"1.4.0"
    },
    "data":[
        {
            "index":94,
            "아파트명":"나주역자이리버파크",
            "매매타입":"분양권",
            "전용면적(m2)":"79.37",
            "전용면적(평)":"24평",
            "법정동주소":"전라남도 나주시 송월동 135-3번지 일원",
            "도로명주소":"전라남도 나주시",
            "세대수":100,
            "입주년차":100,
            "용적률점수":"--",
            "건폐율점수":"--",
            "세대당주차수":60,
            "난방방식":30,
            "공급면적":"--",
            "전용률":"--",
            "욕실수":100,
            "현관타입":100,
            "주거총점":87.0,
            "지역구공급총점":0.0,
            "역세권":"NA",
            "30분내 이동가능 거점":"NA",
            "1시간내 이동가능 거점":"NA",
            "교통총점":"NA",
            "백화점":0,
            "아울렛몰":0,
            "대형마트":80,
            "은행":0,
            "병원":0,
            "종합병원":80,
            "공원":0,
            "혐오시설":0,
            "인프라총점":28.0,
            "초등학군":90.04,
            "중학군":29.34,
            "학군총점":41.48,
            "인구수":11.43,
            "인구증감":5.39,
            "인구총점":9.618,
            "일자리":9.59,
            "소득수준":84.38,
            "일자리총점":32.027,
            "가치 총점":52.02,
            "매매실거래년":18000101.0,
            "매매실거래가":null,
            "평단가":"nan",
            "전세실거래년":null,
            "전세실거래가":null,
            "전세가율":null,
            "장기전세가율평균":64.61,
            "전세가율거품지수":null,
            "검색코드":146077,
            "세대수":1554.0,
            "난방":"개별난방",
            "주차":"2,163 (세대당 1.39대)",
            "현관구조":"계단식",
            "관리비평균":null,
            "방수":3,
            "욕실개수":2,
            "준공년월":"2025-01-01",
            "준공년차":-3.0,
            "가까운역이름":"NA",
            "가까운역거리":"NA",
            "역세권여부":"NA",
            "30분이내주요거점역":"NA",
            "30분거점역이름":"NA",
            "1시간이내주요거점역":"NA",
            "1시간거점역이름":"NA",
            "3km이내백화점수":0,
            "5km이내아울렛몰수":0,
            "1km이내대형먀트수":1,
            "500m이내은행수":0,
            "500m이내병원수":0,
            "5km이내대형병원수":1,
            "500m이내공원수":0,
            "3km이내혐오시설수":0,
            "초등학교학업성취도":90.04,
            "중학교학업성취도":48.9,
            "학원가":0,
            "학원수":0,
            "용적률":247,
            "건폐율":17,
            "Y":35.014859,
            "X":126.723166,
            "rank":1.0,
            "area_info":"24평(79.37),24평(79.53),33평(110.46),33평(110.34),33평(110.64),33평(110.46),45평(149.91),52평(172.77),52평(174.26),70평(233.39)",
            "sales_info":"거래 정보 없음,거래 정보 없음,거래 정보 없음,거래 정보 없음,거래 정보 없음,거래 정보 없음,거래 정보 없음,거래 정보 없음,거래 정보 없음,거래 정보 없음",
            "last_sales":"1800-01-01,nan,70평(233.39)",
            "maintenance":"nan,nan,nan,nan,nan,nan,nan,nan,nan,nan",
            "price_per":"nan,nan,nan,nan,nan,nan,nan,nan,nan,nan",
            "room":"3,3,4,3,3,4,4,3,3,3",
            "bath":"2,2,2,2,2,2,2,2,2,2",
            "rank_history":[
                [
                    "202204",
                    1
                ],
                [
                    "202203",
                    9999
                ]
            ],
            "rank_gap":9999
        },
        {
            "index":1,
            "아파트명":"빛가람코오롱하늘채",
            "매매타입":"분양권",
            "전용면적(m2)":"79.07",
            "전용면적(평)":"23평",
            "법정동주소":"전라남도 나주시 금천면 석전리 석전리 341-55번지 일원",
            "도로명주소":"전라남도 나주시",
            "세대수":90,
            "입주년차":100,
            "용적률점수":"--",
            "건폐율점수":"--",
            "세대당주차수":60,
            "난방방식":30,
            "공급면적":"--",
            "전용률":"--",
            "욕실수":100,
            "현관타입":100,
            "주거총점":83.5,
            "지역구공급총점":0.0,
            "역세권":"NA",
            "30분내 이동가능 거점":"NA",
            "1시간내 이동가능 거점":"NA",
            "교통총점":"NA",
            "백화점":0,
            "아울렛몰":0,
            "대형마트":0,
            "은행":0,
            "병원":0,
            "종합병원":100,
            "공원":0,
            "혐오시설":0,
            "인프라총점":20.0,
            "초등학군":90.02,
            "중학군":50.28,
            "학군총점":58.228,
            "인구수":11.43,
            "인구증감":5.39,
            "인구총점":9.618,
            "일자리":9.59,
            "소득수준":84.38,
            "일자리총점":32.027,
            "가치 총점":51.782,
            "매매실거래년":18000101.0,
            "매매실거래가":null,
            "평단가":"nan",
            "전세실거래년":null,
            "전세실거래가":null,
            "전세가율":null,
            "장기전세가율평균":64.61,
            "전세가율거품지수":null,
            "검색코드":144024,
            "세대수":1480.0,
            "난방":"개별난방",
            "주차":"2,099 (세대당 1.42대)",
            "현관구조":"계단식",
            "관리비평균":null,
            "방수":3,
            "욕실개수":2,
            "준공년월":"2022-10-01",
            "준공년차":0.0,
            "가까운역이름":"NA",
            "가까운역거리":"NA",
            "역세권여부":"NA",
            "30분이내주요거점역":"NA",
            "30분거점역이름":"NA",
            "1시간이내주요거점역":"NA",
            "1시간거점역이름":"NA",
            "3km이내백화점수":0,
            "5km이내아울렛몰수":0,
            "1km이내대형먀트수":0,
            "500m이내은행수":0,
            "500m이내병원수":0,
            "5km이내대형병원수":2,
            "500m이내공원수":0,
            "3km이내혐오시설수":0,
            "초등학교학업성취도":90.02,
            "중학교학업성취도":79.6,
            "학원가":0,
            "학원수":0,
            "용적률":174,
            "건폐율":14,
            "Y":35.032504,
            "X":126.772423,
            "rank":2.0,
            "area_info":"23평(79.07),23평(79.25),33평(110.4),33평(111.3),45평(151.65),58평(191.89),78평(258.25)",
            "sales_info":"거래 정보 없음,거래 정보 없음,거래 정보 없음,거래 정보 없음,거래 정보 없음,거래 정보 없음,거래 정보 없음",
            "last_sales":"1800-01-01,nan,78평(258.25)",
            "maintenance":"nan,nan,nan,nan,nan,nan,nan",
            "price_per":"nan,nan,nan,nan,nan,nan,nan",
            "room":"3,3,3,3,4,3,4",
            "bath":"2,2,2,2,2,2,2",
            "rank_history":[
                [
                    "202204",
                    2
                ],
                [
                    "202203",
                    9999
                ]
            ],
            "rank_gap":9999
        },
        {
            "index":77,
            "아파트명":"이노시티애시앙",
            "매매타입":"아파트",
            "전용면적(m2)":"110.54",
            "전용면적(평)":"33평",
            "법정동주소":"전라남도 나주시 빛가람동 1",
            "도로명주소":"전라남도 나주시 한빛로 91",
            "세대수":90,
            "입주년차":100,
            "용적률점수":"--",
            "건폐율점수":"--",
            "세대당주차수":60,
            "난방방식":100,
            "공급면적":"--",
            "전용률":"--",
            "욕실수":100,
            "현관타입":100,
            "주거총점":90.5,
            "지역구공급총점":0.0,
            "역세권":"NA",
            "30분내 이동가능 거점":"NA",
            "1시간내 이동가능 거점":"NA",
            "교통총점":"NA",
            "백화점":0,
            "아울렛몰":0,
            "대형마트":0,
            "은행":0,
            "병원":0,
            "종합병원":80,
            "공원":100,
            "혐오시설":0,
            "인프라총점":19.0,
            "초등학군":90.02,
            "중학군":37.66,
            "학군총점":48.132,
            "인구수":11.43,
            "인구증감":5.39,
            "인구총점":9.618,
            "일자리":9.59,
            "소득수준":84.38,
            "일자리총점":32.027,
            "가치 총점":51.308,
            "매매실거래년":20220115.0,
            "매매실거래가":49000.0,
            "평단가":1465,
            "전세실거래년":20220303.0,
            "전세실거래가":28000.0,
            "전세가율":57.14,
            "장기전세가율평균":64.61,
            "전세가율거품지수":7.47,
            "검색코드":127728,
            "세대수":1478.0,
            "난방":"지역난방",
            "주차":"1,972 (세대당 1.33대)",
            "현관구조":"계단식",
            "관리비평균":null,
            "방수":3,
            "욕실개수":2,
            "준공년월":"2020-09-01",
            "준공년차":2.0,
            "가까운역이름":"NA",
            "가까운역거리":"NA",
            "역세권여부":"NA",
            "30분이내주요거점역":"NA",
            "30분거점역이름":"NA",
            "1시간이내주요거점역":"NA",
            "1시간거점역이름":"NA",
            "3km이내백화점수":0,
            "5km이내아울렛몰수":0,
            "1km이내대형먀트수":0,
            "500m이내은행수":0,
            "500m이내병원수":0,
            "5km이내대형병원수":1,
            "500m이내공원수":2,
            "3km이내혐오시설수":0,
            "초등학교학업성취도":90.02,
            "중학교학업성취도":61.9,
            "학원가":0,
            "학원수":0,
            "용적률":0,
            "건폐율":0,
            "Y":35.031072,
            "X":126.781151,
            "rank":3.0,
            "area_info":"33평(110.54),33평(110.41),33평(110.41)",
            "sales_info":"4.9억 (2022-01-15),3.19억 (2021-07-02),거래 정보 없음",
            "last_sales":"2022-01-15,49000.0,33평(110.54)",
            "maintenance":"nan,nan,nan",
            "price_per":"1465,955,nan",
            "room":"3,3,3",
            "bath":"2,2,2",
            "rank_history":[
                [
                    "202204",
                    3
                ],
                [
                    "202203",
                    1
                ],
                [
                    "202202",
                    2
                ],
                [
                    "202201",
                    2
                ]
            ],
            "rank_gap":-2
        },
        {
            "index":66,
            "아파트명":"빛가람우미린",
            "매매타입":"아파트",
            "전용면적(m2)":"99.08",
            "전용면적(평)":"29평",
            "법정동주소":"전라남도 나주시 빛가람동 135",
            "도로명주소":"전라남도 나주시 한빛로 61",
            "세대수":90,
            "입주년차":80,
            "용적률점수":"--",
            "건폐율점수":"--",
            "세대당주차수":30,
            "난방방식":100,
            "공급면적":"--",
            "전용률":"--",
            "욕실수":100,
            "현관타입":100,
            "주거총점":82.0,
            "지역구공급총점":0.0,
            "역세권":"NA",
            "30분내 이동가능 거점":"NA",
            "1시간내 이동가능 거점":"NA",
            "교통총점":"NA",
            "백화점":0,
            "아울렛몰":0,
            "대형마트":0,
            "은행":0,
            "병원":0,
            "종합병원":80,
            "공원":100,
            "혐오시설":0,
            "인프라총점":19.0,
            "초등학군":90.02,
            "중학군":50.28,
            "학군총점":58.228,
            "인구수":11.43,
            "인구증감":5.39,
            "인구총점":9.618,
            "일자리":9.59,
            "소득수준":84.38,
            "일자리총점":32.027,
            "가치 총점":50.857,
            "매매실거래년":20220219.0,
            "매매실거래가":31000.0,
            "평단가":1034,
            "전세실거래년":20220408.0,
            "전세실거래가":27000.0,
            "전세가율":87.1,
            "장기전세가율평균":64.61,
            "전세가율거품지수":-22.49,
            "검색코드":107331,
            "세대수":1078.0,
            "난방":"지역난방",
            "주차":"1,310 (세대당 1.22대)",
            "현관구조":"계단식",
            "관리비평균":183689.0,
            "방수":3,
            "욕실개수":2,
            "준공년월":"2015-03-30",
            "준공년차":7.0,
            "가까운역이름":"NA",
            "가까운역거리":"NA",
            "역세권여부":"NA",
            "30분이내주요거점역":"NA",
            "30분거점역이름":"NA",
            "1시간이내주요거점역":"NA",
            "1시간거점역이름":"NA",
            "3km이내백화점수":0,
            "5km이내아울렛몰수":0,
            "1km이내대형먀트수":0,
            "500m이내은행수":0,
            "500m이내병원수":0,
            "5km이내대형병원수":1,
            "500m이내공원수":3,
            "3km이내혐오시설수":0,
            "초등학교학업성취도":90.02,
            "중학교학업성취도":79.6,
            "학원가":0,
            "학원수":0,
            "용적률":153,
            "건폐율":14,
            "Y":35.027293,
            "X":126.77927,
            "rank":4.0,
            "area_info":"29평(99.08),33평(110.37),33평(110.23)",
            "sales_info":"3.1억 (2022-02-19),3.95억 (2021-12-06),거래 정보 없음",
            "last_sales":"2022-02-19,31000.0,29평(99.08)",
            "maintenance":"183689.0,204928.0,204922.0",
            "price_per":"1034,1183,nan",
            "room":"3,3,3",
            "bath":"2,2,2",
            "rank_history":[
                [
                    "202204",
                    4
                ],
                [
                    "202203",
                    3
                ],
                [
                    "202202",
                    3
                ],
                [
                    "202201",
                    3
                ]
            ],
            "rank_gap":-1
        },
        {
            "index":56,
            "아파트명":"빛가람LH3단지",
            "매매타입":"아파트",
            "전용면적(m2)":"78.76",
            "전용면적(평)":"23평",
            "법정동주소":"전라남도 나주시 빛가람동 624",
            "도로명주소":"전라남도 나주시 그린로 154",
            "세대수":90,
            "입주년차":80,
            "용적률점수":"--",
            "건폐율점수":"--",
            "세대당주차수":30,
            "난방방식":100,
            "공급면적":"--",
            "전용률":"--",
            "욕실수":100,
            "현관타입":100,
            "주거총점":82.0,
            "지역구공급총점":0.0,
            "역세권":"NA",
            "30분내 이동가능 거점":"NA",
            "1시간내 이동가능 거점":"NA",
            "교통총점":"NA",
            "백화점":0,
            "아울렛몰":0,
            "대형마트":0,
            "은행":0,
            "병원":0,
            "종합병원":80,
            "공원":100,
            "혐오시설":0,
            "인프라총점":19.0,
            "초등학군":90.01,
            "중학군":50.28,
            "학군총점":58.226,
            "인구수":11.43,
            "인구증감":5.39,
            "인구총점":9.618,
            "일자리":9.59,
            "소득수준":84.38,
            "일자리총점":32.027,
            "가치 총점":50.8565,
            "매매실거래년":18000101.0,
            "매매실거래가":null,
            "평단가":"nan",
            "전세실거래년":null,
            "전세실거래가":null,
            "전세가율":null,
            "장기전세가율평균":64.61,
            "전세가율거품지수":null,
            "검색코드":140285,
            "세대수":1029.0,
            "난방":"지역난방",
            "주차":"1,061 (세대당 1.03대)",
            "현관구조":"계단식",
            "관리비평균":null,
            "방수":3,
            "욕실개수":2,
            "준공년월":"2014-09-16",
            "준공년차":8.0,
            "가까운역이름":"NA",
            "가까운역거리":"NA",
            "역세권여부":"NA",
            "30분이내주요거점역":"NA",
            "30분거점역이름":"NA",
            "1시간이내주요거점역":"NA",
            "1시간거점역이름":"NA",
            "3km이내백화점수":0,
            "5km이내아울렛몰수":0,
            "1km이내대형먀트수":0,
            "500m이내은행수":0,
            "500m이내병원수":1,
            "5km이내대형병원수":1,
            "500m이내공원수":3,
            "3km이내혐오시설수":0,
            "초등학교학업성취도":90.01,
            "중학교학업성취도":79.6,
            "학원가":1,
            "학원수":17,
            "용적률":137,
            "건폐율":12,
            "Y":35.008906,
            "X":126.78358,
            "rank":5.0,
            "area_info":"23평(78.76),23평(78.75),29평(98.5),33평(111.72),33평(111.4)",
            "sales_info":"거래 정보 없음,거래 정보 없음,거래 정보 없음,거래 정보 없음,거래 정보 없음",
            "last_sales":"1800-01-01,nan,33평(111.4)",
            "maintenance":"nan,nan,nan,nan,nan",
            "price_per":"nan,nan,nan,nan,nan",
            "room":"3,3,3,3,3",
            "bath":"2,2,2,2,2",
            "rank_history":[
                [
                    "202204",
                    5
                ],
                [
                    "202203",
                    2
                ],
                [
                    "202202",
                    1
                ],
                [
                    "202201",
                    4
                ]
            ],
            "rank_gap":-3
        },
        {
            "index":50,
            "아파트명":"빛가람LH1단지",
            "매매타입":"아파트",
            "전용면적(m2)":"97.93",
            "전용면적(평)":"29평",
            "법정동주소":"전라남도 나주시 빛가람동 394",
            "도로명주소":"전라남도 나주시 그린로 63",
            "세대수":90,
            "입주년차":80,
            "용적률점수":"--",
            "건폐율점수":"--",
            "세대당주차수":30,
            "난방방식":100,
            "공급면적":"--",
            "전용률":"--",
            "욕실수":100,
            "현관타입":100,
            "주거총점":82.0,
            "지역구공급총점":0.0,
            "역세권":"NA",
            "30분내 이동가능 거점":"NA",
            "1시간내 이동가능 거점":"NA",
            "교통총점":"NA",
            "백화점":0,
            "아울렛몰":0,
            "대형마트":0,
            "은행":0,
            "병원":0,
            "종합병원":80,
            "공원":100,
            "혐오시설":0,
            "인프라총점":19.0,
            "초등학군":90.01,
            "중학군":50.28,
            "학군총점":58.226,
            "인구수":11.43,
            "인구증감":5.39,
            "인구총점":9.618,
            "일자리":9.59,
            "소득수준":84.38,
            "일자리총점":32.027,
            "가치 총점":50.8565,
            "매매실거래년":18000101.0,
            "매매실거래가":null,
            "평단가":"nan",
            "전세실거래년":null,
            "전세실거래가":null,
            "전세가율":null,
            "장기전세가율평균":64.61,
            "전세가율거품지수":null,
            "검색코드":142106,
            "세대수":919.0,
            "난방":"지역난방",
            "주차":"988 (세대당 1.08대)",
            "현관구조":"계단식",
            "관리비평균":null,
            "방수":3,
            "욕실개수":2,
            "준공년월":"2015-01-28",
            "준공년차":7.0,
            "가까운역이름":"NA",
            "가까운역거리":"NA",
            "역세권여부":"NA",
            "30분이내주요거점역":"NA",
            "30분거점역이름":"NA",
            "1시간이내주요거점역":"NA",
            "1시간거점역이름":"NA",
            "3km이내백화점수":0,
            "5km이내아울렛몰수":0,
            "1km이내대형먀트수":0,
            "500m이내은행수":0,
            "500m이내병원수":1,
            "5km이내대형병원수":1,
            "500m이내공원수":4,
            "3km이내혐오시설수":0,
            "초등학교학업성취도":90.01,
            "중학교학업성취도":79.6,
            "학원가":0,
            "학원수":0,
            "용적률":170,
            "건폐율":16,
            "Y":35.015915,
            "X":126.77819,
            "rank":5.0,
            "area_info":"29평(97.93),33평(111.07),33평(111.05)",
            "sales_info":"거래 정보 없음,거래 정보 없음,거래 정보 없음",
            "last_sales":"1800-01-01,nan,33평(111.05)",
            "maintenance":"nan,nan,nan",
            "price_per":"nan,nan,nan",
            "room":"3,3,3",
            "bath":"2,2,2",
            "rank_history":[
                [
                    "202204",
                    5
                ],
                [
                    "202203",
                    4
                ],
                [
                    "202202",
                    4
                ],
                [
                    "202201",
                    5
                ]
            ],
            "rank_gap":-1
        },
        {
            "index":45,
            "아파트명":"대광로제비앙",
            "매매타입":"아파트",
            "전용면적(m2)":"110.79",
            "전용면적(평)":"33평",
            "법정동주소":"전라남도 나주시 빛가람동 600",
            "도로명주소":"전라남도 나주시 그린로 153",
            "세대수":90,
            "입주년차":80,
            "용적률점수":"--",
            "건폐율점수":"--",
            "세대당주차수":30,
            "난방방식":100,
            "공급면적":"--",
            "전용률":"--",
            "욕실수":100,
            "현관타입":100,
            "주거총점":82.0,
            "지역구공급총점":0.0,
            "역세권":"NA",
            "30분내 이동가능 거점":"NA",
            "1시간내 이동가능 거점":"NA",
            "교통총점":"NA",
            "백화점":0,
            "아울렛몰":0,
            "대형마트":0,
            "은행":0,
            "병원":0,
            "종합병원":80,
            "공원":100,
            "혐오시설":0,
            "인프라총점":19.0,
            "초등학군":90.01,
            "중학군":50.28,
            "학군총점":58.226,
            "인구수":11.43,
            "인구증감":5.39,
            "인구총점":9.618,
            "일자리":9.59,
            "소득수준":84.38,
            "일자리총점":32.027,
            "가치 총점":50.8565,
            "매매실거래년":20220406.0,
            "매매실거래가":40000.0,
            "평단가":1193,
            "전세실거래년":20220228.0,
            "전세실거래가":29000.0,
            "전세가율":72.5,
            "장기전세가율평균":64.61,
            "전세가율거품지수":-7.89,
            "검색코드":109041,
            "세대수":920.0,
            "난방":"지역난방",
            "주차":"1,110 (세대당 1.21대)",
            "현관구조":"계단식",
            "관리비평균":214229.0,
            "방수":4,
            "욕실개수":2,
            "준공년월":"2016-07-14",
            "준공년차":6.0,
            "가까운역이름":"NA",
            "가까운역거리":"NA",
            "역세권여부":"NA",
            "30분이내주요거점역":"NA",
            "30분거점역이름":"NA",
            "1시간이내주요거점역":"NA",
            "1시간거점역이름":"NA",
            "3km이내백화점수":0,
            "5km이내아울렛몰수":0,
            "1km이내대형먀트수":0,
            "500m이내은행수":0,
            "500m이내병원수":1,
            "5km이내대형병원수":1,
            "500m이내공원수":4,
            "3km이내혐오시설수":0,
            "초등학교학업성취도":90.01,
            "중학교학업성취도":79.6,
            "학원가":1,
            "학원수":17,
            "용적률":154,
            "건폐율":14,
            "Y":35.010819,
            "X":126.785004,
            "rank":5.0,
            "area_info":"33평(110.79)",
            "sales_info":"4.0억 (2022-04-06)",
            "last_sales":"2022-04-06,40000.0,33평(110.79)",
            "maintenance":"214229.0",
            "price_per":"1193",
            "room":"4",
            "bath":"2",
            "rank_history":[
                [
                    "202204",
                    5
                ],
                [
                    "202203",
                    2
                ],
                [
                    "202202",
                    1
                ],
                [
                    "202201",
                    4
                ]
            ],
            "rank_gap":-3
        },
        {
            "index":74,
            "아파트명":"빛가람혁신도시중흥S-클래스센트럴1차",
            "매매타입":"아파트",
            "전용면적(m2)":"94.86",
            "전용면적(평)":"28평",
            "법정동주소":"전라남도 나주시 빛가람동 118",
            "도로명주소":"전라남도 나주시 우정로 77",
            "세대수":90,
            "입주년차":80,
            "용적률점수":"--",
            "건폐율점수":"--",
            "세대당주차수":30,
            "난방방식":100,
            "공급면적":"--",
            "전용률":"--",
            "욕실수":100,
            "현관타입":100,
            "주거총점":82.0,
            "지역구공급총점":0.0,
            "역세권":"NA",
            "30분내 이동가능 거점":"NA",
            "1시간내 이동가능 거점":"NA",
            "교통총점":"NA",
            "백화점":0,
            "아울렛몰":0,
            "대형마트":0,
            "은행":0,
            "병원":60,
            "종합병원":80,
            "공원":100,
            "혐오시설":0,
            "인프라총점":25.0,
            "초등학군":90.02,
            "중학군":37.66,
            "학군총점":48.132,
            "인구수":11.43,
            "인구증감":5.39,
            "인구총점":9.618,
            "일자리":9.59,
            "소득수준":84.38,
            "일자리총점":32.027,
            "가치 총점":50.733,
            "매매실거래년":20220323.0,
            "매매실거래가":47000.0,
            "평단가":1355,
            "전세실거래년":20220225.0,
            "전세실거래가":26000.0,
            "전세가율":66.84,
            "장기전세가율평균":64.61,
            "전세가율거품지수":-2.23,
            "검색코드":109042,
            "세대수":993.0,
            "난방":"지역난방",
            "주차":"1,207 (세대당 1.22대)",
            "현관구조":"계단식",
            "관리비평균":121366.0,
            "방수":3,
            "욕실개수":2,
            "준공년월":"2016-09-01",
            "준공년차":6.0,
            "가까운역이름":"NA",
            "가까운역거리":"NA",
            "역세권여부":"NA",
            "30분이내주요거점역":"NA",
            "30분거점역이름":"NA",
            "1시간이내주요거점역":"NA",
            "1시간거점역이름":"NA",
            "3km이내백화점수":0,
            "5km이내아울렛몰수":0,
            "1km이내대형먀트수":0,
            "500m이내은행수":0,
            "500m이내병원수":14,
            "5km이내대형병원수":1,
            "500m이내공원수":2,
            "3km이내혐오시설수":0,
            "초등학교학업성취도":90.02,
            "중학교학업성취도":61.9,
            "학원가":1,
            "학원수":13,
            "용적률":170,
            "건폐율":15,
            "Y":35.025005,
            "X":126.787954,
            "rank":6.0,
            "area_info":"28평(94.86),33평(111.48),33평(111.4)",
            "sales_info":"3.89억 (2022-01-18),4.7억 (2021-09-14),4.7억 (2022-03-23)",
            "last_sales":"2022-03-23,47000.0,33평(111.4)",
            "maintenance":"121366.0,142328.0,142380.0",
            "price_per":"1355,1393,1394",
            "room":"3,3,3",
            "bath":"2,2,2",
            "rank_history":[
                [
                    "202204",
                    6
                ],
                [
                    "202203",
                    5
                ],
                [
                    "202202",
                    5
                ],
                [
                    "202201",
                    1
                ]
            ],
            "rank_gap":-1
        },
        {
            "index":38,
            "아파트명":"광주전남공동혁신도시빛가람대방엘리움로얄카운티1차",
            "매매타입":"아파트",
            "전용면적(m2)":"139.66",
            "전용면적(평)":"42평",
            "법정동주소":"전라남도 나주시 빛가람동 378",
            "도로명주소":"전라남도 나주시 중야1길 37",
            "세대수":50,
            "입주년차":100,
            "용적률점수":"--",
            "건폐율점수":"--",
            "세대당주차수":60,
            "난방방식":100,
            "공급면적":"--",
            "전용률":"--",
            "욕실수":100,
            "현관타입":100,
            "주거총점":76.5,
            "지역구공급총점":0.0,
            "역세권":"NA",
            "30분내 이동가능 거점":"NA",
            "1시간내 이동가능 거점":"NA",
            "교통총점":"NA",
            "백화점":0,
            "아울렛몰":0,
            "대형마트":0,
            "은행":0,
            "병원":10,
            "종합병원":80,
            "공원":100,
            "혐오시설":0,
            "인프라총점":20.0,
            "초등학군":90.01,
            "중학군":50.28,
            "학군총점":58.226,
            "인구수":11.43,
            "인구증감":5.39,
            "인구총점":9.618,
            "일자리":9.59,
            "소득수준":84.38,
            "일자리총점":32.027,
            "가치 총점":49.3315,
            "매매실거래년":20220208.0,
            "매매실거래가":69800.0,
            "평단가":1652,
            "전세실거래년":20220324.0,
            "전세실거래가":35000.0,
            "전세가율":50.14,
            "장기전세가율평균":64.61,
            "전세가율거품지수":14.47,
            "검색코드":112815,
            "세대수":414.0,
            "난방":"지역난방",
            "주차":"717 (세대당 1.73대)",
            "현관구조":"계단식",
            "관리비평균":278964.0,
            "방수":5,
            "욕실개수":2,
            "준공년월":"2018-05-01",
            "준공년차":4.0,
            "가까운역이름":"NA",
            "가까운역거리":"NA",
            "역세권여부":"NA",
            "30분이내주요거점역":"NA",
            "30분거점역이름":"NA",
            "1시간이내주요거점역":"NA",
            "1시간거점역이름":"NA",
            "3km이내백화점수":0,
            "5km이내아울렛몰수":0,
            "1km이내대형먀트수":0,
            "500m이내은행수":0,
            "500m이내병원수":3,
            "5km이내대형병원수":1,
            "500m이내공원수":2,
            "3km이내혐오시설수":0,
            "초등학교학업성취도":90.01,
            "중학교학업성취도":79.6,
            "학원가":0,
            "학원수":0,
            "용적률":154,
            "건폐율":14,
            "Y":35.016731,
            "X":126.781626,
            "rank":7.0,
            "area_info":"42평(139.66),42평(139.99)",
            "sales_info":"6.98억 (2022-02-08),7.5억 (2021-09-27)",
            "last_sales":"2022-02-08,69800.0,42평(139.66)",
            "maintenance":"278964.0,278226.0",
            "price_per":"1652,1771",
            "room":"5,4",
            "bath":"2,2",
            "rank_history":[
                [
                    "202204",
                    7
                ],
                [
                    "202203",
                    9
                ],
                [
                    "202202",
                    9
                ],
                [
                    "202201",
                    7
                ]
            ],
            "rank_gap":2
        },
        {
            "index":32,
            "아파트명":"대방노블랜드1차",
            "매매타입":"아파트",
            "전용면적(m2)":"87.69",
            "전용면적(평)":"26평",
            "법정동주소":"전라남도 나주시 대호동 1020",
            "도로명주소":"전라남도 나주시 대호길 76-8",
            "세대수":90,
            "입주년차":40,
            "용적률점수":"--",
            "건폐율점수":"--",
            "세대당주차수":30,
            "난방방식":30,
            "공급면적":"--",
            "전용률":"--",
            "욕실수":100,
            "현관타입":100,
            "주거총점":67.0,
            "지역구공급총점":0.0,
            "역세권":"NA",
            "30분내 이동가능 거점":"NA",
            "1시간내 이동가능 거점":"NA",
            "교통총점":"NA",
            "백화점":0,
            "아울렛몰":0,
            "대형마트":100,
            "은행":0,
            "병원":0,
            "종합병원":80,
            "공원":100,
            "혐오시설":0,
            "인프라총점":34.0,
            "초등학군":89.99,
            "중학군":37.5,
            "학군총점":47.998,
            "인구수":11.43,
            "인구증감":5.39,
            "인구총점":9.618,
            "일자리":9.59,
            "소득수준":84.38,
            "일자리총점":32.027,
            "가치 총점":49.0495,
            "매매실거래년":20220410.0,
            "매매실거래가":17500.0,
            "평단가":490,
            "전세실거래년":20220120.0,
            "전세실거래가":10000.0,
            "전세가율":76.92,
            "장기전세가율평균":64.61,
            "전세가율거품지수":-12.31,
            "검색코드":25702,
            "세대수":1122.0,
            "난방":"개별난방",
            "주차":"1,352 (세대당 1.2대)",
            "현관구조":"계단식",
            "관리비평균":111356.0,
            "방수":3,
            "욕실개수":2,
            "준공년월":"2006-12-05",
            "준공년차":16.0,
            "가까운역이름":"NA",
            "가까운역거리":"NA",
            "역세권여부":"NA",
            "30분이내주요거점역":"NA",
            "30분거점역이름":"NA",
            "1시간이내주요거점역":"NA",
            "1시간거점역이름":"NA",
            "3km이내백화점수":0,
            "5km이내아울렛몰수":0,
            "1km이내대형먀트수":2,
            "500m이내은행수":0,
            "500m이내병원수":0,
            "5km이내대형병원수":1,
            "500m이내공원수":2,
            "3km이내혐오시설수":0,
            "초등학교학업성취도":89.99,
            "중학교학업성취도":62.5,
            "학원가":0,
            "학원수":0,
            "용적률":246,
            "건폐율":17,
            "Y":35.044565,
            "X":126.718304,
            "rank":8.0,
            "area_info":"26평(87.69),34평(112.51)",
            "sales_info":"1.3억 (2022-04-09),1.75억 (2022-04-10)",
            "last_sales":"2022-04-10,17500.0,34평(112.51)",
            "maintenance":"111356.0,157752.0",
            "price_per":"490,514",
            "room":"3,3",
            "bath":"2,2",
            "rank_history":[
                [
                    "202204",
                    8
                ],
                [
                    "202203",
                    6
                ],
                [
                    "202202",
                    6
                ],
                [
                    "202201",
                    15
                ]
            ],
            "rank_gap":-2
        },
        {
            "index":46,
            "아파트명":"루멘하임",
            "매매타입":"아파트",
            "전용면적(m2)":"109.69",
            "전용면적(평)":"33평",
            "법정동주소":"전라남도 나주시 빛가람동 325",
            "도로명주소":"전라남도 나주시 그린로 328",
            "세대수":90,
            "입주년차":80,
            "용적률점수":"--",
            "건폐율점수":"--",
            "세대당주차수":30,
            "난방방식":100,
            "공급면적":"--",
            "전용률":"--",
            "욕실수":100,
            "현관타입":100,
            "주거총점":82.0,
            "지역구공급총점":0.0,
            "역세권":"NA",
            "30분내 이동가능 거점":"NA",
            "1시간내 이동가능 거점":"NA",
            "교통총점":"NA",
            "백화점":0,
            "아울렛몰":0,
            "대형마트":0,
            "은행":0,
            "병원":0,
            "종합병원":80,
            "공원":100,
            "혐오시설":0,
            "인프라총점":19.0,
            "초등학군":90.02,
            "중학군":37.66,
            "학군총점":48.132,
            "인구수":11.43,
            "인구증감":5.39,
            "인구총점":9.618,
            "일자리":9.59,
            "소득수준":84.38,
            "일자리총점":32.027,
            "가치 총점":48.333,
            "매매실거래년":20220412.0,
            "매매실거래가":30500.0,
            "평단가":"nan",
            "전세실거래년":null,
            "전세실거래가":null,
            "전세가율":null,
            "장기전세가율평균":64.61,
            "전세가율거품지수":null,
            "검색코드":108508,
            "세대수":946.0,
            "난방":"지역난방",
            "주차":"1,194 (세대당 1.26대)",
            "현관구조":"계단식",
            "관리비평균":174903.0,
            "방수":3,
            "욕실개수":2,
            "준공년월":"2015-10-16",
            "준공년차":7.0,
            "가까운역이름":"NA",
            "가까운역거리":"NA",
            "역세권여부":"NA",
            "30분이내주요거점역":"NA",
            "30분거점역이름":"NA",
            "1시간이내주요거점역":"NA",
            "1시간거점역이름":"NA",
            "3km이내백화점수":0,
            "5km이내아울렛몰수":0,
            "1km이내대형먀트수":0,
            "500m이내은행수":0,
            "500m이내병원수":1,
            "5km이내대형병원수":1,
            "500m이내공원수":5,
            "3km이내혐오시설수":0,
            "초등학교학업성취도":90.02,
            "중학교학업성취도":61.9,
            "학원가":1,
            "학원수":16,
            "용적률":174,
            "건폐율":13,
            "Y":35.016236,
            "X":126.796757,
            "rank":9.0,
            "area_info":"33평(109.69),33평(110.58),33평(110.43),33평(110.36)",
            "sales_info":"거래 정보 없음,3.05억 (2022-04-12),거래 정보 없음,3.01억 (2022-04-09)",
            "last_sales":"2022-04-12,30500.0,33평(110.58)",
            "maintenance":"174903.0,174903.0,174912.0,174271.0",
            "price_per":"nan,911,nan,901",
            "room":"3,3,3,3",
            "bath":"2,2,2,2",
            "rank_history":[
                [
                    "202204",
                    9
                ],
                [
                    "202203",
                    7
                ],
                [
                    "202202",
                    7
                ],
                [
                    "202201",
                    11
                ]
            ],
            "rank_gap":-2
        },
        {
            "index":71,
            "아파트명":"빛가람중흥S-클래스센트럴2차",
            "매매타입":"아파트",
            "전용면적(m2)":"95.09",
            "전용면적(평)":"28평",
            "법정동주소":"전라남도 나주시 빛가람동 114",
            "도로명주소":"전라남도 나주시 우정로 101",
            "세대수":80,
            "입주년차":80,
            "용적률점수":"--",
            "건폐율점수":"--",
            "세대당주차수":30,
            "난방방식":100,
            "공급면적":"--",
            "전용률":"--",
            "욕실수":100,
            "현관타입":100,
            "주거총점":78.5,
            "지역구공급총점":0.0,
            "역세권":"NA",
            "30분내 이동가능 거점":"NA",
            "1시간내 이동가능 거점":"NA",
            "교통총점":"NA",
            "백화점":0,
            "아울렛몰":0,
            "대형마트":0,
            "은행":0,
            "병원":30,
            "종합병원":80,
            "공원":100,
            "혐오시설":0,
            "인프라총점":22.0,
            "초등학군":90.02,
            "중학군":37.66,
            "학군총점":48.132,
            "인구수":11.43,
            "인구증감":5.39,
            "인구총점":9.618,
            "일자리":9.59,
            "소득수준":84.38,
            "일자리총점":32.027,
            "가치 총점":48.308,
            "매매실거래년":20220310.0,
            "매매실거래가":47000.0,
            "평단가":1182,
            "전세실거래년":20220317.0,
            "전세실거래가":28000.0,
            "전세가율":82.35,
            "장기전세가율평균":64.61,
            "전세가율거품지수":-17.74,
            "검색코드":109277,
            "세대수":721.0,
            "난방":"지역난방",
            "주차":"889 (세대당 1.23대)",
            "현관구조":"계단식",
            "관리비평균":177745.0,
            "방수":3,
            "욕실개수":2,
            "준공년월":"2016-10-01",
            "준공년차":6.0,
            "가까운역이름":"NA",
            "가까운역거리":"NA",
            "역세권여부":"NA",
            "30분이내주요거점역":"NA",
            "30분거점역이름":"NA",
            "1시간이내주요거점역":"NA",
            "1시간거점역이름":"NA",
            "3km이내백화점수":0,
            "5km이내아울렛몰수":0,
            "1km이내대형먀트수":0,
            "500m이내은행수":0,
            "500m이내병원수":8,
            "5km이내대형병원수":1,
            "500m이내공원수":3,
            "3km이내혐오시설수":0,
            "초등학교학업성취도":90.02,
            "중학교학업성취도":61.9,
            "학원가":1,
            "학원수":13,
            "용적률":171,
            "건폐율":16,
            "Y":35.024595,
            "X":126.791581,
            "rank":10.0,
            "area_info":"28평(95.09),33평(111.75),33평(111.67)",
            "sales_info":"3.4억 (2022-03-07),4.7억 (2022-03-10),4.77억 (2021-12-07)",
            "last_sales":"2022-03-10,47000.0,33평(111.75)",
            "maintenance":"177745.0,208444.0,208520.0",
            "price_per":"1182,1390,1412",
            "room":"3,3,3",
            "bath":"2,2,2",
            "rank_history":[
                [
                    "202204",
                    10
                ],
                [
                    "202203",
                    8
                ],
                [
                    "202202",
                    8
                ],
                [
                    "202201",
                    6
                ]
            ],
            "rank_gap":-2
        },
        {
            "index":40,
            "아파트명":"광주전남공동혁신도시빛가람대방엘리움로얄카운티2차",
            "매매타입":"아파트",
            "전용면적(m2)":"111.25",
            "전용면적(평)":"33평",
            "법정동주소":"전라남도 나주시 빛가람동 374",
            "도로명주소":"전라남도 나주시 중야1길 15",
            "세대수":30,
            "입주년차":100,
            "용적률점수":"--",
            "건폐율점수":"--",
            "세대당주차수":60,
            "난방방식":100,
            "공급면적":"--",
            "전용률":"--",
            "욕실수":100,
            "현관타입":100,
            "주거총점":69.5,
            "지역구공급총점":0.0,
            "역세권":"NA",
            "30분내 이동가능 거점":"NA",
            "1시간내 이동가능 거점":"NA",
            "교통총점":"NA",
            "백화점":0,
            "아울렛몰":0,
            "대형마트":0,
            "은행":0,
            "병원":0,
            "종합병원":80,
            "공원":100,
            "혐오시설":0,
            "인프라총점":19.0,
            "초등학군":90.01,
            "중학군":50.28,
            "학군총점":58.226,
            "인구수":11.43,
            "인구증감":5.39,
            "인구총점":9.618,
            "일자리":9.59,
            "소득수준":84.38,
            "일자리총점":32.027,
            "가치 총점":46.4815,
            "매매실거래년":20211203.0,
            "매매실거래가":53500.0,
            "평단가":1589,
            "전세실거래년":20220105.0,
            "전세실거래가":30000.0,
            "전세가율":56.07,
            "장기전세가율평균":64.61,
            "전세가율거품지수":8.54,
            "검색코드":115659,
            "세대수":351.0,
            "난방":"지역난방",
            "주차":"479 (세대당 1.36대)",
            "현관구조":"계단식",
            "관리비평균":237260.0,
            "방수":3,
            "욕실개수":2,
            "준공년월":"2018-05-01",
            "준공년차":4.0,
            "가까운역이름":"NA",
            "가까운역거리":"NA",
            "역세권여부":"NA",
            "30분이내주요거점역":"NA",
            "30분거점역이름":"NA",
            "1시간이내주요거점역":"NA",
            "1시간거점역이름":"NA",
            "3km이내백화점수":0,
            "5km이내아울렛몰수":0,
            "1km이내대형먀트수":0,
            "500m이내은행수":0,
            "500m이내병원수":1,
            "5km이내대형병원수":1,
            "500m이내공원수":3,
            "3km이내혐오시설수":0,
            "초등학교학업성취도":90.01,
            "중학교학업성취도":79.6,
            "학원가":0,
            "학원수":0,
            "용적률":154,
            "건폐율":18,
            "Y":35.017479,
            "X":126.778978,
            "rank":11.0,
            "area_info":"33평(111.25),33평(111.4)",
            "sales_info":"5.35억 (2021-12-03),6.67억 (2021-10-19)",
            "last_sales":"2021-12-03,53500.0,33평(111.25)",
            "maintenance":"237260.0,237076.0",
            "price_per":"1589,1979",
            "room":"3,3",
            "bath":"2,2",
            "rank_history":[
                [
                    "202204",
                    11
                ],
                [
                    "202203",
                    11
                ],
                [
                    "202202",
                    12
                ],
                [
                    "202201",
                    10
                ]
            ],
            "rank_gap":0
        },
        {
            "index":91,
            "아파트명":"나주송월지구양우내안애센텀시티",
            "매매타입":"아파트",
            "전용면적(m2)":"82.89",
            "전용면적(평)":"25평",
            "법정동주소":"전라남도 나주시 송월동 1142",
            "도로명주소":"전라남도 나주시 송월18길 10",
            "세대수":30,
            "입주년차":100,
            "용적률점수":"--",
            "건폐율점수":"--",
            "세대당주차수":30,
            "난방방식":30,
            "공급면적":"--",
            "전용률":"--",
            "욕실수":100,
            "현관타입":100,
            "주거총점":58.0,
            "지역구공급총점":0.0,
            "역세권":"NA",
            "30분내 이동가능 거점":"NA",
            "1시간내 이동가능 거점":"NA",
            "교통총점":"NA",
            "백화점":0,
            "아울렛몰":0,
            "대형마트":100,
            "은행":0,
            "병원":0,
            "종합병원":80,
            "공원":100,
            "혐오시설":0,
            "인프라총점":34.0,
            "초등학군":90.0,
            "중학군":39.96,
            "학군총점":49.968,
            "인구수":11.43,
            "인구증감":5.39,
            "인구총점":9.618,
            "일자리":9.59,
            "소득수준":84.38,
            "일자리총점":32.027,
            "가치 총점":46.392,
            "매매실거래년":20220408.0,
            "매매실거래가":19000.0,
            "평단가":757,
            "전세실거래년":20220316.0,
            "전세실거래가":14000.0,
            "전세가율":73.68,
            "장기전세가율평균":64.61,
            "전세가율거품지수":-9.07,
            "검색코드":112887,
            "세대수":358.0,
            "난방":"개별난방",
            "주차":"437 (세대당 1.22대)",
            "현관구조":"계단식",
            "관리비평균":133856.0,
            "방수":3,
            "욕실개수":2,
            "준공년월":"2018-01-01",
            "준공년차":4.0,
            "가까운역이름":"NA",
            "가까운역거리":"NA",
            "역세권여부":"NA",
            "30분이내주요거점역":"NA",
            "30분거점역이름":"NA",
            "1시간이내주요거점역":"NA",
            "1시간거점역이름":"NA",
            "3km이내백화점수":0,
            "5km이내아울렛몰수":0,
            "1km이내대형먀트수":2,
            "500m이내은행수":0,
            "500m이내병원수":0,
            "5km이내대형병원수":1,
            "500m이내공원수":3,
            "3km이내혐오시설수":0,
            "초등학교학업성취도":90.0,
            "중학교학업성취도":66.6,
            "학원가":0,
            "학원수":0,
            "용적률":199,
            "건폐율":16,
            "Y":35.020081,
            "X":126.715464,
            "rank":12.0,
            "area_info":"25평(82.89),30평(99.31),34평(115.49)",
            "sales_info":"1.9억 (2022-04-08),2.17억 (2022-03-26),2.74억 (2022-02-22)",
            "last_sales":"2022-04-08,19000.0,25평(82.89)",
            "maintenance":"133856.0,162097.0,189600.0",
            "price_per":"757,722,784",
            "room":"3,3,3",
            "bath":"2,2,2",
            "rank_history":[
                [
                    "202204",
                    12
                ],
                [
                    "202203",
                    12
                ],
                [
                    "202202",
                    11
                ],
                [
                    "202201",
                    12
                ]
            ],
            "rank_gap":0
        },
        {
            "index":53,
            "아파트명":"빛가람LH2단지",
            "매매타입":"아파트",
            "전용면적(m2)":"97.49",
            "전용면적(평)":"29평",
            "법정동주소":"전라남도 나주시 빛가람동 381",
            "도로명주소":"전라남도 나주시 중야1길 42",
            "세대수":50,
            "입주년차":80,
            "용적률점수":"--",
            "건폐율점수":"--",
            "세대당주차수":30,
            "난방방식":100,
            "공급면적":"--",
            "전용률":"--",
            "욕실수":100,
            "현관타입":100,
            "주거총점":68.0,
            "지역구공급총점":0.0,
            "역세권":"NA",
            "30분내 이동가능 거점":"NA",
            "1시간내 이동가능 거점":"NA",
            "교통총점":"NA",
            "백화점":0,
            "아울렛몰":0,
            "대형마트":0,
            "은행":0,
            "병원":10,
            "종합병원":80,
            "공원":100,
            "혐오시설":0,
            "인프라총점":20.0,
            "초등학군":90.01,
            "중학군":50.28,
            "학군총점":58.226,
            "인구수":11.43,
            "인구증감":5.39,
            "인구총점":9.618,
            "일자리":9.59,
            "소득수준":84.38,
            "일자리총점":32.027,
            "가치 총점":46.3565,
            "매매실거래년":20220226.0,
            "매매실거래가":32000.0,
            "평단가":1051,
            "전세실거래년":20220321.0,
            "전세실거래가":18000.0,
            "전세가율":58.06,
            "장기전세가율평균":64.61,
            "전세가율거품지수":6.55,
            "검색코드":108735,
            "세대수":624.0,
            "난방":"지역난방",
            "주차":"679 (세대당 1.09대)",
            "현관구조":"계단식",
            "관리비평균":null,
            "방수":3,
            "욕실개수":2,
            "준공년월":"2014-05-08",
            "준공년차":8.0,
            "가까운역이름":"NA",
            "가까운역거리":"NA",
            "역세권여부":"NA",
            "30분이내주요거점역":"NA",
            "30분거점역이름":"NA",
            "1시간이내주요거점역":"NA",
            "1시간거점역이름":"NA",
            "3km이내백화점수":0,
            "5km이내아울렛몰수":0,
            "1km이내대형먀트수":0,
            "500m이내은행수":0,
            "500m이내병원수":3,
            "5km이내대형병원수":1,
            "500m이내공원수":2,
            "3km이내혐오시설수":0,
            "초등학교학업성취도":90.01,
            "중학교학업성취도":79.6,
            "학원가":0,
            "학원수":0,
            "용적률":167,
            "건폐율":13,
            "Y":35.015462,
            "X":126.780673,
            "rank":13.0,
            "area_info":"29평(97.49),33평(110.57),33평(110.26)",
            "sales_info":"3.1억 (2021-10-31),3.2억 (2022-02-26),3.0억 (2021-10-19)",
            "last_sales":"2022-02-26,32000.0,33평(110.57)",
            "maintenance":"nan,nan,nan",
            "price_per":"1051,956,899",
            "room":"3,3,3",
            "bath":"2,2,2",
            "rank_history":[
                [
                    "202204",
                    13
                ],
                [
                    "202203",
                    10
                ],
                [
                    "202202",
                    10
                ],
                [
                    "202201",
                    8
                ]
            ],
            "rank_gap":-3
        },
        {
            "index":42,
            "아파트명":"광주전남혁신도시영무예다음",
            "매매타입":"아파트",
            "전용면적(m2)":"102.99",
            "전용면적(평)":"31평",
            "법정동주소":"전라남도 나주시 빛가람동 558",
            "도로명주소":"전라남도 나주시 월정1길 20",
            "세대수":50,
            "입주년차":80,
            "용적률점수":"--",
            "건폐율점수":"--",
            "세대당주차수":30,
            "난방방식":100,
            "공급면적":"--",
            "전용률":"--",
            "욕실수":100,
            "현관타입":100,
            "주거총점":68.0,
            "지역구공급총점":0.0,
            "역세권":"NA",
            "30분내 이동가능 거점":"NA",
            "1시간내 이동가능 거점":"NA",
            "교통총점":"NA",
            "백화점":0,
            "아울렛몰":0,
            "대형마트":0,
            "은행":0,
            "병원":0,
            "종합병원":80,
            "공원":100,
            "혐오시설":0,
            "인프라총점":19.0,
            "초등학군":90.01,
            "중학군":50.28,
            "학군총점":58.226,
            "인구수":11.43,
            "인구증감":5.39,
            "인구총점":9.618,
            "일자리":9.59,
            "소득수준":84.38,
            "일자리총점":32.027,
            "가치 총점":45.9565,
            "매매실거래년":20220404.0,
            "매매실거래가":40000.0,
            "평단가":1155,
            "전세실거래년":20220311.0,
            "전세실거래가":28000.0,
            "전세가율":77.78,
            "장기전세가율평균":64.61,
            "전세가율거품지수":-13.17,
            "검색코드":108755,
            "세대수":614.0,
            "난방":"지역난방",
            "주차":"786 (세대당 1.28대)",
            "현관구조":"계단식",
            "관리비평균":189563.0,
            "방수":3,
            "욕실개수":2,
            "준공년월":"2016-06-17",
            "준공년차":6.0,
            "가까운역이름":"NA",
            "가까운역거리":"NA",
            "역세권여부":"NA",
            "30분이내주요거점역":"NA",
            "30분거점역이름":"NA",
            "1시간이내주요거점역":"NA",
            "1시간거점역이름":"NA",
            "3km이내백화점수":0,
            "5km이내아울렛몰수":0,
            "1km이내대형먀트수":0,
            "500m이내은행수":0,
            "500m이내병원수":1,
            "5km이내대형병원수":1,
            "500m이내공원수":4,
            "3km이내혐오시설수":0,
            "초등학교학업성취도":90.01,
            "중학교학업성취도":79.6,
            "학원가":1,
            "학원수":17,
            "용적률":151,
            "건폐율":14,
            "Y":35.012664,
            "X":126.785594,
            "rank":14.0,
            "area_info":"31평(102.99),33평(111.62),34평(114.36)",
            "sales_info":"3.6억 (2022-01-22),2.31억 (2016-10-06),4.0억 (2022-04-04)",
            "last_sales":"2022-04-04,40000.0,34평(114.36)",
            "maintenance":"189563.0,213490.0,213482.0",
            "price_per":"1155,684,1156",
            "room":"3,3,3",
            "bath":"2,2,2",
            "rank_history":[
                [
                    "202204",
                    14
                ],
                [
                    "202203",
                    10
                ],
                [
                    "202202",
                    10
                ],
                [
                    "202201",
                    9
                ]
            ],
            "rank_gap":-4
        },
        {
            "index":104,
            "아파트명":"나주힐데스하임",
            "매매타입":"아파트",
            "전용면적(m2)":"91.66",
            "전용면적(평)":"27평",
            "법정동주소":"전라남도 나주시 송월동 1141",
            "도로명주소":"전라남도 나주시 송월18길 17",
            "세대수":30,
            "입주년차":80,
            "용적률점수":"--",
            "건폐율점수":"--",
            "세대당주차수":30,
            "난방방식":30,
            "공급면적":"--",
            "전용률":"--",
            "욕실수":100,
            "현관타입":100,
            "주거총점":54.0,
            "지역구공급총점":0.0,
            "역세권":"NA",
            "30분내 이동가능 거점":"NA",
            "1시간내 이동가능 거점":"NA",
            "교통총점":"NA",
            "백화점":0,
            "아울렛몰":0,
            "대형마트":100,
            "은행":0,
            "병원":0,
            "종합병원":80,
            "공원":100,
            "혐오시설":0,
            "인프라총점":34.0,
            "초등학군":90.0,
            "중학군":39.96,
            "학군총점":49.968,
            "인구수":11.43,
            "인구증감":5.39,
            "인구총점":9.618,
            "일자리":9.59,
            "소득수준":84.38,
            "일자리총점":32.027,
            "가치 총점":44.992,
            "매매실거래년":20220411.0,
            "매매실거래가":19800.0,
            "평단가":714,
            "전세실거래년":20220319.0,
            "전세실거래가":15000.0,
            "전세가율":75.76,
            "장기전세가율평균":64.61,
            "전세가율거품지수":-11.15,
            "검색코드":113037,
            "세대수":320.0,
            "난방":"개별난방",
            "주차":"414 (세대당 1.29대)",
            "현관구조":"계단식",
            "관리비평균":146513.0,
            "방수":3,
            "욕실개수":2,
            "준공년월":"2017-09-01",
            "준공년차":5.0,
            "가까운역이름":"NA",
            "가까운역거리":"NA",
            "역세권여부":"NA",
            "30분이내주요거점역":"NA",
            "30분거점역이름":"NA",
            "1시간이내주요거점역":"NA",
            "1시간거점역이름":"NA",
            "3km이내백화점수":0,
            "5km이내아울렛몰수":0,
            "1km이내대형먀트수":2,
            "500m이내은행수":0,
            "500m이내병원수":0,
            "5km이내대형병원수":1,
            "500m이내공원수":3,
            "3km이내혐오시설수":0,
            "초등학교학업성취도":90.0,
            "중학교학업성취도":66.6,
            "학원가":0,
            "학원수":0,
            "용적률":191,
            "건폐율":17,
            "Y":35.021092,
            "X":126.715904,
            "rank":15.0,
            "area_info":"27평(91.66)",
            "sales_info":"1.98억 (2022-04-11)",
            "last_sales":"2022-04-11,19800.0,27평(91.66)",
            "maintenance":"146513.0",
            "price_per":"714",
            "room":"3",
            "bath":"2",
            "rank_history":[
                [
                    "202204",
                    15
                ],
                [
                    "202203",
                    12
                ],
                [
                    "202202",
                    11
                ],
                [
                    "202201",
                    12
                ]
            ],
            "rank_gap":-3
        },
        {
            "index":61,
            "아파트명":"빛가람LH4단지",
            "매매타입":"아파트",
            "전용면적(m2)":"97.65",
            "전용면적(평)":"29평",
            "법정동주소":"전라남도 나주시 빛가람동 850",
            "도로명주소":"전라남도 나주시 그린로 276",
            "세대수":50,
            "입주년차":80,
            "용적률점수":"--",
            "건폐율점수":"--",
            "세대당주차수":30,
            "난방방식":100,
            "공급면적":"--",
            "전용률":"--",
            "욕실수":100,
            "현관타입":100,
            "주거총점":68.0,
            "지역구공급총점":0.0,
            "역세권":"NA",
            "30분내 이동가능 거점":"NA",
            "1시간내 이동가능 거점":"NA",
            "교통총점":"NA",
            "백화점":0,
            "아울렛몰":0,
            "대형마트":0,
            "은행":0,
            "병원":0,
            "종합병원":80,
            "공원":100,
            "혐오시설":0,
            "인프라총점":19.0,
            "초등학군":90.02,
            "중학군":37.66,
            "학군총점":48.132,
            "인구수":11.43,
            "인구증감":5.39,
            "인구총점":9.618,
            "일자리":9.59,
            "소득수준":84.38,
            "일자리총점":32.027,
            "가치 총점":43.433,
            "매매실거래년":20220412.0,
            "매매실거래가":26800.0,
            "평단가":907,
            "전세실거래년":20220318.0,
            "전세실거래가":20000.0,
            "전세가율":74.63,
            "장기전세가율평균":64.61,
            "전세가율거품지수":-10.02,
            "검색코드":108115,
            "세대수":602.0,
            "난방":"지역난방",
            "주차":"653 (세대당 1.08대)",
            "현관구조":"계단식",
            "관리비평균":181066.0,
            "방수":3,
            "욕실개수":2,
            "준공년월":"2014-02-13",
            "준공년차":8.0,
            "가까운역이름":"NA",
            "가까운역거리":"NA",
            "역세권여부":"NA",
            "30분이내주요거점역":"NA",
            "30분거점역이름":"NA",
            "1시간이내주요거점역":"NA",
            "1시간거점역이름":"NA",
            "3km이내백화점수":0,
            "5km이내아울렛몰수":0,
            "1km이내대형먀트수":0,
            "500m이내은행수":0,
            "500m이내병원수":0,
            "5km이내대형병원수":1,
            "500m이내공원수":4,
            "3km이내혐오시설수":0,
            "초등학교학업성취도":90.02,
            "중학교학업성취도":61.9,
            "학원가":1,
            "학원수":16,
            "용적률":142,
            "건폐율":13,
            "Y":35.011722,
            "X":126.796954,
            "rank":16.0,
            "area_info":"29평(97.65),29평(97.74),29평(97.57),33평(110.75),33평(112.19)",
            "sales_info":"2.68억 (2022-04-12),2.4억 (2021-09-01),2.7억 (2021-11-24),2.85억 (2022-03-18),거래 정보 없음",
            "last_sales":"2022-04-12,26800.0,29평(97.65)",
            "maintenance":"181066.0,181235.0,180921.0,205358.0,205358.0",
            "price_per":"907,811,914,850,nan",
            "room":"3,3,3,3,3",
            "bath":"2,2,2,2,2",
            "rank_history":[
                [
                    "202204",
                    16
                ],
                [
                    "202203",
                    13
                ],
                [
                    "202202",
                    13
                ],
                [
                    "202201",
                    14
                ]
            ],
            "rank_gap":-3
        },
        {
            "index":115,
            "아파트명":"송월주공",
            "매매타입":"아파트",
            "전용면적(m2)":"55.06",
            "전용면적(평)":"16평",
            "법정동주소":"전라남도 나주시 송월동 660",
            "도로명주소":"전라남도 나주시 남고문로 36-14",
            "세대수":90,
            "입주년차":0,
            "용적률점수":"--",
            "건폐율점수":"--",
            "세대당주차수":0,
            "난방방식":30,
            "공급면적":"--",
            "전용률":"--",
            "욕실수":50,
            "현관타입":100,
            "주거총점":49.5,
            "지역구공급총점":0.0,
            "역세권":"NA",
            "30분내 이동가능 거점":"NA",
            "1시간내 이동가능 거점":"NA",
            "교통총점":"NA",
            "백화점":0,
            "아울렛몰":0,
            "대형마트":80,
            "은행":0,
            "병원":10,
            "종합병원":80,
            "공원":0,
            "혐오시설":0,
            "인프라총점":29.0,
            "초등학군":90.0,
            "중학군":39.96,
            "학군총점":49.968,
            "인구수":11.43,
            "인구증감":5.39,
            "인구총점":9.618,
            "일자리":9.59,
            "소득수준":84.38,
            "일자리총점":32.027,
            "가치 총점":41.417,
            "매매실거래년":20220401.0,
            "매매실거래가":6550.0,
            "평단가":288,
            "전세실거래년":20220225.0,
            "전세실거래가":4290.0,
            "전세가율":89.38,
            "장기전세가율평균":64.61,
            "전세가율거품지수":-24.77,
            "검색코드":100876,
            "세대수":970.0,
            "난방":"개별난방",
            "주차":"435 (세대당 0.45대)",
            "현관구조":"계단식",
            "관리비평균":67928.0,
            "방수":2,
            "욕실개수":1,
            "준공년월":"1996-07-26",
            "준공년차":26.0,
            "가까운역이름":"NA",
            "가까운역거리":"NA",
            "역세권여부":"NA",
            "30분이내주요거점역":"NA",
            "30분거점역이름":"NA",
            "1시간이내주요거점역":"NA",
            "1시간거점역이름":"NA",
            "3km이내백화점수":0,
            "5km이내아울렛몰수":0,
            "1km이내대형먀트수":1,
            "500m이내은행수":0,
            "500m이내병원수":2,
            "5km이내대형병원수":1,
            "500m이내공원수":0,
            "3km이내혐오시설수":0,
            "초등학교학업성취도":90.0,
            "중학교학업성취도":66.6,
            "학원가":0,
            "학원수":0,
            "용적률":0,
            "건폐율":0,
            "Y":35.027225,
            "X":126.714246,
            "rank":17.0,
            "area_info":"16평(55.06),20평(67.5),20평(68.63)",
            "sales_info":"0.48억 (2022-02-18),0.65억 (2022-03-23),0.655억 (2022-04-01)",
            "last_sales":"2022-04-01,6550.0,20평(68.63)",
            "maintenance":"67928.0,84864.0,84881.0",
            "price_per":"288,318,315",
            "room":"2,2,2",
            "bath":"1,1,1",
            "rank_history":[
                [
                    "202204",
                    17
                ],
                [
                    "202203",
                    14
                ],
                [
                    "202202",
                    14
                ],
                [
                    "202201",
                    16
                ]
            ],
            "rank_gap":-3
        },
        {
            "index":113,
            "아파트명":"부영",
            "매매타입":"아파트",
            "전용면적(m2)":"69.99",
            "전용면적(평)":"21평",
            "법정동주소":"전라남도 나주시 송월동 1122",
            "도로명주소":"전라남도 나주시 나주로 41-23",
            "세대수":90,
            "입주년차":20,
            "용적률점수":"--",
            "건폐율점수":"--",
            "세대당주차수":0,
            "난방방식":30,
            "공급면적":"--",
            "전용률":"--",
            "욕실수":50,
            "현관타입":10,
            "주거총점":44.5,
            "지역구공급총점":0.0,
            "역세권":"NA",
            "30분내 이동가능 거점":"NA",
            "1시간내 이동가능 거점":"NA",
            "교통총점":"NA",
            "백화점":0,
            "아울렛몰":0,
            "대형마트":80,
            "은행":0,
            "병원":10,
            "종합병원":80,
            "공원":80,
            "혐오시설":0,
            "인프라총점":31.4,
            "초등학군":90.0,
            "중학군":39.96,
            "학군총점":49.968,
            "인구수":11.43,
            "인구증감":5.39,
            "인구총점":9.618,
            "일자리":9.59,
            "소득수준":84.38,
            "일자리총점":32.027,
            "가치 총점":40.627,
            "매매실거래년":18000101.0,
            "매매실거래가":null,
            "평단가":"nan",
            "전세실거래년":20220414.0,
            "전세실거래가":4939.0,
            "전세가율":null,
            "장기전세가율평균":64.61,
            "전세가율거품지수":null,
            "검색코드":16833,
            "세대수":1204.0,
            "난방":"개별난방",
            "주차":"915 (세대당 0.76대)",
            "현관구조":"복도식",
            "관리비평균":75383.0,
            "방수":2,
            "욕실개수":1,
            "준공년월":"2000-05-29",
            "준공년차":22.0,
            "가까운역이름":"NA",
            "가까운역거리":"NA",
            "역세권여부":"NA",
            "30분이내주요거점역":"NA",
            "30분거점역이름":"NA",
            "1시간이내주요거점역":"NA",
            "1시간거점역이름":"NA",
            "3km이내백화점수":0,
            "5km이내아울렛몰수":0,
            "1km이내대형먀트수":1,
            "500m이내은행수":0,
            "500m이내병원수":2,
            "5km이내대형병원수":1,
            "500m이내공원수":1,
            "3km이내혐오시설수":0,
            "초등학교학업성취도":90.0,
            "중학교학업성취도":66.6,
            "학원가":0,
            "학원수":0,
            "용적률":309,
            "건폐율":21,
            "Y":35.025065,
            "X":126.71371,
            "rank":18.0,
            "area_info":"21평(69.99),25평(84.08)",
            "sales_info":"거래 정보 없음,거래 정보 없음",
            "last_sales":"1800-01-01,nan,25평(84.08)",
            "maintenance":"75383.0,90546.0",
            "price_per":"nan,nan",
            "room":"2,3",
            "bath":"1,1",
            "rank_history":[
                [
                    "202204",
                    18
                ],
                [
                    "202203",
                    16
                ],
                [
                    "202202",
                    16
                ],
                [
                    "202201",
                    17
                ]
            ],
            "rank_gap":-2
        },
        {
            "index":105,
            "아파트명":"달빛마을세움트리",
            "매매타입":"아파트",
            "전용면적(m2)":"105.78",
            "전용면적(평)":"31평",
            "법정동주소":"전라남도 나주시 송월동 1143",
            "도로명주소":"전라남도 나주시 송월14길 5",
            "세대수":0,
            "입주년차":100,
            "용적률점수":"--",
            "건폐율점수":"--",
            "세대당주차수":30,
            "난방방식":30,
            "공급면적":"--",
            "전용률":"--",
            "욕실수":100,
            "현관타입":100,
            "주거총점":47.5,
            "지역구공급총점":0.0,
            "역세권":"NA",
            "30분내 이동가능 거점":"NA",
            "1시간내 이동가능 거점":"NA",
            "교통총점":"NA",
            "백화점":0,
            "아울렛몰":0,
            "대형마트":100,
            "은행":0,
            "병원":0,
            "종합병원":80,
            "공원":100,
            "혐오시설":0,
            "인프라총점":34.0,
            "초등학군":90.0,
            "중학군":29.34,
            "학군총점":41.472,
            "인구수":11.43,
            "인구증감":5.39,
            "인구총점":9.618,
            "일자리":9.59,
            "소득수준":84.38,
            "일자리총점":32.027,
            "가치 총점":40.593,
            "매매실거래년":20220403.0,
            "매매실거래가":25800.0,
            "평단가":806,
            "전세실거래년":20220206.0,
            "전세실거래가":17000.0,
            "전세가율":65.89,
            "장기전세가율평균":64.61,
            "전세가율거품지수":-1.28,
            "검색코드":115467,
            "세대수":266.0,
            "난방":"개별난방",
            "주차":"341 (세대당 1.28대)",
            "현관구조":"계단식",
            "관리비평균":142259.0,
            "방수":3,
            "욕실개수":2,
            "준공년월":"2018-10-19",
            "준공년차":4.0,
            "가까운역이름":"NA",
            "가까운역거리":"NA",
            "역세권여부":"NA",
            "30분이내주요거점역":"NA",
            "30분거점역이름":"NA",
            "1시간이내주요거점역":"NA",
            "1시간거점역이름":"NA",
            "3km이내백화점수":0,
            "5km이내아울렛몰수":0,
            "1km이내대형먀트수":2,
            "500m이내은행수":0,
            "500m이내병원수":0,
            "5km이내대형병원수":1,
            "500m이내공원수":4,
            "3km이내혐오시설수":0,
            "초등학교학업성취도":90.0,
            "중학교학업성취도":48.9,
            "학원가":0,
            "학원수":0,
            "용적률":199,
            "건폐율":17,
            "Y":35.019457,
            "X":126.715273,
            "rank":19.0,
            "area_info":"31평(105.78)",
            "sales_info":"2.58억 (2022-04-03)",
            "last_sales":"2022-04-03,25800.0,31평(105.78)",
            "maintenance":"142259.0",
            "price_per":"806",
            "room":"3",
            "bath":"2",
            "rank_history":[
                [
                    "202204",
                    19
                ],
                [
                    "202203",
                    19
                ],
                [
                    "202202",
                    19
                ],
                [
                    "202201",
                    19
                ]
            ],
            "rank_gap":0
        },
        {
            "index":69,
            "아파트명":"빛가람이지더원",
            "매매타입":"아파트",
            "전용면적(m2)":"107.36",
            "전용면적(평)":"32평",
            "법정동주소":"전라남도 나주시 빛가람동 550",
            "도로명주소":"전라남도 나주시 호수로 10",
            "세대수":0,
            "입주년차":80,
            "용적률점수":"--",
            "건폐율점수":"--",
            "세대당주차수":30,
            "난방방식":100,
            "공급면적":"--",
            "전용률":"--",
            "욕실수":100,
            "현관타입":100,
            "주거총점":50.5,
            "지역구공급총점":0.0,
            "역세권":"NA",
            "30분내 이동가능 거점":"NA",
            "1시간내 이동가능 거점":"NA",
            "교통총점":"NA",
            "백화점":0,
            "아울렛몰":0,
            "대형마트":0,
            "은행":0,
            "병원":10,
            "종합병원":80,
            "공원":100,
            "혐오시설":0,
            "인프라총점":20.0,
            "초등학군":90.01,
            "중학군":50.28,
            "학군총점":58.226,
            "인구수":11.43,
            "인구증감":5.39,
            "인구총점":9.618,
            "일자리":9.59,
            "소득수준":84.38,
            "일자리총점":32.027,
            "가치 총점":40.2315,
            "매매실거래년":20220312.0,
            "매매실거래가":36000.0,
            "평단가":1108,
            "전세실거래년":20220326.0,
            "전세실거래가":18500.0,
            "전세가율":51.39,
            "장기전세가율평균":64.61,
            "전세가율거품지수":13.22,
            "검색코드":111393,
            "세대수":293.0,
            "난방":"지역난방",
            "주차":"380 (세대당 1.3대)",
            "현관구조":"계단식",
            "관리비평균":313325.0,
            "방수":3,
            "욕실개수":2,
            "준공년월":"2017-05-01",
            "준공년차":5.0,
            "가까운역이름":"NA",
            "가까운역거리":"NA",
            "역세권여부":"NA",
            "30분이내주요거점역":"NA",
            "30분거점역이름":"NA",
            "1시간이내주요거점역":"NA",
            "1시간거점역이름":"NA",
            "3km이내백화점수":0,
            "5km이내아울렛몰수":0,
            "1km이내대형먀트수":0,
            "500m이내은행수":0,
            "500m이내병원수":2,
            "5km이내대형병원수":1,
            "500m이내공원수":3,
            "3km이내혐오시설수":0,
            "초등학교학업성취도":90.01,
            "중학교학업성취도":79.6,
            "학원가":1,
            "학원수":17,
            "용적률":169,
            "건폐율":16,
            "Y":35.013912,
            "X":126.783397,
            "rank":20.0,
            "area_info":"32평(107.36),33평(111.7)",
            "sales_info":"3.6억 (2022-03-12),4.2억 (2022-02-11)",
            "last_sales":"2022-03-12,36000.0,32평(107.36)",
            "maintenance":"313325.0,328819.0",
            "price_per":"1108,1242",
            "room":"3,3",
            "bath":"2,2",
            "rank_history":[
                [
                    "202204",
                    20
                ],
                [
                    "202203",
                    17
                ],
                [
                    "202202",
                    17
                ],
                [
                    "202201",
                    13
                ]
            ],
            "rank_gap":-3
        },
        {
            "index":85,
            "아파트명":"성북주공",
            "매매타입":"아파트",
            "전용면적(m2)":"45.84",
            "전용면적(평)":"13평",
            "법정동주소":"전라남도 나주시 성북동 11",
            "도로명주소":"전라남도 나주시 대호길 10",
            "세대수":50,
            "입주년차":0,
            "용적률점수":"--",
            "건폐율점수":"--",
            "세대당주차수":0,
            "난방방식":30,
            "공급면적":"--",
            "전용률":"--",
            "욕실수":50,
            "현관타입":100,
            "주거총점":35.5,
            "지역구공급총점":0.0,
            "역세권":"NA",
            "30분내 이동가능 거점":"NA",
            "1시간내 이동가능 거점":"NA",
            "교통총점":"NA",
            "백화점":0,
            "아울렛몰":0,
            "대형마트":80,
            "은행":0,
            "병원":80,
            "종합병원":80,
            "공원":100,
            "혐오시설":0,
            "인프라총점":39.0,
            "초등학군":89.99,
            "중학군":37.5,
            "학군총점":47.998,
            "인구수":11.43,
            "인구증감":5.39,
            "인구총점":9.618,
            "일자리":9.59,
            "소득수준":84.38,
            "일자리총점":32.027,
            "가치 총점":40.0245,
            "매매실거래년":20220402.0,
            "매매실거래가":7000.0,
            "평단가":504,
            "전세실거래년":20220408.0,
            "전세실거래가":3000.0,
            "전세가율":42.86,
            "장기전세가율평균":64.61,
            "전세가율거품지수":21.75,
            "검색코드":4492,
            "세대수":610.0,
            "난방":"개별난방",
            "주차":"0 (세대당 0.0대)",
            "현관구조":"계단식",
            "관리비평균":35606.0,
            "방수":2,
            "욕실개수":1,
            "준공년월":"1989-09-24",
            "준공년차":33.0,
            "가까운역이름":"NA",
            "가까운역거리":"NA",
            "역세권여부":"NA",
            "30분이내주요거점역":"NA",
            "30분거점역이름":"NA",
            "1시간이내주요거점역":"NA",
            "1시간거점역이름":"NA",
            "3km이내백화점수":0,
            "5km이내아울렛몰수":0,
            "1km이내대형먀트수":1,
            "500m이내은행수":1,
            "500m이내병원수":34,
            "5km이내대형병원수":1,
            "500m이내공원수":2,
            "3km이내혐오시설수":0,
            "초등학교학업성취도":89.99,
            "중학교학업성취도":62.5,
            "학원가":0,
            "학원수":0,
            "용적률":0,
            "건폐율":0,
            "Y":35.037038,
            "X":126.719923,
            "rank":21.0,
            "area_info":"13평(45.84),13평(45.54),13평(45.15),13평(45.45),15평(52.83),15평(52.53)",
            "sales_info":"0.7억 (2022-04-02),거래 정보 없음,거래 정보 없음,거래 정보 없음,0.76억 (2022-03-16),거래 정보 없음",
            "last_sales":"2022-04-02,7000.0,13평(45.84)",
            "maintenance":"35606.0,35339.0,34992.0,35259.0,41830.0,41563.0",
            "price_per":"504,nan,nan,nan,475,nan",
            "room":"2,2,2,2,3,2",
            "bath":"1,1,1,1,1,1",
            "rank_history":[
                [
                    "202204",
                    21
                ],
                [
                    "202203",
                    25
                ],
                [
                    "202202",
                    24
                ],
                [
                    "202201",
                    26
                ]
            ],
            "rank_gap":4
        },
        {
            "index":8,
            "아파트명":"세왕",
            "매매타입":"아파트",
            "전용면적(m2)":"76.85",
            "전용면적(평)":"23평",
            "법정동주소":"전라남도 나주시 남내동 5-1",
            "도로명주소":"전라남도 나주시 나주천2길 126",
            "세대수":0,
            "입주년차":20,
            "용적률점수":"--",
            "건폐율점수":"--",
            "세대당주차수":0,
            "난방방식":30,
            "공급면적":"--",
            "전용률":"--",
            "욕실수":50,
            "현관타입":100,
            "주거총점":22.0,
            "지역구공급총점":0.0,
            "역세권":"NA",
            "30분내 이동가능 거점":"NA",
            "1시간내 이동가능 거점":"NA",
            "교통총점":"NA",
            "백화점":0,
            "아울렛몰":0,
            "대형마트":100,
            "은행":70,
            "병원":80,
            "종합병원":80,
            "공원":100,
            "혐오시설":0,
            "인프라총점":49.0,
            "초등학군":90.0,
            "중학군":39.96,
            "학군총점":49.968,
            "인구수":11.43,
            "인구증감":5.39,
            "인구총점":9.618,
            "일자리":9.59,
            "소득수준":84.38,
            "일자리총점":32.027,
            "가치 총점":39.792,
            "매매실거래년":20220322.0,
            "매매실거래가":8000.0,
            "평단가":344,
            "전세실거래년":20210817.0,
            "전세실거래가":6000.0,
            "전세가율":75.0,
            "장기전세가율평균":64.61,
            "전세가율거품지수":-10.39,
            "검색코드":101151,
            "세대수":142.0,
            "난방":"개별난방",
            "주차":"82 (세대당 0.58대)",
            "현관구조":"계단식",
            "관리비평균":null,
            "방수":3,
            "욕실개수":1,
            "준공년월":"2001-06-25",
            "준공년차":21.0,
            "가까운역이름":"NA",
            "가까운역거리":"NA",
            "역세권여부":"NA",
            "30분이내주요거점역":"NA",
            "30분거점역이름":"NA",
            "1시간이내주요거점역":"NA",
            "1시간거점역이름":"NA",
            "3km이내백화점수":0,
            "5km이내아울렛몰수":0,
            "1km이내대형먀트수":2,
            "500m이내은행수":3,
            "500m이내병원수":34,
            "5km이내대형병원수":1,
            "500m이내공원수":2,
            "3km이내혐오시설수":0,
            "초등학교학업성취도":90.0,
            "중학교학업성취도":66.6,
            "학원가":0,
            "학원수":0,
            "용적률":0,
            "건폐율":0,
            "Y":35.032084,
            "X":126.721107,
            "rank":22.0,
            "area_info":"23평(76.85),32평(108.78)",
            "sales_info":"0.8억 (2022-03-22),1.1억 (2022-01-20)",
            "last_sales":"2022-03-22,8000.0,23평(76.85)",
            "maintenance":"nan,nan",
            "price_per":"344,334",
            "room":"3,3",
            "bath":"1,2",
            "rank_history":[
                [
                    "202204",
                    22
                ],
                [
                    "202203",
                    15
                ],
                [
                    "202202",
                    15
                ],
                [
                    "202201",
                    18
                ]
            ],
            "rank_gap":-7
        },
        {
            "index":34,
            "아파트명":"현대",
            "매매타입":"아파트",
            "전용면적(m2)":"76.29",
            "전용면적(평)":"23평",
            "법정동주소":"전라남도 나주시 대호동 75",
            "도로명주소":"전라남도 나주시 북망문길 40",
            "세대수":50,
            "입주년차":0,
            "용적률점수":"--",
            "건폐율점수":"--",
            "세대당주차수":30,
            "난방방식":30,
            "공급면적":"--",
            "전용률":"--",
            "욕실수":50,
            "현관타입":100,
            "주거총점":40.0,
            "지역구공급총점":0.0,
            "역세권":"NA",
            "30분내 이동가능 거점":"NA",
            "1시간내 이동가능 거점":"NA",
            "교통총점":"NA",
            "백화점":0,
            "아울렛몰":0,
            "대형마트":80,
            "은행":0,
            "병원":10,
            "종합병원":80,
            "공원":100,
            "혐오시설":0,
            "인프라총점":32.0,
            "초등학군":89.99,
            "중학군":37.5,
            "학군총점":47.998,
            "인구수":11.43,
            "인구증감":5.39,
            "인구총점":9.618,
            "일자리":9.59,
            "소득수준":84.38,
            "일자리총점":32.027,
            "가치 총점":38.7995,
            "매매실거래년":20220329.0,
            "매매실거래가":8900.0,
            "평단가":385,
            "전세실거래년":20210128.0,
            "전세실거래가":6500.0,
            "전세가율":73.03,
            "장기전세가율평균":64.61,
            "전세가율거품지수":-8.42,
            "검색코드":4488,
            "세대수":414.0,
            "난방":"개별난방",
            "주차":"430 (세대당 1.04대)",
            "현관구조":"계단식",
            "관리비평균":113152.0,
            "방수":3,
            "욕실개수":1,
            "준공년월":"1993-09-10",
            "준공년차":29.0,
            "가까운역이름":"NA",
            "가까운역거리":"NA",
            "역세권여부":"NA",
            "30분이내주요거점역":"NA",
            "30분거점역이름":"NA",
            "1시간이내주요거점역":"NA",
            "1시간거점역이름":"NA",
            "3km이내백화점수":0,
            "5km이내아울렛몰수":0,
            "1km이내대형먀트수":1,
            "500m이내은행수":0,
            "500m이내병원수":2,
            "5km이내대형병원수":1,
            "500m이내공원수":3,
            "3km이내혐오시설수":0,
            "초등학교학업성취도":89.99,
            "중학교학업성취도":62.5,
            "학원가":0,
            "학원수":0,
            "용적률":0,
            "건폐율":0,
            "Y":35.039706,
            "X":126.716538,
            "rank":23.0,
            "area_info":"23평(76.29),32평(108.98)",
            "sales_info":"0.89억 (2022-03-29),1.25억 (2022-03-15)",
            "last_sales":"2022-03-29,8900.0,23평(76.29)",
            "maintenance":"113152.0,161642.0",
            "price_per":"385,379",
            "room":"3,3",
            "bath":"1,1",
            "rank_history":[
                [
                    "202204",
                    23
                ],
                [
                    "202203",
                    20
                ],
                [
                    "202202",
                    20
                ],
                [
                    "202201",
                    25
                ]
            ],
            "rank_gap":-3
        },
        {
            "index":106,
            "아파트명":"도나우타운이안애",
            "매매타입":"아파트",
            "전용면적(m2)":"73.69",
            "전용면적(평)":"22평",
            "법정동주소":"전라남도 나주시 송월동 1514",
            "도로명주소":"전라남도 나주시 나주로 83-19",
            "세대수":0,
            "입주년차":80,
            "용적률점수":"--",
            "건폐율점수":"--",
            "세대당주차수":0,
            "난방방식":30,
            "공급면적":"--",
            "전용률":"--",
            "욕실수":100,
            "현관타입":100,
            "주거총점":39.0,
            "지역구공급총점":0.0,
            "역세권":"NA",
            "30분내 이동가능 거점":"NA",
            "1시간내 이동가능 거점":"NA",
            "교통총점":"NA",
            "백화점":0,
            "아울렛몰":0,
            "대형마트":80,
            "은행":0,
            "병원":10,
            "종합병원":80,
            "공원":80,
            "혐오시설":0,
            "인프라총점":31.4,
            "초등학군":90.0,
            "중학군":39.96,
            "학군총점":49.968,
            "인구수":11.43,
            "인구증감":5.39,
            "인구총점":9.618,
            "일자리":9.59,
            "소득수준":84.38,
            "일자리총점":32.027,
            "가치 총점":38.702,
            "매매실거래년":20220304.0,
            "매매실거래가":14000.0,
            "평단가":"nan",
            "전세실거래년":null,
            "전세실거래가":null,
            "전세가율":null,
            "장기전세가율평균":64.61,
            "전세가율거품지수":null,
            "검색코드":119255,
            "세대수":90.0,
            "난방":"개별난방",
            "주차":"70 (세대당 0.78대)",
            "현관구조":"계단식",
            "관리비평균":null,
            "방수":3,
            "욕실개수":2,
            "준공년월":"2015-02-06",
            "준공년차":7.0,
            "가까운역이름":"NA",
            "가까운역거리":"NA",
            "역세권여부":"NA",
            "30분이내주요거점역":"NA",
            "30분거점역이름":"NA",
            "1시간이내주요거점역":"NA",
            "1시간거점역이름":"NA",
            "3km이내백화점수":0,
            "5km이내아울렛몰수":0,
            "1km이내대형먀트수":1,
            "500m이내은행수":0,
            "500m이내병원수":2,
            "5km이내대형병원수":1,
            "500m이내공원수":1,
            "3km이내혐오시설수":0,
            "초등학교학업성취도":90.0,
            "중학교학업성취도":66.6,
            "학원가":0,
            "학원수":0,
            "용적률":297,
            "건폐율":29,
            "Y":35.025812,
            "X":126.714503,
            "rank":24.0,
            "area_info":"22평(73.69),22평(74.7),24평(79.76),24평(80.23),24평(80.9),24평(82.3),24평(82.07)",
            "sales_info":"거래 정보 없음,거래 정보 없음,거래 정보 없음,1.0억 (2022-02-03),거래 정보 없음,1.4억 (2021-04-02),1.4억 (2022-03-04)",
            "last_sales":"2022-03-04,14000.0,24평(82.07)",
            "maintenance":"nan,nan,nan,nan,nan,nan,nan",
            "price_per":"nan,nan,nan,412,nan,562,563",
            "room":"3,3,3,3,3,3,3",
            "bath":"2,2,2,2,2,2,2",
            "rank_history":[
                [
                    "202204",
                    24
                ],
                [
                    "202203",
                    21
                ],
                [
                    "202202",
                    9999
                ]
            ],
            "rank_gap":-3
        },
        {
            "index":24,
            "아파트명":"양우내안애리버시티",
            "매매타입":"아파트",
            "전용면적(m2)":"82.74",
            "전용면적(평)":"25평",
            "법정동주소":"전라남도 나주시 남평읍 동사리 421",
            "도로명주소":"전라남도 나주시 지석로 167",
            "세대수":80,
            "입주년차":100,
            "용적률점수":"--",
            "건폐율점수":"--",
            "세대당주차수":30,
            "난방방식":30,
            "공급면적":"--",
            "전용률":"--",
            "욕실수":100,
            "현관타입":100,
            "주거총점":75.5,
            "지역구공급총점":0.0,
            "역세권":"NA",
            "30분내 이동가능 거점":"NA",
            "1시간내 이동가능 거점":"NA",
            "교통총점":"NA",
            "백화점":0,
            "아울렛몰":0,
            "대형마트":0,
            "은행":0,
            "병원":10,
            "종합병원":0,
            "공원":100,
            "혐오시설":0,
            "인프라총점":4.0,
            "초등학군":90.0,
            "중학군":30.54,
            "학군총점":42.432,
            "인구수":11.43,
            "인구증감":5.39,
            "인구총점":9.618,
            "일자리":9.59,
            "소득수준":84.38,
            "일자리총점":32.027,
            "가치 총점":38.633,
            "매매실거래년":20220408.0,
            "매매실거래가":30600.0,
            "평단가":795,
            "전세실거래년":20220311.0,
            "전세실거래가":17000.0,
            "전세가율":85.43,
            "장기전세가율평균":64.61,
            "전세가율거품지수":-20.82,
            "검색코드":115358,
            "세대수":896.0,
            "난방":"개별난방",
            "주차":"1,122 (세대당 1.25대)",
            "현관구조":"계단식",
            "관리비평균":97938.0,
            "방수":3,
            "욕실개수":2,
            "준공년월":"2018-09-20",
            "준공년차":4.0,
            "가까운역이름":"NA",
            "가까운역거리":"NA",
            "역세권여부":"NA",
            "30분이내주요거점역":"NA",
            "30분거점역이름":"NA",
            "1시간이내주요거점역":"NA",
            "1시간거점역이름":"NA",
            "3km이내백화점수":0,
            "5km이내아울렛몰수":0,
            "1km이내대형먀트수":0,
            "500m이내은행수":0,
            "500m이내병원수":2,
            "5km이내대형병원수":0,
            "500m이내공원수":5,
            "3km이내혐오시설수":0,
            "초등학교학업성취도":90.0,
            "중학교학업성취도":50.9,
            "학원가":0,
            "학원수":0,
            "용적률":208,
            "건폐율":14,
            "Y":35.037547,
            "X":126.853673,
            "rank":25.0,
            "area_info":"25평(82.74),31평(102.85),34평(115.65),35평(117.51),35평(117.24)",
            "sales_info":"1.99억 (2022-03-31),2.6억 (2022-03-30),2.93억 (2022-02-26),2.8억 (2022-03-10),3.06억 (2022-04-08)",
            "last_sales":"2022-04-08,30600.0,35평(117.24)",
            "maintenance":"97938.0,122564.0,138893.0,138901.0,138872.0",
            "price_per":"795,835,837,787,862",
            "room":"3,3,3,3,3",
            "bath":"2,2,2,2,2",
            "rank_history":[
                [
                    "202204",
                    25
                ],
                [
                    "202203",
                    24
                ],
                [
                    "202202",
                    23
                ],
                [
                    "202201",
                    22
                ]
            ],
            "rank_gap":-1
        },
        {
            "index":13,
            "아파트명":"나주남평강변도시양우내안애리버시티1차",
            "매매타입":"아파트",
            "전용면적(m2)":"81.3",
            "전용면적(평)":"24평",
            "법정동주소":"전라남도 나주시 남평읍 동사리 409",
            "도로명주소":"전라남도 나주시 강변1길 21-31",
            "세대수":80,
            "입주년차":100,
            "용적률점수":"--",
            "건폐율점수":"--",
            "세대당주차수":30,
            "난방방식":30,
            "공급면적":"--",
            "전용률":"--",
            "욕실수":100,
            "현관타입":100,
            "주거총점":75.5,
            "지역구공급총점":0.0,
            "역세권":"NA",
            "30분내 이동가능 거점":"NA",
            "1시간내 이동가능 거점":"NA",
            "교통총점":"NA",
            "백화점":0,
            "아울렛몰":0,
            "대형마트":0,
            "은행":0,
            "병원":10,
            "종합병원":0,
            "공원":100,
            "혐오시설":0,
            "인프라총점":4.0,
            "초등학군":90.0,
            "중학군":30.54,
            "학군총점":42.432,
            "인구수":11.43,
            "인구증감":5.39,
            "인구총점":9.618,
            "일자리":9.59,
            "소득수준":84.38,
            "일자리총점":32.027,
            "가치 총점":38.633,
            "매매실거래년":20220405.0,
            "매매실거래가":18400.0,
            "평단가":748,
            "전세실거래년":20210811.0,
            "전세실거래가":11000.0,
            "전세가율":59.78,
            "장기전세가율평균":64.61,
            "전세가율거품지수":4.83,
            "검색코드":112858,
            "세대수":835.0,
            "난방":"개별난방",
            "주차":"1,011 (세대당 1.21대)",
            "현관구조":"계단식",
            "관리비평균":null,
            "방수":3,
            "욕실개수":2,
            "준공년월":"2018-02-09",
            "준공년차":4.0,
            "가까운역이름":"NA",
            "가까운역거리":"NA",
            "역세권여부":"NA",
            "30분이내주요거점역":"NA",
            "30분거점역이름":"NA",
            "1시간이내주요거점역":"NA",
            "1시간거점역이름":"NA",
            "3km이내백화점수":0,
            "5km이내아울렛몰수":0,
            "1km이내대형먀트수":0,
            "500m이내은행수":0,
            "500m이내병원수":2,
            "5km이내대형병원수":0,
            "500m이내공원수":8,
            "3km이내혐오시설수":0,
            "초등학교학업성취도":90.0,
            "중학교학업성취도":50.9,
            "학원가":0,
            "학원수":0,
            "용적률":201,
            "건폐율":16,
            "Y":35.042506,
            "X":126.849175,
            "rank":25.0,
            "area_info":"24평(81.3),29평(98.03),34평(114.28),34평(114.43),34평(115.01)",
            "sales_info":"1.84억 (2022-04-05),2.59억 (2022-02-23),3.1억 (2022-01-14),2.675억 (2022-02-28),3.2억 (2022-03-12)",
            "last_sales":"2022-04-05,18400.0,24평(81.3)",
            "maintenance":"nan,nan,nan,nan,nan",
            "price_per":"748,873,896,772,919",
            "room":"3,3,3,3,4",
            "bath":"2,2,2,2,2",
            "rank_history":[
                [
                    "202204",
                    25
                ],
                [
                    "202203",
                    24
                ],
                [
                    "202202",
                    23
                ],
                [
                    "202201",
                    22
                ]
            ],
            "rank_gap":-1
        },
        {
            "index":124,
            "아파트명":"삼성",
            "매매타입":"아파트",
            "전용면적(m2)":"75.31",
            "전용면적(평)":"22평",
            "법정동주소":"전라남도 나주시 죽림동 39",
            "도로명주소":"전라남도 나주시 죽림길 71",
            "세대수":30,
            "입주년차":0,
            "용적률점수":"--",
            "건폐율점수":"--",
            "세대당주차수":0,
            "난방방식":30,
            "공급면적":"--",
            "전용률":"--",
            "욕실수":50,
            "현관타입":100,
            "주거총점":28.5,
            "지역구공급총점":0.0,
            "역세권":"NA",
            "30분내 이동가능 거점":"NA",
            "1시간내 이동가능 거점":"NA",
            "교통총점":"NA",
            "백화점":0,
            "아울렛몰":0,
            "대형마트":100,
            "은행":0,
            "병원":60,
            "종합병원":80,
            "공원":100,
            "혐오시설":0,
            "인프라총점":40.0,
            "초등학군":90.0,
            "중학군":39.96,
            "학군총점":49.968,
            "인구수":11.43,
            "인구증감":5.39,
            "인구총점":9.618,
            "일자리":9.59,
            "소득수준":84.38,
            "일자리총점":32.027,
            "가치 총점":38.467,
            "매매실거래년":20220405.0,
            "매매실거래가":8300.0,
            "평단가":364,
            "전세실거래년":20210312.0,
            "전세실거래가":6000.0,
            "전세가율":72.29,
            "장기전세가율평균":64.61,
            "전세가율거품지수":-7.68,
            "검색코드":4495,
            "세대수":340.0,
            "난방":"개별난방",
            "주차":"179 (세대당 0.53대)",
            "현관구조":"계단식",
            "관리비평균":132274.0,
            "방수":3,
            "욕실개수":1,
            "준공년월":"1995-12-26",
            "준공년차":27.0,
            "가까운역이름":"NA",
            "가까운역거리":"NA",
            "역세권여부":"NA",
            "30분이내주요거점역":"NA",
            "30분거점역이름":"NA",
            "1시간이내주요거점역":"NA",
            "1시간거점역이름":"NA",
            "3km이내백화점수":0,
            "5km이내아울렛몰수":0,
            "1km이내대형먀트수":2,
            "500m이내은행수":1,
            "500m이내병원수":28,
            "5km이내대형병원수":1,
            "500m이내공원수":2,
            "3km이내혐오시설수":0,
            "초등학교학업성취도":90.0,
            "중학교학업성취도":66.6,
            "학원가":0,
            "학원수":0,
            "용적률":273,
            "건폐율":23,
            "Y":35.032376,
            "X":126.725705,
            "rank":26.0,
            "area_info":"22평(75.31),30평(102.21)",
            "sales_info":"0.83억 (2022-04-05),1.2억 (2022-01-19)",
            "last_sales":"2022-04-05,8300.0,22평(75.31)",
            "maintenance":"132274.0,187393.0",
            "price_per":"364,388",
            "room":"3,3",
            "bath":"1,2",
            "rank_history":[
                [
                    "202204",
                    26
                ],
                [
                    "202203",
                    18
                ],
                [
                    "202202",
                    18
                ],
                [
                    "202201",
                    21
                ]
            ],
            "rank_gap":-8
        },
        {
            "index":118,
            "아파트명":"용산주공2단지",
            "매매타입":"아파트",
            "전용면적(m2)":"51.63",
            "전용면적(평)":"15평",
            "법정동주소":"전라남도 나주시 용산동 344",
            "도로명주소":"전라남도 나주시 영나로 2421",
            "세대수":50,
            "입주년차":20,
            "용적률점수":"--",
            "건폐율점수":"--",
            "세대당주차수":0,
            "난방방식":30,
            "공급면적":"--",
            "전용률":"--",
            "욕실수":50,
            "현관타입":100,
            "주거총점":39.5,
            "지역구공급총점":0.0,
            "역세권":"NA",
            "30분내 이동가능 거점":"NA",
            "1시간내 이동가능 거점":"NA",
            "교통총점":"NA",
            "백화점":0,
            "아울렛몰":0,
            "대형마트":80,
            "은행":0,
            "병원":0,
            "종합병원":80,
            "공원":0,
            "혐오시설":0,
            "인프라총점":28.0,
            "초등학군":90.0,
            "중학군":44.52,
            "학군총점":53.616,
            "인구수":11.43,
            "인구증감":5.39,
            "인구총점":9.618,
            "일자리":9.59,
            "소득수준":84.38,
            "일자리총점":32.027,
            "가치 총점":38.429,
            "매매실거래년":20220401.0,
            "매매실거래가":5000.0,
            "평단가":230,
            "전세실거래년":20220303.0,
            "전세실거래가":2800.0,
            "전세가율":77.78,
            "장기전세가율평균":64.61,
            "전세가율거품지수":-13.17,
            "검색코드":105146,
            "세대수":498.0,
            "난방":"개별난방",
            "주차":"355 (세대당 0.71대)",
            "현관구조":"계단식",
            "관리비평균":88263.0,
            "방수":2,
            "욕실개수":1,
            "준공년월":"1999-02-26",
            "준공년차":23.0,
            "가까운역이름":"NA",
            "가까운역거리":"NA",
            "역세권여부":"NA",
            "30분이내주요거점역":"NA",
            "30분거점역이름":"NA",
            "1시간이내주요거점역":"NA",
            "1시간거점역이름":"NA",
            "3km이내백화점수":0,
            "5km이내아울렛몰수":0,
            "1km이내대형먀트수":1,
            "500m이내은행수":0,
            "500m이내병원수":0,
            "5km이내대형병원수":1,
            "500m이내공원수":0,
            "3km이내혐오시설수":0,
            "초등학교학업성취도":90.0,
            "중학교학업성취도":74.2,
            "학원가":0,
            "학원수":0,
            "용적률":159,
            "건폐율":13,
            "Y":34.992167,
            "X":126.72164,
            "rank":27.0,
            "area_info":"15평(51.63),19평(63.99)",
            "sales_info":"0.36억 (2022-02-22),0.5억 (2022-04-01)",
            "last_sales":"2022-04-01,5000.0,19평(63.99)",
            "maintenance":"88263.0,110207.0",
            "price_per":"230,258",
            "room":"2,2",
            "bath":"1,1",
            "rank_history":[
                [
                    "202204",
                    27
                ],
                [
                    "202203",
                    22
                ],
                [
                    "202202",
                    21
                ],
                [
                    "202201",
                    20
                ]
            ],
            "rank_gap":-5
        },
        {
            "index":10,
            "아파트명":"STX칸중우하나린",
            "매매타입":"아파트",
            "전용면적(m2)":"85.88",
            "전용면적(평)":"25평",
            "법정동주소":"전라남도 나주시 남평읍 동사리 414",
            "도로명주소":"전라남도 나주시 강변2길 20",
            "세대수":80,
            "입주년차":80,
            "용적률점수":"--",
            "건폐율점수":"--",
            "세대당주차수":30,
            "난방방식":30,
            "공급면적":"--",
            "전용률":"--",
            "욕실수":100,
            "현관타입":100,
            "주거총점":71.5,
            "지역구공급총점":0.0,
            "역세권":"NA",
            "30분내 이동가능 거점":"NA",
            "1시간내 이동가능 거점":"NA",
            "교통총점":"NA",
            "백화점":0,
            "아울렛몰":0,
            "대형마트":0,
            "은행":0,
            "병원":10,
            "종합병원":0,
            "공원":100,
            "혐오시설":0,
            "인프라총점":4.0,
            "초등학군":90.0,
            "중학군":30.54,
            "학군총점":42.432,
            "인구수":11.43,
            "인구증감":5.39,
            "인구총점":9.618,
            "일자리":9.59,
            "소득수준":84.38,
            "일자리총점":32.027,
            "가치 총점":37.233,
            "매매실거래년":20220404.0,
            "매매실거래가":24500.0,
            "평단가":650,
            "전세실거래년":20220319.0,
            "전세실거래가":13500.0,
            "전세가율":79.88,
            "장기전세가율평균":64.61,
            "전세가율거품지수":-15.27,
            "검색코드":109423,
            "세대수":700.0,
            "난방":"개별난방",
            "주차":"838 (세대당 1.2대)",
            "현관구조":"계단식",
            "관리비평균":118827.0,
            "방수":3,
            "욕실개수":2,
            "준공년월":"2017-02-01",
            "준공년차":5.0,
            "가까운역이름":"NA",
            "가까운역거리":"NA",
            "역세권여부":"NA",
            "30분이내주요거점역":"NA",
            "30분거점역이름":"NA",
            "1시간이내주요거점역":"NA",
            "1시간거점역이름":"NA",
            "3km이내백화점수":0,
            "5km이내아울렛몰수":0,
            "1km이내대형먀트수":0,
            "500m이내은행수":0,
            "500m이내병원수":2,
            "5km이내대형병원수":0,
            "500m이내공원수":6,
            "3km이내혐오시설수":0,
            "초등학교학업성취도":90.0,
            "중학교학업성취도":50.9,
            "학원가":0,
            "학원수":0,
            "용적률":213,
            "건폐율":16,
            "Y":35.040215,
            "X":126.852603,
            "rank":28.0,
            "area_info":"25평(85.88),29평(99.11),33평(112.22)",
            "sales_info":"1.69억 (2022-03-26),2.15억 (2022-04-01),2.45억 (2022-04-04)",
            "last_sales":"2022-04-04,24500.0,33평(112.22)",
            "maintenance":"118827.0,146500.0,168422.0",
            "price_per":"650,717,721",
            "room":"3,3,3",
            "bath":"2,2,2",
            "rank_history":[
                [
                    "202204",
                    28
                ],
                [
                    "202203",
                    24
                ],
                [
                    "202202",
                    23
                ],
                [
                    "202201",
                    22
                ]
            ],
            "rank_gap":-4
        },
        {
            "index":120,
            "아파트명":"나주사랑가(도시형)",
            "매매타입":"아파트",
            "전용면적(m2)":"42.41",
            "전용면적(평)":"12평",
            "법정동주소":"전라남도 나주시 이창동 193-17",
            "도로명주소":"전라남도 나주시 예향로 3793",
            "세대수":0,
            "입주년차":80,
            "용적률점수":"--",
            "건폐율점수":"--",
            "세대당주차수":0,
            "난방방식":30,
            "공급면적":"--",
            "전용률":"--",
            "욕실수":50,
            "현관타입":10,
            "주거총점":25.0,
            "지역구공급총점":0.0,
            "역세권":"NA",
            "30분내 이동가능 거점":"NA",
            "1시간내 이동가능 거점":"NA",
            "교통총점":"NA",
            "백화점":0,
            "아울렛몰":0,
            "대형마트":100,
            "은행":0,
            "병원":30,
            "종합병원":80,
            "공원":100,
            "혐오시설":0,
            "인프라총점":37.0,
            "초등학군":90.0,
            "중학군":44.52,
            "학군총점":53.616,
            "인구수":11.43,
            "인구증감":5.39,
            "인구총점":9.618,
            "일자리":9.59,
            "소득수준":84.38,
            "일자리총점":32.027,
            "가치 총점":36.954,
            "매매실거래년":20220203.0,
            "매매실거래가":6900.0,
            "평단가":272,
            "전세실거래년":20141120.0,
            "전세실거래가":5100.0,
            "전세가율":145.71,
            "장기전세가율평균":64.61,
            "전세가율거품지수":-81.1,
            "검색코드":111367,
            "세대수":178.0,
            "난방":"개별난방",
            "주차":"93 (세대당 0.52대)",
            "현관구조":"복도식",
            "관리비평균":79307.0,
            "방수":1,
            "욕실개수":1,
            "준공년월":"2014-11-12",
            "준공년차":8.0,
            "가까운역이름":"NA",
            "가까운역거리":"NA",
            "역세권여부":"NA",
            "30분이내주요거점역":"NA",
            "30분거점역이름":"NA",
            "1시간이내주요거점역":"NA",
            "1시간거점역이름":"NA",
            "3km이내백화점수":0,
            "5km이내아울렛몰수":0,
            "1km이내대형먀트수":2,
            "500m이내은행수":1,
            "500m이내병원수":9,
            "5km이내대형병원수":1,
            "500m이내공원수":2,
            "3km이내혐오시설수":0,
            "초등학교학업성취도":90.0,
            "중학교학업성취도":74.2,
            "학원가":0,
            "학원수":0,
            "용적률":562,
            "건폐율":44,
            "Y":34.994242,
            "X":126.711564,
            "rank":29.0,
            "area_info":"12평(42.41),15평(50.07),18평(61.92),21평(71.42)",
            "sales_info":"0.35억 (2022-01-27),0.6억 (2020-12-28),1.08억 (2015-06-05),0.69억 (2022-02-03)",
            "last_sales":"2022-02-03,6900.0,21평(71.42)",
            "maintenance":"79307.0,93774.0,118971.0,137668.0",
            "price_per":"272,396,576,319",
            "room":"1,1,1,2",
            "bath":"1,1,1,1",
            "rank_history":[
                [
                    "202204",
                    29
                ],
                [
                    "202203",
                    23
                ],
                [
                    "202202",
                    22
                ],
                [
                    "202201",
                    23
                ]
            ],
            "rank_gap":-6
        },
        {
            "index":37,
            "아파트명":"호반리젠시빌",
            "매매타입":"아파트",
            "전용면적(m2)":"120.41",
            "전용면적(평)":"36평",
            "법정동주소":"전라남도 나주시 대호동 1036",
            "도로명주소":"전라남도 나주시 대호길 45-17",
            "세대수":0,
            "입주년차":40,
            "용적률점수":"--",
            "건폐율점수":"--",
            "세대당주차수":30,
            "난방방식":30,
            "공급면적":"--",
            "전용률":"--",
            "욕실수":100,
            "현관타입":100,
            "주거총점":35.5,
            "지역구공급총점":0.0,
            "역세권":"NA",
            "30분내 이동가능 거점":"NA",
            "1시간내 이동가능 거점":"NA",
            "교통총점":"NA",
            "백화점":0,
            "아울렛몰":0,
            "대형마트":80,
            "은행":0,
            "병원":0,
            "종합병원":80,
            "공원":100,
            "혐오시설":0,
            "인프라총점":31.0,
            "초등학군":89.99,
            "중학군":37.5,
            "학군총점":47.998,
            "인구수":11.43,
            "인구증감":5.39,
            "인구총점":9.618,
            "일자리":9.59,
            "소득수준":84.38,
            "일자리총점":32.027,
            "가치 총점":36.8245,
            "매매실거래년":20220313.0,
            "매매실거래가":16500.0,
            "평단가":452,
            "전세실거래년":20220401.0,
            "전세실거래가":16000.0,
            "전세가율":96.97,
            "장기전세가율평균":64.61,
            "전세가율거품지수":-32.36,
            "검색코드":16829,
            "세대수":263.0,
            "난방":"개별난방",
            "주차":"334 (세대당 1.27대)",
            "현관구조":"계단식",
            "관리비평균":149620.0,
            "방수":3,
            "욕실개수":2,
            "준공년월":"2003-05-16",
            "준공년차":19.0,
            "가까운역이름":"NA",
            "가까운역거리":"NA",
            "역세권여부":"NA",
            "30분이내주요거점역":"NA",
            "30분거점역이름":"NA",
            "1시간이내주요거점역":"NA",
            "1시간거점역이름":"NA",
            "3km이내백화점수":0,
            "5km이내아울렛몰수":0,
            "1km이내대형먀트수":1,
            "500m이내은행수":0,
            "500m이내병원수":1,
            "5km이내대형병원수":1,
            "500m이내공원수":3,
            "3km이내혐오시설수":0,
            "초등학교학업성취도":89.99,
            "중학교학업성취도":62.5,
            "학원가":0,
            "학원수":0,
            "용적률":232,
            "건폐율":18,
            "Y":35.040706,
            "X":126.716435,
            "rank":30.0,
            "area_info":"36평(120.41)",
            "sales_info":"1.65억 (2022-03-13)",
            "last_sales":"2022-03-13,16500.0,36평(120.41)",
            "maintenance":"149620.0",
            "price_per":"452",
            "room":"3",
            "bath":"2",
            "rank_history":[
                [
                    "202204",
                    30
                ],
                [
                    "202203",
                    26
                ],
                [
                    "202202",
                    25
                ],
                [
                    "202201",
                    27
                ]
            ],
            "rank_gap":-4
        },
        {
            "index":83,
            "아파트명":"부영",
            "매매타입":"아파트",
            "전용면적(m2)":"69.61",
            "전용면적(평)":"21평",
            "법정동주소":"전라남도 나주시 삼영동 296-1",
            "도로명주소":"전라남도 나주시 삼영1길 61",
            "세대수":90,
            "입주년차":20,
            "용적률점수":"--",
            "건폐율점수":"--",
            "세대당주차수":0,
            "난방방식":30,
            "공급면적":"--",
            "전용률":"--",
            "욕실수":50,
            "현관타입":10,
            "주거총점":44.5,
            "지역구공급총점":0.0,
            "역세권":"NA",
            "30분내 이동가능 거점":"NA",
            "1시간내 이동가능 거점":"NA",
            "교통총점":"NA",
            "백화점":0,
            "아울렛몰":0,
            "대형마트":0,
            "은행":0,
            "병원":0,
            "종합병원":80,
            "공원":0,
            "혐오시설":0,
            "인프라총점":16.0,
            "초등학군":90.04,
            "중학군":44.52,
            "학군총점":53.624,
            "인구수":11.43,
            "인구증감":5.39,
            "인구총점":9.618,
            "일자리":9.59,
            "소득수준":84.38,
            "일자리총점":32.027,
            "가치 총점":35.381,
            "매매실거래년":18000101.0,
            "매매실거래가":null,
            "평단가":"nan",
            "전세실거래년":20220304.0,
            "전세실거래가":3781.0,
            "전세가율":null,
            "장기전세가율평균":64.61,
            "전세가율거품지수":null,
            "검색코드":16825,
            "세대수":994.0,
            "난방":"개별난방",
            "주차":"817 (세대당 0.82대)",
            "현관구조":"복도식",
            "관리비평균":87406.0,
            "방수":2,
            "욕실개수":1,
            "준공년월":"1998-07-30",
            "준공년차":24.0,
            "가까운역이름":"NA",
            "가까운역거리":"NA",
            "역세권여부":"NA",
            "30분이내주요거점역":"NA",
            "30분거점역이름":"NA",
            "1시간이내주요거점역":"NA",
            "1시간거점역이름":"NA",
            "3km이내백화점수":0,
            "5km이내아울렛몰수":0,
            "1km이내대형먀트수":0,
            "500m이내은행수":0,
            "500m이내병원수":0,
            "5km이내대형병원수":1,
            "500m이내공원수":0,
            "3km이내혐오시설수":0,
            "초등학교학업성취도":90.04,
            "중학교학업성취도":74.2,
            "학원가":0,
            "학원수":0,
            "용적률":229,
            "건폐율":21,
            "Y":35.002516,
            "X":126.701345,
            "rank":31.0,
            "area_info":"21평(69.61),25평(83.68)",
            "sales_info":"거래 정보 없음,거래 정보 없음",
            "last_sales":"1800-01-01,nan,25평(83.68)",
            "maintenance":"87406.0,105076.0",
            "price_per":"nan,nan",
            "room":"2,3",
            "bath":"1,1",
            "rank_history":[
                [
                    "202204",
                    31
                ],
                [
                    "202203",
                    28
                ],
                [
                    "202202",
                    26
                ],
                [
                    "202201",
                    24
                ]
            ],
            "rank_gap":-3
        },
        {
            "index":36,
            "아파트명":"호반",
            "매매타입":"아파트",
            "전용면적(m2)":"38.25",
            "전용면적(평)":"11평",
            "법정동주소":"전라남도 나주시 대호동 307-5",
            "도로명주소":"전라남도 나주시 건재로 209",
            "세대수":50,
            "입주년차":0,
            "용적률점수":"--",
            "건폐율점수":"--",
            "세대당주차수":0,
            "난방방식":30,
            "공급면적":"--",
            "전용률":"--",
            "욕실수":50,
            "현관타입":50,
            "주거총점":30.5,
            "지역구공급총점":0.0,
            "역세권":"NA",
            "30분내 이동가능 거점":"NA",
            "1시간내 이동가능 거점":"NA",
            "교통총점":"NA",
            "백화점":0,
            "아울렛몰":0,
            "대형마트":80,
            "은행":0,
            "병원":0,
            "종합병원":80,
            "공원":0,
            "혐오시설":0,
            "인프라총점":28.0,
            "초등학군":90.0,
            "중학군":37.5,
            "학군총점":48.0,
            "인구수":11.43,
            "인구증감":5.39,
            "인구총점":9.618,
            "일자리":9.59,
            "소득수준":84.38,
            "일자리총점":32.027,
            "가치 총점":33.875,
            "매매실거래년":20220329.0,
            "매매실거래가":4450.0,
            "평단가":384,
            "전세실거래년":20220223.0,
            "전세실거래가":3700.0,
            "전세가율":83.15,
            "장기전세가율평균":64.61,
            "전세가율거품지수":-18.54,
            "검색코드":107584,
            "세대수":470.0,
            "난방":"개별난방",
            "주차":"290 (세대당 0.62대)",
            "현관구조":"복합식",
            "관리비평균":71353.0,
            "방수":1,
            "욕실개수":1,
            "준공년월":"1996-09-20",
            "준공년차":26.0,
            "가까운역이름":"NA",
            "가까운역거리":"NA",
            "역세권여부":"NA",
            "30분이내주요거점역":"NA",
            "30분거점역이름":"NA",
            "1시간이내주요거점역":"NA",
            "1시간거점역이름":"NA",
            "3km이내백화점수":0,
            "5km이내아울렛몰수":0,
            "1km이내대형먀트수":1,
            "500m이내은행수":0,
            "500m이내병원수":0,
            "5km이내대형병원수":1,
            "500m이내공원수":0,
            "3km이내혐오시설수":0,
            "초등학교학업성취도":90.0,
            "중학교학업성취도":62.5,
            "학원가":0,
            "학원수":0,
            "용적률":109,
            "건폐율":24,
            "Y":35.051665,
            "X":126.723147,
            "rank":32.0,
            "area_info":"11평(38.25)",
            "sales_info":"0.445억 (2022-03-29)",
            "last_sales":"2022-03-29,4450.0,11평(38.25)",
            "maintenance":"71353.0",
            "price_per":"384",
            "room":"1",
            "bath":"1",
            "rank_history":[
                [
                    "202204",
                    32
                ],
                [
                    "202203",
                    29
                ],
                [
                    "202202",
                    27
                ],
                [
                    "202201",
                    28
                ]
            ],
            "rank_gap":-3
        },
        {
            "index":0,
            "아파트명":"우영타워",
            "매매타입":"아파트",
            "전용면적(m2)":"80.97",
            "전용면적(평)":"24평",
            "법정동주소":"전라남도 나주시 금계동 104-22",
            "도로명주소":"전라남도 나주시 나주천2길 54",
            "세대수":0,
            "입주년차":0,
            "용적률점수":"--",
            "건폐율점수":"--",
            "세대당주차수":0,
            "난방방식":30,
            "공급면적":"--",
            "전용률":"--",
            "욕실수":50,
            "현관타입":100,
            "주거총점":18.0,
            "지역구공급총점":0.0,
            "역세권":"NA",
            "30분내 이동가능 거점":"NA",
            "1시간내 이동가능 거점":"NA",
            "교통총점":"NA",
            "백화점":0,
            "아울렛몰":0,
            "대형마트":100,
            "은행":0,
            "병원":10,
            "종합병원":80,
            "공원":100,
            "혐오시설":0,
            "인프라총점":35.0,
            "초등학군":90.0,
            "중학군":39.96,
            "학군총점":49.968,
            "인구수":11.43,
            "인구증감":5.39,
            "인구총점":9.618,
            "일자리":9.59,
            "소득수준":84.38,
            "일자리총점":32.027,
            "가치 총점":32.792,
            "매매실거래년":20220226.0,
            "매매실거래가":4950.0,
            "평단가":202,
            "전세실거래년":20220121.0,
            "전세실거래가":4000.0,
            "전세가율":80.81,
            "장기전세가율평균":64.61,
            "전세가율거품지수":-16.2,
            "검색코드":4486,
            "세대수":153.0,
            "난방":"개별난방",
            "주차":"153 (세대당 1.0대)",
            "현관구조":"계단식",
            "관리비평균":103456.0,
            "방수":3,
            "욕실개수":1,
            "준공년월":"1991-05-15",
            "준공년차":31.0,
            "가까운역이름":"NA",
            "가까운역거리":"NA",
            "역세권여부":"NA",
            "30분이내주요거점역":"NA",
            "30분거점역이름":"NA",
            "1시간이내주요거점역":"NA",
            "1시간거점역이름":"NA",
            "3km이내백화점수":0,
            "5km이내아울렛몰수":0,
            "1km이내대형먀트수":2,
            "500m이내은행수":1,
            "500m이내병원수":4,
            "5km이내대형병원수":1,
            "500m이내공원수":3,
            "3km이내혐오시설수":0,
            "초등학교학업성취도":90.0,
            "중학교학업성취도":66.6,
            "학원가":0,
            "학원수":0,
            "용적률":0,
            "건폐율":0,
            "Y":35.02922,
            "X":126.71501,
            "rank":33.0,
            "area_info":"24평(80.97)",
            "sales_info":"0.495억 (2022-02-26)",
            "last_sales":"2022-02-26,4950.0,24평(80.97)",
            "maintenance":"103456.0",
            "price_per":"202",
            "room":"3",
            "bath":"1",
            "rank_history":[
                [
                    "202204",
                    33
                ],
                [
                    "202203",
                    32
                ],
                [
                    "202202",
                    28
                ],
                [
                    "202201",
                    29
                ]
            ],
            "rank_gap":-1
        },
        {
            "index":80,
            "아파트명":"대덕",
            "매매타입":"아파트",
            "전용면적(m2)":"79.37",
            "전용면적(평)":"24평",
            "법정동주소":"전라남도 나주시 삼영동 63",
            "도로명주소":"전라남도 나주시 남부원길 3",
            "세대수":0,
            "입주년차":0,
            "용적률점수":"--",
            "건폐율점수":"--",
            "세대당주차수":0,
            "난방방식":30,
            "공급면적":"--",
            "전용률":"--",
            "욕실수":50,
            "현관타입":100,
            "주거총점":18.0,
            "지역구공급총점":0.0,
            "역세권":"NA",
            "30분내 이동가능 거점":"NA",
            "1시간내 이동가능 거점":"NA",
            "교통총점":"NA",
            "백화점":0,
            "아울렛몰":0,
            "대형마트":80,
            "은행":0,
            "병원":0,
            "종합병원":80,
            "공원":80,
            "혐오시설":0,
            "인프라총점":30.4,
            "초등학군":90.04,
            "중학군":29.34,
            "학군총점":41.48,
            "인구수":11.43,
            "인구증감":5.39,
            "인구총점":9.618,
            "일자리":9.59,
            "소득수준":84.38,
            "일자리총점":32.027,
            "가치 총점":28.83,
            "매매실거래년":20220128.0,
            "매매실거래가":7900.0,
            "평단가":204,
            "전세실거래년":20210427.0,
            "전세실거래가":5500.0,
            "전세가율":112.24,
            "장기전세가율평균":64.61,
            "전세가율거품지수":-47.63,
            "검색코드":106347,
            "세대수":146.0,
            "난방":"개별난방",
            "주차":"0 (세대당 0.0대)",
            "현관구조":"계단식",
            "관리비평균":null,
            "방수":3,
            "욕실개수":1,
            "준공년월":"1991-09-10",
            "준공년차":31.0,
            "가까운역이름":"NA",
            "가까운역거리":"NA",
            "역세권여부":"NA",
            "30분이내주요거점역":"NA",
            "30분거점역이름":"NA",
            "1시간이내주요거점역":"NA",
            "1시간거점역이름":"NA",
            "3km이내백화점수":0,
            "5km이내아울렛몰수":0,
            "1km이내대형먀트수":1,
            "500m이내은행수":0,
            "500m이내병원수":0,
            "5km이내대형병원수":1,
            "500m이내공원수":1,
            "3km이내혐오시설수":0,
            "초등학교학업성취도":90.04,
            "중학교학업성취도":48.9,
            "학원가":0,
            "학원수":0,
            "용적률":0,
            "건폐율":0,
            "Y":35.008534,
            "X":126.712029,
            "rank":34.0,
            "area_info":"24평(79.37),31평(102.72),31평(103.92)",
            "sales_info":"0.49억 (2021-12-20),0.79억 (2022-01-28),0.7억 (2021-05-11)",
            "last_sales":"2022-01-28,7900.0,31평(102.72)",
            "maintenance":"nan,nan,nan",
            "price_per":"204,254,222",
            "room":"3,3,3",
            "bath":"1,2,2",
            "rank_history":[
                [
                    "202204",
                    34
                ],
                [
                    "202203",
                    35
                ],
                [
                    "202202",
                    31
                ],
                [
                    "202201",
                    32
                ]
            ],
            "rank_gap":1
        },
        {
            "index":22,
            "아파트명":"남평새봄",
            "매매타입":"아파트",
            "전용면적(m2)":"74.1",
            "전용면적(평)":"22평",
            "법정동주소":"전라남도 나주시 남평읍 대교리 32-1",
            "도로명주소":"전라남도 나주시 남평3로 41-12",
            "세대수":0,
            "입주년차":0,
            "용적률점수":"--",
            "건폐율점수":"--",
            "세대당주차수":0,
            "난방방식":30,
            "공급면적":"--",
            "전용률":"--",
            "욕실수":50,
            "현관타입":100,
            "주거총점":18.0,
            "지역구공급총점":0.0,
            "역세권":"NA",
            "30분내 이동가능 거점":"NA",
            "1시간내 이동가능 거점":"NA",
            "교통총점":"NA",
            "백화점":0,
            "아울렛몰":0,
            "대형마트":0,
            "은행":0,
            "병원":30,
            "종합병원":80,
            "공원":100,
            "혐오시설":0,
            "인프라총점":22.0,
            "초등학군":90.0,
            "중학군":30.54,
            "학군총점":42.432,
            "인구수":11.43,
            "인구증감":5.39,
            "인구총점":9.618,
            "일자리":9.59,
            "소득수준":84.38,
            "일자리총점":32.027,
            "가치 총점":25.708,
            "매매실거래년":20220111.0,
            "매매실거래가":11000.0,
            "평단가":312,
            "전세실거래년":20150325.0,
            "전세실거래가":5000.0,
            "전세가율":71.43,
            "장기전세가율평균":64.61,
            "전세가율거품지수":-6.82,
            "검색코드":14893,
            "세대수":134.0,
            "난방":"개별난방",
            "주차":"66 (세대당 0.49대)",
            "현관구조":"계단식",
            "관리비평균":null,
            "방수":3,
            "욕실개수":1,
            "준공년월":"1994-04-23",
            "준공년차":28.0,
            "가까운역이름":"NA",
            "가까운역거리":"NA",
            "역세권여부":"NA",
            "30분이내주요거점역":"NA",
            "30분거점역이름":"NA",
            "1시간이내주요거점역":"NA",
            "1시간거점역이름":"NA",
            "3km이내백화점수":0,
            "5km이내아울렛몰수":0,
            "1km이내대형먀트수":0,
            "500m이내은행수":0,
            "500m이내병원수":7,
            "5km이내대형병원수":1,
            "500m이내공원수":4,
            "3km이내혐오시설수":0,
            "초등학교학업성취도":90.0,
            "중학교학업성취도":50.9,
            "학원가":0,
            "학원수":0,
            "용적률":233,
            "건폐율":28,
            "Y":35.0446,
            "X":126.84539,
            "rank":35.0,
            "area_info":"22평(74.1),31평(104.91)",
            "sales_info":"0.7억 (2022-01-11),1.1억 (2022-01-11)",
            "last_sales":"2022-01-11,11000.0,31평(104.91)",
            "maintenance":"nan,nan",
            "price_per":"312,346",
            "room":"3,3",
            "bath":"1,2",
            "rank_history":[
                [
                    "202204",
                    35
                ],
                [
                    "202203",
                    33
                ],
                [
                    "202202",
                    29
                ],
                [
                    "202201",
                    30
                ]
            ],
            "rank_gap":-2
        },
        {
            "index":29,
            "아파트명":"팔마코이스",
            "매매타입":"아파트",
            "전용면적(m2)":"80.31",
            "전용면적(평)":"24평",
            "법정동주소":"전라남도 나주시 남평읍 교원리 377-1",
            "도로명주소":"전라남도 나주시 세남로 1546-13",
            "세대수":0,
            "입주년차":20,
            "용적률점수":"--",
            "건폐율점수":"--",
            "세대당주차수":0,
            "난방방식":30,
            "공급면적":"--",
            "전용률":"--",
            "욕실수":50,
            "현관타입":100,
            "주거총점":22.0,
            "지역구공급총점":0.0,
            "역세권":"NA",
            "30분내 이동가능 거점":"NA",
            "1시간내 이동가능 거점":"NA",
            "교통총점":"NA",
            "백화점":0,
            "아울렛몰":0,
            "대형마트":0,
            "은행":0,
            "병원":0,
            "종합병원":80,
            "공원":0,
            "혐오시설":0,
            "인프라총점":16.0,
            "초등학군":90.0,
            "중학군":30.54,
            "학군총점":42.432,
            "인구수":11.43,
            "인구증감":5.39,
            "인구총점":9.618,
            "일자리":9.59,
            "소득수준":84.38,
            "일자리총점":32.027,
            "가치 총점":24.708,
            "매매실거래년":20220325.0,
            "매매실거래가":7300.0,
            "평단가":300,
            "전세실거래년":20210807.0,
            "전세실거래가":5700.0,
            "전세가율":78.08,
            "장기전세가율평균":64.61,
            "전세가율거품지수":-13.47,
            "검색코드":16824,
            "세대수":210.0,
            "난방":"개별난방",
            "주차":"176 (세대당 0.84대)",
            "현관구조":"계단식",
            "관리비평균":108197.0,
            "방수":3,
            "욕실개수":1,
            "준공년월":"2002-01-28",
            "준공년차":20.0,
            "가까운역이름":"NA",
            "가까운역거리":"NA",
            "역세권여부":"NA",
            "30분이내주요거점역":"NA",
            "30분거점역이름":"NA",
            "1시간이내주요거점역":"NA",
            "1시간거점역이름":"NA",
            "3km이내백화점수":0,
            "5km이내아울렛몰수":0,
            "1km이내대형먀트수":0,
            "500m이내은행수":0,
            "500m이내병원수":0,
            "5km이내대형병원수":1,
            "500m이내공원수":0,
            "3km이내혐오시설수":0,
            "초등학교학업성취도":90.0,
            "중학교학업성취도":50.9,
            "학원가":0,
            "학원수":0,
            "용적률":104,
            "건폐율":0,
            "Y":35.025757,
            "X":126.833973,
            "rank":36.0,
            "area_info":"24평(80.31),28평(94.3),34평(114.49)",
            "sales_info":"0.73억 (2022-03-25),0.72억 (2020-08-03),0.93억 (2021-12-07)",
            "last_sales":"2022-03-25,7300.0,24평(80.31)",
            "maintenance":"108197.0,127044.0,154234.0",
            "price_per":"300,252,268",
            "room":"3,3,3",
            "bath":"1,1,2",
            "rank_history":[
                [
                    "202204",
                    36
                ],
                [
                    "202203",
                    34
                ],
                [
                    "202202",
                    30
                ],
                [
                    "202201",
                    31
                ]
            ],
            "rank_gap":-2
        },
        {
            "index":18,
            "아파트명":"남평강변도시유성그린파크",
            "매매타입":"아파트",
            "전용면적(m2)":"47.89",
            "전용면적(평)":"14평",
            "법정동주소":"전라남도 나주시 남평읍 동사리 327",
            "도로명주소":"전라남도 나주시 지석로 153",
            "세대수":0,
            "입주년차":60,
            "용적률점수":"--",
            "건폐율점수":"--",
            "세대당주차수":0,
            "난방방식":30,
            "공급면적":"--",
            "전용률":"--",
            "욕실수":50,
            "현관타입":100,
            "주거총점":30.0,
            "지역구공급총점":0.0,
            "역세권":"NA",
            "30분내 이동가능 거점":"NA",
            "1시간내 이동가능 거점":"NA",
            "교통총점":"NA",
            "백화점":0,
            "아울렛몰":0,
            "대형마트":0,
            "은행":0,
            "병원":10,
            "종합병원":0,
            "공원":100,
            "혐오시설":0,
            "인프라총점":4.0,
            "초등학군":90.0,
            "중학군":30.54,
            "학군총점":42.432,
            "인구수":11.43,
            "인구증감":5.39,
            "인구총점":9.618,
            "일자리":9.59,
            "소득수준":84.38,
            "일자리총점":32.027,
            "가치 총점":22.708,
            "매매실거래년":20220413.0,
            "매매실거래가":7100.0,
            "평단가":362,
            "전세실거래년":20201212.0,
            "전세실거래가":3500.0,
            "전세가율":66.67,
            "장기전세가율평균":64.61,
            "전세가율거품지수":-2.06,
            "검색코드":103600,
            "세대수":184.0,
            "난방":"개별난방",
            "주차":"184 (세대당 1.0대)",
            "현관구조":"계단식",
            "관리비평균":65087.0,
            "방수":2,
            "욕실개수":1,
            "준공년월":"2012-03-13",
            "준공년차":10.0,
            "가까운역이름":"NA",
            "가까운역거리":"NA",
            "역세권여부":"NA",
            "30분이내주요거점역":"NA",
            "30분거점역이름":"NA",
            "1시간이내주요거점역":"NA",
            "1시간거점역이름":"NA",
            "3km이내백화점수":0,
            "5km이내아울렛몰수":0,
            "1km이내대형먀트수":0,
            "500m이내은행수":0,
            "500m이내병원수":2,
            "5km이내대형병원수":0,
            "500m이내공원수":7,
            "3km이내혐오시설수":0,
            "초등학교학업성취도":90.0,
            "중학교학업성취도":50.9,
            "학원가":0,
            "학원수":0,
            "용적률":141,
            "건폐율":19,
            "Y":35.039222,
            "X":126.851679,
            "rank":37.0,
            "area_info":"14평(47.89),17평(58.4),21평(69.86),23평(79.04)",
            "sales_info":"0.525억 (2022-03-19),0.71억 (2022-04-13),0.82억 (2021-12-18),0.93억 (2022-04-11)",
            "last_sales":"2022-04-13,7100.0,17평(58.4)",
            "maintenance":"65087.0,79375.0,104755.0,118514.0",
            "price_per":"362,401,388,388",
            "room":"2,2,2,3",
            "bath":"1,1,1,1",
            "rank_history":[
                [
                    "202204",
                    37
                ],
                [
                    "202203",
                    36
                ],
                [
                    "202202",
                    32
                ],
                [
                    "202201",
                    33
                ]
            ],
            "rank_gap":-1
        }
    ]
}