{
    "schema":{
        "fields":[
            {
                "name":"index",
                "type":"integer"
            },
            {
                "name":"아파트명",
                "type":"string"
            },
            {
                "name":"매매타입",
                "type":"string"
            },
            {
                "name":"전용면적(m2)",
                "type":"string"
            },
            {
                "name":"전용면적(평)",
                "type":"string"
            },
            {
                "name":"법정동주소",
                "type":"string"
            },
            {
                "name":"도로명주소",
                "type":"string"
            },
            {
                "name":"세대수",
                "type":"integer"
            },
            {
                "name":"입주년차",
                "type":"integer"
            },
            {
                "name":"용적률점수",
                "type":"string"
            },
            {
                "name":"건폐율점수",
                "type":"string"
            },
            {
                "name":"세대당주차수",
                "type":"integer"
            },
            {
                "name":"난방방식",
                "type":"integer"
            },
            {
                "name":"공급면적",
                "type":"string"
            },
            {
                "name":"전용률",
                "type":"string"
            },
            {
                "name":"욕실수",
                "type":"integer"
            },
            {
                "name":"현관타입",
                "type":"integer"
            },
            {
                "name":"주거총점",
                "type":"number"
            },
            {
                "name":"지역구공급총점",
                "type":"number"
            },
            {
                "name":"역세권",
                "type":"string"
            },
            {
                "name":"30분내 이동가능 거점",
                "type":"string"
            },
            {
                "name":"1시간내 이동가능 거점",
                "type":"string"
            },
            {
                "name":"교통총점",
                "type":"string"
            },
            {
                "name":"백화점",
                "type":"integer"
            },
            {
                "name":"아울렛몰",
                "type":"integer"
            },
            {
                "name":"대형마트",
                "type":"integer"
            },
            {
                "name":"은행",
                "type":"integer"
            },
            {
                "name":"병원",
                "type":"integer"
            },
            {
                "name":"종합병원",
                "type":"integer"
            },
            {
                "name":"공원",
                "type":"integer"
            },
            {
                "name":"혐오시설",
                "type":"integer"
            },
            {
                "name":"인프라총점",
                "type":"number"
            },
            {
                "name":"초등학군",
                "type":"number"
            },
            {
                "name":"중학군",
                "type":"number"
            },
            {
                "name":"학군총점",
                "type":"number"
            },
            {
                "name":"인구수",
                "type":"number"
            },
            {
                "name":"인구증감",
                "type":"number"
            },
            {
                "name":"인구총점",
                "type":"number"
            },
            {
                "name":"일자리",
                "type":"number"
            },
            {
                "name":"소득수준",
                "type":"number"
            },
            {
                "name":"일자리총점",
                "type":"number"
            },
            {
                "name":"가치 총점",
                "type":"number"
            },
            {
                "name":"매매실거래년",
                "type":"number"
            },
            {
                "name":"매매실거래가",
                "type":"number"
            },
            {
                "name":"평단가",
                "type":"string"
            },
            {
                "name":"전세실거래년",
                "type":"number"
            },
            {
                "name":"전세실거래가",
                "type":"number"
            },
            {
                "name":"전세가율",
                "type":"number"
            },
            {
                "name":"장기전세가율평균",
                "type":"string"
            },
            {
                "name":"전세가율거품지수",
                "type":"string"
            },
            {
                "name":"검색코드",
                "type":"integer"
            },
            {
                "name":"세대수",
                "type":"number"
            },
            {
                "name":"난방",
                "type":"string"
            },
            {
                "name":"주차",
                "type":"string"
            },
            {
                "name":"현관구조",
                "type":"string"
            },
            {
                "name":"관리비평균",
                "type":"number"
            },
            {
                "name":"방수",
                "type":"integer"
            },
            {
                "name":"욕실개수",
                "type":"integer"
            },
            {
                "name":"준공년월",
                "type":"string"
            },
            {
                "name":"준공년차",
                "type":"number"
            },
            {
                "name":"가까운역이름",
                "type":"string"
            },
            {
                "name":"가까운역거리",
                "type":"string"
            },
            {
                "name":"역세권여부",
                "type":"string"
            },
            {
                "name":"30분이내주요거점역",
                "type":"string"
            },
            {
                "name":"30분거점역이름",
                "type":"string"
            },
            {
                "name":"1시간이내주요거점역",
                "type":"string"
            },
            {
                "name":"1시간거점역이름",
                "type":"string"
            },
            {
                "name":"3km이내백화점수",
                "type":"integer"
            },
            {
                "name":"5km이내아울렛몰수",
                "type":"integer"
            },
            {
                "name":"1km이내대형먀트수",
                "type":"integer"
            },
            {
                "name":"500m이내은행수",
                "type":"integer"
            },
            {
                "name":"500m이내병원수",
                "type":"integer"
            },
            {
                "name":"5km이내대형병원수",
                "type":"integer"
            },
            {
                "name":"500m이내공원수",
                "type":"integer"
            },
            {
                "name":"3km이내혐오시설수",
                "type":"integer"
            },
            {
                "name":"초등학교학업성취도",
                "type":"number"
            },
            {
                "name":"중학교학업성취도",
                "type":"number"
            },
            {
                "name":"학원가",
                "type":"integer"
            },
            {
                "name":"학원수",
                "type":"integer"
            },
            {
                "name":"용적률",
                "type":"integer"
            },
            {
                "name":"건폐율",
                "type":"integer"
            },
            {
                "name":"Y",
                "type":"number"
            },
            {
                "name":"X",
                "type":"number"
            },
            {
                "name":"rank",
                "type":"number"
            },
            {
                "name":"area_info",
                "type":"string"
            },
            {
                "name":"sales_info",
                "type":"string"
            },
            {
                "name":"last_sales",
                "type":"string"
            },
            {
                "name":"maintenance",
                "type":"string"
            },
            {
                "name":"price_per",
                "type":"string"
            },
            {
                "name":"room",
                "type":"string"
            },
            {
                "name":"bath",
                "type":"string"
            },
            {
                "name":"rank_history",
                "type":"string"
            },
            {
                "name":"rank_gap",
                "type":"integer"
            }
        ],
        "primaryKey":[
            "index"
        ],
        "pandas_version":"1.4.0"
    },
    "data":[
        {
            "index":19,
            "아파트명":"근화베아채",
            "매매타입":"아파트",
            "전용면적(m2)":"84.64",
            "전용면적(평)":"25평",
            "법정동주소":"전라남도 무안군 삼향읍 남악리 1480",
            "도로명주소":"전라남도 무안군 남악4로82번길 31",
            "세대수":80,
            "입주년차":60,
            "용적률점수":"--",
            "건폐율점수":"--",
            "세대당주차수":30,
            "난방방식":30,
            "공급면적":"--",
            "전용률":"--",
            "욕실수":100,
            "현관타입":100,
            "주거총점":67.5,
            "지역구공급총점":0.0,
            "역세권":"NA",
            "30분내 이동가능 거점":"NA",
            "1시간내 이동가능 거점":"NA",
            "교통총점":"NA",
            "백화점":0,
            "아울렛몰":80,
            "대형마트":80,
            "은행":70,
            "병원":30,
            "종합병원":100,
            "공원":100,
            "혐오시설":0,
            "인프라총점":53.0,
            "초등학군":90.01,
            "중학군":53.7,
            "학군총점":60.962,
            "인구수":9.03,
            "인구증감":20.83,
            "인구총점":12.57,
            "일자리":5.63,
            "소득수준":76.29,
            "일자리총점":26.828,
            "가치 총점":60.0655,
            "매매실거래년":20220415.0,
            "매매실거래가":18400.0,
            "평단가":718,
            "전세실거래년":20220406.0,
            "전세실거래가":16270.0,
            "전세가율":88.42,
            "장기전세가율평균":"NA",
            "전세가율거품지수":"NA",
            "검색코드":101692,
            "세대수":862.0,
            "난방":"개별난방",
            "주차":"879 (세대당 1.02대)",
            "현관구조":"계단식",
            "관리비평균":131069.0,
            "방수":3,
            "욕실개수":2,
            "준공년월":"2008-12-24",
            "준공년차":14.0,
            "가까운역이름":"NA",
            "가까운역거리":"NA",
            "역세권여부":"NA",
            "30분이내주요거점역":"NA",
            "30분거점역이름":"NA",
            "1시간이내주요거점역":"NA",
            "1시간거점역이름":"NA",
            "3km이내백화점수":0,
            "5km이내아울렛몰수":1,
            "1km이내대형먀트수":1,
            "500m이내은행수":3,
            "500m이내병원수":8,
            "5km이내대형병원수":3,
            "500m이내공원수":2,
            "3km이내혐오시설수":0,
            "초등학교학업성취도":90.01,
            "중학교학업성취도":87.9,
            "학원가":0,
            "학원수":0,
            "용적률":219,
            "건폐율":18,
            "Y":34.81317,
            "X":126.469604,
            "rank":1.0,
            "area_info":"25평(84.64),27평(90.19)",
            "sales_info":"1.84억 (2022-04-15),1.9억 (2022-04-08)",
            "last_sales":"2022-04-15,18400.0,25평(84.64)",
            "maintenance":"131069.0,131182.0",
            "price_per":"718,696",
            "room":"3,3",
            "bath":"2,2",
            "rank_history":[
                [
                    "202204",
                    1
                ],
                [
                    "202203",
                    1
                ],
                [
                    "202202",
                    1
                ],
                [
                    "202201",
                    1
                ]
            ],
            "rank_gap":0
        },
        {
            "index":34,
            "아파트명":"남악신도시모아엘가2차",
            "매매타입":"아파트",
            "전용면적(m2)":"96.88",
            "전용면적(평)":"29평",
            "법정동주소":"전라남도 무안군 삼향읍 남악리 2321",
            "도로명주소":"전라남도 무안군 남악4로34번길 8",
            "세대수":50,
            "입주년차":80,
            "용적률점수":"--",
            "건폐율점수":"--",
            "세대당주차수":30,
            "난방방식":30,
            "공급면적":"--",
            "전용률":"--",
            "욕실수":100,
            "현관타입":100,
            "주거총점":61.0,
            "지역구공급총점":0.0,
            "역세권":"NA",
            "30분내 이동가능 거점":"NA",
            "1시간내 이동가능 거점":"NA",
            "교통총점":"NA",
            "백화점":0,
            "아울렛몰":80,
            "대형마트":100,
            "은행":20,
            "병원":10,
            "종합병원":100,
            "공원":100,
            "혐오시설":0,
            "인프라총점":49.0,
            "초등학군":90.01,
            "중학군":53.7,
            "학군총점":60.962,
            "인구수":9.03,
            "인구증감":20.83,
            "인구총점":12.57,
            "일자리":5.63,
            "소득수준":76.29,
            "일자리총점":26.828,
            "가치 총점":56.1905,
            "매매실거래년":20220403.0,
            "매매실거래가":35000.0,
            "평단가":921,
            "전세실거래년":20211115.0,
            "전세실거래가":22000.0,
            "전세가율":81.48,
            "장기전세가율평균":"NA",
            "전세가율거품지수":"NA",
            "검색코드":103532,
            "세대수":498.0,
            "난방":"개별난방",
            "주차":"579 (세대당 1.16대)",
            "현관구조":"계단식",
            "관리비평균":148754.0,
            "방수":3,
            "욕실개수":2,
            "준공년월":"2013-09-27",
            "준공년차":9.0,
            "가까운역이름":"NA",
            "가까운역거리":"NA",
            "역세권여부":"NA",
            "30분이내주요거점역":"NA",
            "30분거점역이름":"NA",
            "1시간이내주요거점역":"NA",
            "1시간거점역이름":"NA",
            "3km이내백화점수":0,
            "5km이내아울렛몰수":1,
            "1km이내대형먀트수":2,
            "500m이내은행수":2,
            "500m이내병원수":3,
            "5km이내대형병원수":3,
            "500m이내공원수":2,
            "3km이내혐오시설수":0,
            "초등학교학업성취도":90.01,
            "중학교학업성취도":87.9,
            "학원가":0,
            "학원수":0,
            "용적률":190,
            "건폐율":16,
            "Y":34.807735,
            "X":126.467486,
            "rank":2.0,
            "area_info":"29평(96.88),32평(107.85),34평(112.88),34평(114.44)",
            "sales_info":"2.7억 (2022-02-15),3.55억 (2022-04-01),거래 정보 없음,3.5억 (2022-04-03)",
            "last_sales":"2022-04-03,35000.0,34평(114.44)",
            "maintenance":"148754.0,171625.0,171625.0,171776.0",
            "price_per":"921,1088,nan,1011",
            "room":"3,3,3,3",
            "bath":"2,2,2,2",
            "rank_history":[
                [
                    "202204",
                    2
                ],
                [
                    "202203",
                    4
                ],
                [
                    "202202",
                    4
                ],
                [
                    "202201",
                    4
                ]
            ],
            "rank_gap":2
        },
        {
            "index":23,
            "아파트명":"근화베아체비올레",
            "매매타입":"아파트",
            "전용면적(m2)":"112.44",
            "전용면적(평)":"34평",
            "법정동주소":"전라남도 무안군 삼향읍 남악리 2531",
            "도로명주소":"전라남도 무안군 남악5로22번길 10",
            "세대수":30,
            "입주년차":80,
            "용적률점수":"--",
            "건폐율점수":"--",
            "세대당주차수":60,
            "난방방식":30,
            "공급면적":"--",
            "전용률":"--",
            "욕실수":100,
            "현관타입":100,
            "주거총점":58.5,
            "지역구공급총점":0.0,
            "역세권":"NA",
            "30분내 이동가능 거점":"NA",
            "1시간내 이동가능 거점":"NA",
            "교통총점":"NA",
            "백화점":0,
            "아울렛몰":80,
            "대형마트":80,
            "은행":20,
            "병원":10,
            "종합병원":100,
            "공원":100,
            "혐오시설":0,
            "인프라총점":46.0,
            "초등학군":90.01,
            "중학군":53.1,
            "학군총점":60.482,
            "인구수":9.03,
            "인구증감":20.83,
            "인구총점":12.57,
            "일자리":5.63,
            "소득수준":76.29,
            "일자리총점":26.828,
            "가치 총점":53.9955,
            "매매실거래년":20220311.0,
            "매매실거래가":48900.0,
            "평단가":1087,
            "전세실거래년":20220414.0,
            "전세실거래가":29500.0,
            "전세가율":79.73,
            "장기전세가율평균":"NA",
            "전세가율거품지수":"NA",
            "검색코드":112166,
            "세대수":397.0,
            "난방":"개별난방",
            "주차":"601 (세대당 1.51대)",
            "현관구조":"계단식",
            "관리비평균":172675.0,
            "방수":3,
            "욕실개수":2,
            "준공년월":"2014-02-21",
            "준공년차":8.0,
            "가까운역이름":"NA",
            "가까운역거리":"NA",
            "역세권여부":"NA",
            "30분이내주요거점역":"NA",
            "30분거점역이름":"NA",
            "1시간이내주요거점역":"NA",
            "1시간거점역이름":"NA",
            "3km이내백화점수":0,
            "5km이내아울렛몰수":1,
            "1km이내대형먀트수":1,
            "500m이내은행수":2,
            "500m이내병원수":2,
            "5km이내대형병원수":2,
            "500m이내공원수":2,
            "3km이내혐오시설수":0,
            "초등학교학업성취도":90.01,
            "중학교학업성취도":88.5,
            "학원가":0,
            "학원수":0,
            "용적률":178,
            "건폐율":18,
            "Y":34.806812,
            "X":126.471547,
            "rank":3.0,
            "area_info":"34평(112.44),41평(137.87),44평(146.17)",
            "sales_info":"3.7억 (2022-03-10),4.15억 (2021-11-04),4.89억 (2022-03-11)",
            "last_sales":"2022-03-11,48900.0,44평(146.17)",
            "maintenance":"172675.0,214734.0,249137.0",
            "price_per":"1087,995,1105",
            "room":"3,4,4",
            "bath":"2,2,2",
            "rank_history":[
                [
                    "202204",
                    3
                ],
                [
                    "202203",
                    7
                ],
                [
                    "202202",
                    5
                ],
                [
                    "202201",
                    2
                ]
            ],
            "rank_gap":4
        },
        {
            "index":27,
            "아파트명":"남악세영리첼",
            "매매타입":"아파트",
            "전용면적(m2)":"109.23",
            "전용면적(평)":"33평",
            "법정동주소":"전라남도 무안군 삼향읍 남악리 2314",
            "도로명주소":"전라남도 무안군 남악4로34번길 31",
            "세대수":30,
            "입주년차":80,
            "용적률점수":"--",
            "건폐율점수":"--",
            "세대당주차수":30,
            "난방방식":30,
            "공급면적":"--",
            "전용률":"--",
            "욕실수":100,
            "현관타입":100,
            "주거총점":54.0,
            "지역구공급총점":0.0,
            "역세권":"NA",
            "30분내 이동가능 거점":"NA",
            "1시간내 이동가능 거점":"NA",
            "교통총점":"NA",
            "백화점":0,
            "아울렛몰":80,
            "대형마트":100,
            "은행":20,
            "병원":10,
            "종합병원":100,
            "공원":100,
            "혐오시설":0,
            "인프라총점":49.0,
            "초등학군":90.01,
            "중학군":53.7,
            "학군총점":60.962,
            "인구수":9.03,
            "인구증감":20.83,
            "인구총점":12.57,
            "일자리":5.63,
            "소득수준":76.29,
            "일자리총점":26.828,
            "가치 총점":53.7405,
            "매매실거래년":20220401.0,
            "매매실거래가":30000.0,
            "평단가":"nan",
            "전세실거래년":null,
            "전세실거래가":null,
            "전세가율":null,
            "장기전세가율평균":"NA",
            "전세가율거품지수":"NA",
            "검색코드":103551,
            "세대수":395.0,
            "난방":"개별난방",
            "주차":"515 (세대당 1.3대)",
            "현관구조":"계단식",
            "관리비평균":176241.0,
            "방수":3,
            "욕실개수":2,
            "준공년월":"2013-06-28",
            "준공년차":9.0,
            "가까운역이름":"NA",
            "가까운역거리":"NA",
            "역세권여부":"NA",
            "30분이내주요거점역":"NA",
            "30분거점역이름":"NA",
            "1시간이내주요거점역":"NA",
            "1시간거점역이름":"NA",
            "3km이내백화점수":0,
            "5km이내아울렛몰수":1,
            "1km이내대형먀트수":2,
            "500m이내은행수":2,
            "500m이내병원수":3,
            "5km이내대형병원수":3,
            "500m이내공원수":3,
            "3km이내혐오시설수":0,
            "초등학교학업성취도":90.01,
            "중학교학업성취도":87.9,
            "학원가":0,
            "학원수":0,
            "용적률":153,
            "건폐율":15,
            "Y":34.808988,
            "X":126.469704,
            "rank":4.0,
            "area_info":"33평(109.23),33평(110.38),35평(117.33),35평(117.33)",
            "sales_info":"거래 정보 없음,3.0억 (2022-04-01),3.13억 (2022-03-30),거래 정보 없음",
            "last_sales":"2022-04-01,30000.0,33평(110.38)",
            "maintenance":"176241.0,176229.0,176356.0,176356.0",
            "price_per":"nan,898,881,nan",
            "room":"3,3,3,3",
            "bath":"2,2,2,2",
            "rank_history":[
                [
                    "202204",
                    4
                ],
                [
                    "202203",
                    9
                ],
                [
                    "202202",
                    9
                ],
                [
                    "202201",
                    12
                ]
            ],
            "rank_gap":5
        },
        {
            "index":38,
            "아파트명":"남악신도시아이파크",
            "매매타입":"아파트",
            "전용면적(m2)":"112.7",
            "전용면적(평)":"34평",
            "법정동주소":"전라남도 무안군 삼향읍 남악리 2100",
            "도로명주소":"전라남도 무안군 남악2로74번길 14",
            "세대수":50,
            "입주년차":40,
            "용적률점수":"--",
            "건폐율점수":"--",
            "세대당주차수":30,
            "난방방식":30,
            "공급면적":"--",
            "전용률":"--",
            "욕실수":100,
            "현관타입":100,
            "주거총점":53.0,
            "지역구공급총점":0.0,
            "역세권":"NA",
            "30분내 이동가능 거점":"NA",
            "1시간내 이동가능 거점":"NA",
            "교통총점":"NA",
            "백화점":0,
            "아울렛몰":80,
            "대형마트":80,
            "은행":70,
            "병원":60,
            "종합병원":100,
            "공원":0,
            "혐오시설":0,
            "인프라총점":53.0,
            "초등학군":90.01,
            "중학군":45.76,
            "학군총점":54.61,
            "인구수":9.03,
            "인구증감":20.83,
            "인구총점":12.57,
            "일자리":5.63,
            "소득수준":76.29,
            "일자리총점":26.828,
            "가치 총점":53.4025,
            "매매실거래년":20220405.0,
            "매매실거래가":24400.0,
            "평단가":718,
            "전세실거래년":20220217.0,
            "전세실거래가":22000.0,
            "전세가율":89.8,
            "장기전세가율평균":"NA",
            "전세가율거품지수":"NA",
            "검색코드":25192,
            "세대수":581.0,
            "난방":"개별난방",
            "주차":"611 (세대당 1.05대)",
            "현관구조":"계단식",
            "관리비평균":156765.0,
            "방수":3,
            "욕실개수":2,
            "준공년월":"2007-10-24",
            "준공년차":15.0,
            "가까운역이름":"NA",
            "가까운역거리":"NA",
            "역세권여부":"NA",
            "30분이내주요거점역":"NA",
            "30분거점역이름":"NA",
            "1시간이내주요거점역":"NA",
            "1시간거점역이름":"NA",
            "3km이내백화점수":0,
            "5km이내아울렛몰수":1,
            "1km이내대형먀트수":1,
            "500m이내은행수":3,
            "500m이내병원수":19,
            "5km이내대형병원수":4,
            "500m이내공원수":0,
            "3km이내혐오시설수":0,
            "초등학교학업성취도":90.01,
            "중학교학업성취도":76.0,
            "학원가":0,
            "학원수":0,
            "용적률":199,
            "건폐율":16,
            "Y":34.811789,
            "X":126.456657,
            "rank":5.0,
            "area_info":"34평(112.7),34평(112.47),34평(113.78)",
            "sales_info":"2.45억 (2022-03-13),2.44억 (2022-04-05),2.5억 (2022-03-29)",
            "last_sales":"2022-04-05,24400.0,34평(112.47)",
            "maintenance":"156765.0,156783.0,156691.0",
            "price_per":"718,717,726",
            "room":"3,3,3",
            "bath":"2,2,2",
            "rank_history":[
                [
                    "202204",
                    5
                ],
                [
                    "202203",
                    2
                ],
                [
                    "202202",
                    2
                ],
                [
                    "202201",
                    13
                ]
            ],
            "rank_gap":-3
        },
        {
            "index":72,
            "아파트명":"펠리시티3차",
            "매매타입":"아파트",
            "전용면적(m2)":"82.59",
            "전용면적(평)":"24평",
            "법정동주소":"전라남도 무안군 삼향읍 남악리 2105",
            "도로명주소":"전라남도 무안군 남악3로 55",
            "세대수":0,
            "입주년차":80,
            "용적률점수":"--",
            "건폐율점수":"--",
            "세대당주차수":60,
            "난방방식":30,
            "공급면적":"--",
            "전용률":"--",
            "욕실수":100,
            "현관타입":100,
            "주거총점":48.0,
            "지역구공급총점":0.0,
            "역세권":"NA",
            "30분내 이동가능 거점":"NA",
            "1시간내 이동가능 거점":"NA",
            "교통총점":"NA",
            "백화점":0,
            "아울렛몰":80,
            "대형마트":80,
            "은행":70,
            "병원":60,
            "종합병원":100,
            "공원":80,
            "혐오시설":0,
            "인프라총점":55.4,
            "초등학군":89.99,
            "중학군":49.68,
            "학군총점":57.742,
            "인구수":9.03,
            "인구증감":20.83,
            "인구총점":12.57,
            "일자리":5.63,
            "소득수준":76.29,
            "일자리총점":26.828,
            "가치 총점":53.3955,
            "매매실거래년":20220324.0,
            "매매실거래가":18200.0,
            "평단가":728,
            "전세실거래년":20210831.0,
            "전세실거래가":16000.0,
            "전세가율":87.91,
            "장기전세가율평균":"NA",
            "전세가율거품지수":"NA",
            "검색코드":116008,
            "세대수":132.0,
            "난방":"개별난방",
            "주차":"185 (세대당 1.4대)",
            "현관구조":"계단식",
            "관리비평균":null,
            "방수":3,
            "욕실개수":2,
            "준공년월":"2016-05-13",
            "준공년차":6.0,
            "가까운역이름":"NA",
            "가까운역거리":"NA",
            "역세권여부":"NA",
            "30분이내주요거점역":"NA",
            "30분거점역이름":"NA",
            "1시간이내주요거점역":"NA",
            "1시간거점역이름":"NA",
            "3km이내백화점수":0,
            "5km이내아울렛몰수":1,
            "1km이내대형먀트수":1,
            "500m이내은행수":3,
            "500m이내병원수":22,
            "5km이내대형병원수":3,
            "500m이내공원수":1,
            "3km이내혐오시설수":0,
            "초등학교학업성취도":89.99,
            "중학교학업성취도":80.2,
            "학원가":0,
            "학원수":0,
            "용적률":286,
            "건폐율":68,
            "Y":34.810327,
            "X":126.459739,
            "rank":6.0,
            "area_info":"24평(82.59),25평(82.85)",
            "sales_info":"1.82억 (2022-03-24),1.78억 (2021-11-17)",
            "last_sales":"2022-03-24,18200.0,24평(82.59)",
            "maintenance":"nan,nan",
            "price_per":"728,710",
            "room":"3,3",
            "bath":"2,2",
            "rank_history":[
                [
                    "202204",
                    6
                ],
                [
                    "202203",
                    5
                ],
                [
                    "202202",
                    6
                ],
                [
                    "202201",
                    3
                ]
            ],
            "rank_gap":-1
        },
        {
            "index":41,
            "아파트명":"남악신도시중흥S-클래스퍼스트뷰(주상복합)",
            "매매타입":"아파트",
            "전용면적(m2)":"162.27",
            "전용면적(평)":"49평",
            "법정동주소":"전라남도 무안군 삼향읍 남악리 2276",
            "도로명주소":"전라남도 무안군 남악2로22번길 30-33",
            "세대수":0,
            "입주년차":100,
            "용적률점수":"--",
            "건폐율점수":"--",
            "세대당주차수":80,
            "난방방식":30,
            "공급면적":"--",
            "전용률":"--",
            "욕실수":100,
            "현관타입":100,
            "주거총점":55.0,
            "지역구공급총점":0.0,
            "역세권":"NA",
            "30분내 이동가능 거점":"NA",
            "1시간내 이동가능 거점":"NA",
            "교통총점":"NA",
            "백화점":0,
            "아울렛몰":80,
            "대형마트":100,
            "은행":0,
            "병원":30,
            "종합병원":100,
            "공원":100,
            "혐오시설":0,
            "인프라총점":49.0,
            "초등학군":89.99,
            "중학군":49.68,
            "학군총점":57.742,
            "인구수":9.03,
            "인구증감":20.83,
            "인구총점":12.57,
            "일자리":5.63,
            "소득수준":76.29,
            "일자리총점":26.828,
            "가치 총점":53.2855,
            "매매실거래년":18000101.0,
            "매매실거래가":null,
            "평단가":"nan",
            "전세실거래년":null,
            "전세실거래가":null,
            "전세가율":null,
            "장기전세가율평균":"NA",
            "전세가율거품지수":"NA",
            "검색코드":124923,
            "세대수":137.0,
            "난방":"개별난방",
            "주차":"325 (세대당 2.37대)",
            "현관구조":"계단식",
            "관리비평균":null,
            "방수":4,
            "욕실개수":2,
            "준공년월":"2021-06-01",
            "준공년차":1.0,
            "가까운역이름":"NA",
            "가까운역거리":"NA",
            "역세권여부":"NA",
            "30분이내주요거점역":"NA",
            "30분거점역이름":"NA",
            "1시간이내주요거점역":"NA",
            "1시간거점역이름":"NA",
            "3km이내백화점수":0,
            "5km이내아울렛몰수":1,
            "1km이내대형먀트수":2,
            "500m이내은행수":0,
            "500m이내병원수":7,
            "5km이내대형병원수":4,
            "500m이내공원수":2,
            "3km이내혐오시설수":0,
            "초등학교학업성취도":89.99,
            "중학교학업성취도":80.2,
            "학원가":0,
            "학원수":0,
            "용적률":285,
            "건폐율":69,
            "Y":34.805976,
            "X":126.45951,
            "rank":7.0,
            "area_info":"49평(162.27),74평(246.09)",
            "sales_info":"거래 정보 없음,거래 정보 없음",
            "last_sales":"1800-01-01,nan,74평(246.09)",
            "maintenance":"nan,nan",
            "price_per":"nan,nan",
            "room":"4,5",
            "bath":"2,4",
            "rank_history":[
                [
                    "202204",
                    7
                ],
                [
                    "202203",
                    6
                ],
                [
                    "202202",
                    7
                ],
                [
                    "202201",
                    6
                ]
            ],
            "rank_gap":-1
        },
        {
            "index":51,
            "아파트명":"뉴캐슬(주상복합)",
            "매매타입":"아파트",
            "전용면적(m2)":"96.64",
            "전용면적(평)":"29평",
            "법정동주소":"전라남도 무안군 삼향읍 남악리 2273",
            "도로명주소":"전라남도 무안군 남악2로22번길 30",
            "세대수":0,
            "입주년차":80,
            "용적률점수":"--",
            "건폐율점수":"--",
            "세대당주차수":80,
            "난방방식":30,
            "공급면적":"--",
            "전용률":"--",
            "욕실수":100,
            "현관타입":100,
            "주거총점":51.0,
            "지역구공급총점":0.0,
            "역세권":"NA",
            "30분내 이동가능 거점":"NA",
            "1시간내 이동가능 거점":"NA",
            "교통총점":"NA",
            "백화점":0,
            "아울렛몰":80,
            "대형마트":100,
            "은행":0,
            "병원":60,
            "종합병원":100,
            "공원":100,
            "혐오시설":0,
            "인프라총점":52.0,
            "초등학군":89.99,
            "중학군":49.68,
            "학군총점":57.742,
            "인구수":9.03,
            "인구증감":20.83,
            "인구총점":12.57,
            "일자리":5.63,
            "소득수준":76.29,
            "일자리총점":26.828,
            "가치 총점":53.0855,
            "매매실거래년":20220216.0,
            "매매실거래가":30000.0,
            "평단가":708,
            "전세실거래년":20210501.0,
            "전세실거래가":18000.0,
            "전세가율":86.96,
            "장기전세가율평균":"NA",
            "전세가율거품지수":"NA",
            "검색코드":111883,
            "세대수":102.0,
            "난방":"개별난방",
            "주차":"196 (세대당 1.92대)",
            "현관구조":"계단식",
            "관리비평균":null,
            "방수":3,
            "욕실개수":2,
            "준공년월":"2015-11-10",
            "준공년차":7.0,
            "가까운역이름":"NA",
            "가까운역거리":"NA",
            "역세권여부":"NA",
            "30분이내주요거점역":"NA",
            "30분거점역이름":"NA",
            "1시간이내주요거점역":"NA",
            "1시간거점역이름":"NA",
            "3km이내백화점수":0,
            "5km이내아울렛몰수":1,
            "1km이내대형먀트수":2,
            "500m이내은행수":0,
            "500m이내병원수":10,
            "5km이내대형병원수":4,
            "500m이내공원수":2,
            "3km이내혐오시설수":0,
            "초등학교학업성취도":89.99,
            "중학교학업성취도":80.2,
            "학원가":0,
            "학원수":0,
            "용적률":261,
            "건폐율":66,
            "Y":34.807845,
            "X":126.459813,
            "rank":8.0,
            "area_info":"29평(96.64),32평(108.31)",
            "sales_info":"2.07억 (2022-02-16),3.0억 (2022-02-16)",
            "last_sales":"2022-02-16,30000.0,32평(108.31)",
            "maintenance":"nan,nan",
            "price_per":"708,915",
            "room":"3,3",
            "bath":"2,2",
            "rank_history":[
                [
                    "202204",
                    8
                ],
                [
                    "202203",
                    8
                ],
                [
                    "202202",
                    8
                ],
                [
                    "202201",
                    11
                ]
            ],
            "rank_gap":0
        },
        {
            "index":61,
            "아파트명":"오룡마을휴먼시아",
            "매매타입":"아파트",
            "전용면적(m2)":"98.68",
            "전용면적(평)":"29평",
            "법정동주소":"전라남도 무안군 삼향읍 남악리 2072",
            "도로명주소":"전라남도 무안군 남악2로74번길 13",
            "세대수":50,
            "입주년차":60,
            "용적률점수":"--",
            "건폐율점수":"--",
            "세대당주차수":30,
            "난방방식":30,
            "공급면적":"--",
            "전용률":"--",
            "욕실수":100,
            "현관타입":50,
            "주거총점":52.0,
            "지역구공급총점":0.0,
            "역세권":"NA",
            "30분내 이동가능 거점":"NA",
            "1시간내 이동가능 거점":"NA",
            "교통총점":"NA",
            "백화점":0,
            "아울렛몰":80,
            "대형마트":80,
            "은행":70,
            "병원":60,
            "종합병원":100,
            "공원":0,
            "혐오시설":0,
            "인프라총점":53.0,
            "초등학군":90.01,
            "중학군":45.76,
            "학군총점":54.61,
            "인구수":9.03,
            "인구증감":20.83,
            "인구총점":12.57,
            "일자리":5.63,
            "소득수준":76.29,
            "일자리총점":26.828,
            "가치 총점":53.0525,
            "매매실거래년":20220403.0,
            "매매실거래가":20500.0,
            "평단가":686,
            "전세실거래년":20211123.0,
            "전세실거래가":16500.0,
            "전세가율":80.49,
            "장기전세가율평균":"NA",
            "전세가율거품지수":"NA",
            "검색코드":135026,
            "세대수":660.0,
            "난방":"개별난방",
            "주차":"716 (세대당 1.08대)",
            "현관구조":"복합식",
            "관리비평균":null,
            "방수":3,
            "욕실개수":2,
            "준공년월":"2009-08-05",
            "준공년차":13.0,
            "가까운역이름":"NA",
            "가까운역거리":"NA",
            "역세권여부":"NA",
            "30분이내주요거점역":"NA",
            "30분거점역이름":"NA",
            "1시간이내주요거점역":"NA",
            "1시간거점역이름":"NA",
            "3km이내백화점수":0,
            "5km이내아울렛몰수":1,
            "1km이내대형먀트수":1,
            "500m이내은행수":3,
            "500m이내병원수":13,
            "5km이내대형병원수":4,
            "500m이내공원수":0,
            "3km이내혐오시설수":0,
            "초등학교학업성취도":90.01,
            "중학교학업성취도":76.0,
            "학원가":0,
            "학원수":0,
            "용적률":191,
            "건폐율":17,
            "Y":34.813424,
            "X":126.456961,
            "rank":9.0,
            "area_info":"29평(98.68),33평(111.88),33평(112.33),34평(112.42)",
            "sales_info":"2.05억 (2022-04-03),2.4억 (2022-03-08),2.1억 (2022-03-27),2.35억 (2022-03-20)",
            "last_sales":"2022-04-03,20500.0,29평(98.68)",
            "maintenance":"nan,nan,nan,nan",
            "price_per":"686,709,618,691",
            "room":"3,3,3,3",
            "bath":"2,2,2,2",
            "rank_history":[
                [
                    "202204",
                    9
                ],
                [
                    "202203",
                    3
                ],
                [
                    "202202",
                    3
                ],
                [
                    "202201",
                    15
                ]
            ],
            "rank_gap":-6
        },
        {
            "index":26,
            "아파트명":"남악리젠시빌",
            "매매타입":"아파트",
            "전용면적(m2)":"80.73",
            "전용면적(평)":"24평",
            "법정동주소":"전라남도 무안군 삼향읍 남악리 1578",
            "도로명주소":"전라남도 무안군 남악4로60번길 14",
            "세대수":30,
            "입주년차":40,
            "용적률점수":"--",
            "건폐율점수":"--",
            "세대당주차수":30,
            "난방방식":30,
            "공급면적":"--",
            "전용률":"--",
            "욕실수":100,
            "현관타입":100,
            "주거총점":46.0,
            "지역구공급총점":0.0,
            "역세권":"NA",
            "30분내 이동가능 거점":"NA",
            "1시간내 이동가능 거점":"NA",
            "교통총점":"NA",
            "백화점":0,
            "아울렛몰":80,
            "대형마트":100,
            "은행":20,
            "병원":60,
            "종합병원":100,
            "공원":100,
            "혐오시설":0,
            "인프라총점":54.0,
            "초등학군":90.01,
            "중학군":53.7,
            "학군총점":60.962,
            "인구수":9.03,
            "인구증감":20.83,
            "인구총점":12.57,
            "일자리":5.63,
            "소득수준":76.29,
            "일자리총점":26.828,
            "가치 총점":52.9405,
            "매매실거래년":20220412.0,
            "매매실거래가":18100.0,
            "평단가":741,
            "전세실거래년":20220412.0,
            "전세실거래가":15700.0,
            "전세가율":86.74,
            "장기전세가율평균":"NA",
            "전세가율거품지수":"NA",
            "검색코드":105127,
            "세대수":394.0,
            "난방":"개별난방",
            "주차":"404 (세대당 1.03대)",
            "현관구조":"계단식",
            "관리비평균":118601.0,
            "방수":3,
            "욕실개수":2,
            "준공년월":"2006-09-26",
            "준공년차":16.0,
            "가까운역이름":"NA",
            "가까운역거리":"NA",
            "역세권여부":"NA",
            "30분이내주요거점역":"NA",
            "30분거점역이름":"NA",
            "1시간이내주요거점역":"NA",
            "1시간거점역이름":"NA",
            "3km이내백화점수":0,
            "5km이내아울렛몰수":1,
            "1km이내대형먀트수":2,
            "500m이내은행수":2,
            "500m이내병원수":11,
            "5km이내대형병원수":3,
            "500m이내공원수":2,
            "3km이내혐오시설수":0,
            "초등학교학업성취도":90.01,
            "중학교학업성취도":87.9,
            "학원가":0,
            "학원수":0,
            "용적률":219,
            "건폐율":16,
            "Y":34.810503,
            "X":126.467555,
            "rank":10.0,
            "area_info":"24평(80.73)",
            "sales_info":"1.81억 (2022-04-12)",
            "last_sales":"2022-04-12,18100.0,24평(80.73)",
            "maintenance":"118601.0",
            "price_per":"741",
            "room":"3",
            "bath":"2",
            "rank_history":[
                [
                    "202204",
                    10
                ],
                [
                    "202203",
                    11
                ],
                [
                    "202202",
                    11
                ],
                [
                    "202201",
                    10
                ]
            ],
            "rank_gap":1
        },
        {
            "index":53,
            "아파트명":"더트리폴리앙(주상복합)",
            "매매타입":"아파트",
            "전용면적(m2)":"82.13",
            "전용면적(평)":"24평",
            "법정동주소":"전라남도 무안군 삼향읍 남악리 2104",
            "도로명주소":"전라남도 무안군 남악3로 71",
            "세대수":0,
            "입주년차":80,
            "용적률점수":"--",
            "건폐율점수":"--",
            "세대당주차수":60,
            "난방방식":30,
            "공급면적":"--",
            "전용률":"--",
            "욕실수":100,
            "현관타입":100,
            "주거총점":48.0,
            "지역구공급총점":0.0,
            "역세권":"NA",
            "30분내 이동가능 거점":"NA",
            "1시간내 이동가능 거점":"NA",
            "교통총점":"NA",
            "백화점":0,
            "아울렛몰":80,
            "대형마트":80,
            "은행":70,
            "병원":60,
            "종합병원":100,
            "공원":0,
            "혐오시설":0,
            "인프라총점":53.0,
            "초등학군":89.99,
            "중학군":49.68,
            "학군총점":57.742,
            "인구수":9.03,
            "인구증감":20.83,
            "인구총점":12.57,
            "일자리":5.63,
            "소득수준":76.29,
            "일자리총점":26.828,
            "가치 총점":52.4355,
            "매매실거래년":20220409.0,
            "매매실거래가":18500.0,
            "평단가":"nan",
            "전세실거래년":null,
            "전세실거래가":null,
            "전세가율":null,
            "장기전세가율평균":"NA",
            "전세가율거품지수":"NA",
            "검색코드":104087,
            "세대수":172.0,
            "난방":"개별난방",
            "주차":"249 (세대당 1.45대)",
            "현관구조":"계단식",
            "관리비평균":148220.0,
            "방수":3,
            "욕실개수":2,
            "준공년월":"2013-11-05",
            "준공년차":9.0,
            "가까운역이름":"NA",
            "가까운역거리":"NA",
            "역세권여부":"NA",
            "30분이내주요거점역":"NA",
            "30분거점역이름":"NA",
            "1시간이내주요거점역":"NA",
            "1시간거점역이름":"NA",
            "3km이내백화점수":0,
            "5km이내아울렛몰수":1,
            "1km이내대형먀트수":1,
            "500m이내은행수":3,
            "500m이내병원수":23,
            "5km이내대형병원수":3,
            "500m이내공원수":0,
            "3km이내혐오시설수":0,
            "초등학교학업성취도":89.99,
            "중학교학업성취도":80.2,
            "학원가":0,
            "학원수":0,
            "용적률":289,
            "건폐율":60,
            "Y":34.811738,
            "X":126.459762,
            "rank":11.0,
            "area_info":"24평(82.13),25평(83.13)",
            "sales_info":"거래 정보 없음,1.85억 (2022-04-09)",
            "last_sales":"2022-04-09,18500.0,25평(83.13)",
            "maintenance":"148220.0,148220.0",
            "price_per":"nan,735",
            "room":"3,3",
            "bath":"2,2",
            "rank_history":[
                [
                    "202204",
                    11
                ],
                [
                    "202203",
                    10
                ],
                [
                    "202202",
                    10
                ],
                [
                    "202201",
                    18
                ]
            ],
            "rank_gap":-1
        },
        {
            "index":47,
            "아파트명":"남악오투그란데더테라스",
            "매매타입":"아파트",
            "전용면적(m2)":"135.41",
            "전용면적(평)":"40평",
            "법정동주소":"전라남도 무안군 삼향읍 남악리 2326",
            "도로명주소":"전라남도 무안군 남악4로34번길 34",
            "세대수":0,
            "입주년차":100,
            "용적률점수":"--",
            "건폐율점수":"--",
            "세대당주차수":80,
            "난방방식":30,
            "공급면적":"--",
            "전용률":"--",
            "욕실수":100,
            "현관타입":100,
            "주거총점":55.0,
            "지역구공급총점":0.0,
            "역세권":"NA",
            "30분내 이동가능 거점":"NA",
            "1시간내 이동가능 거점":"NA",
            "교통총점":"NA",
            "백화점":0,
            "아울렛몰":80,
            "대형마트":80,
            "은행":20,
            "병원":0,
            "종합병원":100,
            "공원":80,
            "혐오시설":0,
            "인프라총점":44.4,
            "초등학군":90.01,
            "중학군":53.7,
            "학군총점":60.962,
            "인구수":9.03,
            "인구증감":20.83,
            "인구총점":12.57,
            "일자리":5.63,
            "소득수준":76.29,
            "일자리총점":26.828,
            "가치 총점":52.2505,
            "매매실거래년":18000101.0,
            "매매실거래가":null,
            "평단가":"nan",
            "전세실거래년":null,
            "전세실거래가":null,
            "전세가율":null,
            "장기전세가율평균":"NA",
            "전세가율거품지수":"NA",
            "검색코드":127203,
            "세대수":144.0,
            "난방":"개별난방",
            "주차":"271 (세대당 1.88대)",
            "현관구조":"계단식",
            "관리비평균":null,
            "방수":4,
            "욕실개수":2,
            "준공년월":"2021-04-20",
            "준공년차":1.0,
            "가까운역이름":"NA",
            "가까운역거리":"NA",
            "역세권여부":"NA",
            "30분이내주요거점역":"NA",
            "30분거점역이름":"NA",
            "1시간이내주요거점역":"NA",
            "1시간거점역이름":"NA",
            "3km이내백화점수":0,
            "5km이내아울렛몰수":1,
            "1km이내대형먀트수":1,
            "500m이내은행수":2,
            "500m이내병원수":1,
            "5km이내대형병원수":3,
            "500m이내공원수":1,
            "3km이내혐오시설수":0,
            "초등학교학업성취도":90.01,
            "중학교학업성취도":87.9,
            "학원가":0,
            "학원수":0,
            "용적률":81,
            "건폐율":31,
            "Y":34.806642,
            "X":126.469338,
            "rank":12.0,
            "area_info":"40평(135.41),43평(144.1),43평(145.24),45평(148.77)",
            "sales_info":"거래 정보 없음,거래 정보 없음,거래 정보 없음,거래 정보 없음",
            "last_sales":"1800-01-01,nan,45평(148.77)",
            "maintenance":"nan,nan,nan,nan",
            "price_per":"nan,nan,nan,nan",
            "room":"4,4,4,4",
            "bath":"2,2,2,2",
            "rank_history":[
                [
                    "202204",
                    12
                ],
                [
                    "202203",
                    12
                ],
                [
                    "202202",
                    12
                ],
                [
                    "202201",
                    7
                ]
            ],
            "rank_gap":0
        },
        {
            "index":74,
            "아파트명":"펠리시티리버뷰5차(주상복합)",
            "매매타입":"아파트",
            "전용면적(m2)":"155.59",
            "전용면적(평)":"47평",
            "법정동주소":"전라남도 무안군 삼향읍 남악리 2320",
            "도로명주소":"전라남도 무안군 남악로 267",
            "세대수":0,
            "입주년차":100,
            "용적률점수":"--",
            "건폐율점수":"--",
            "세대당주차수":80,
            "난방방식":30,
            "공급면적":"--",
            "전용률":"--",
            "욕실수":100,
            "현관타입":100,
            "주거총점":55.0,
            "지역구공급총점":0.0,
            "역세권":"NA",
            "30분내 이동가능 거점":"NA",
            "1시간내 이동가능 거점":"NA",
            "교통총점":"NA",
            "백화점":0,
            "아울렛몰":80,
            "대형마트":80,
            "은행":0,
            "병원":10,
            "종합병원":100,
            "공원":100,
            "혐오시설":0,
            "인프라총점":44.0,
            "초등학군":90.01,
            "중학군":53.7,
            "학군총점":60.962,
            "인구수":9.03,
            "인구증감":20.83,
            "인구총점":12.57,
            "일자리":5.63,
            "소득수준":76.29,
            "일자리총점":26.828,
            "가치 총점":52.0905,
            "매매실거래년":20220310.0,
            "매매실거래가":47700.0,
            "평단가":1013,
            "전세실거래년":20220311.0,
            "전세실거래가":42000.0,
            "전세가율":88.05,
            "장기전세가율평균":"NA",
            "전세가율거품지수":"NA",
            "검색코드":117094,
            "세대수":140.0,
            "난방":"개별난방",
            "주차":"277 (세대당 1.98대)",
            "현관구조":"계단식",
            "관리비평균":null,
            "방수":4,
            "욕실개수":2,
            "준공년월":"2018-09-28",
            "준공년차":4.0,
            "가까운역이름":"NA",
            "가까운역거리":"NA",
            "역세권여부":"NA",
            "30분이내주요거점역":"NA",
            "30분거점역이름":"NA",
            "1시간이내주요거점역":"NA",
            "1시간거점역이름":"NA",
            "3km이내백화점수":0,
            "5km이내아울렛몰수":1,
            "1km이내대형먀트수":1,
            "500m이내은행수":1,
            "500m이내병원수":2,
            "5km이내대형병원수":3,
            "500m이내공원수":2,
            "3km이내혐오시설수":0,
            "초등학교학업성취도":90.01,
            "중학교학업성취도":87.9,
            "학원가":0,
            "학원수":0,
            "용적률":288,
            "건폐율":69,
            "Y":34.806129,
            "X":126.46665,
            "rank":13.0,
            "area_info":"47평(155.59),65평(217.39),76평(253.53),95평(315.06)",
            "sales_info":"4.77억 (2022-03-10),6.75억 (2021-12-16),6.5억 (2020-09-15),거래 정보 없음",
            "last_sales":"2022-03-10,47700.0,47평(155.59)",
            "maintenance":"nan,nan,nan,nan",
            "price_per":"1013,1026,847,nan",
            "room":"4,7,5,7",
            "bath":"2,4,3,4",
            "rank_history":[
                [
                    "202204",
                    13
                ],
                [
                    "202203",
                    15
                ],
                [
                    "202202",
                    15
                ],
                [
                    "202201",
                    9
                ]
            ],
            "rank_gap":2
        },
        {
            "index":21,
            "아파트명":"근화베아채스위트",
            "매매타입":"아파트",
            "전용면적(m2)":"115.94",
            "전용면적(평)":"35평",
            "법정동주소":"전라남도 무안군 삼향읍 남악리 2532",
            "도로명주소":"전라남도 무안군 남악5로22번길 20",
            "세대수":50,
            "입주년차":80,
            "용적률점수":"--",
            "건폐율점수":"--",
            "세대당주차수":30,
            "난방방식":30,
            "공급면적":"--",
            "전용률":"--",
            "욕실수":100,
            "현관타입":100,
            "주거총점":61.0,
            "지역구공급총점":0.0,
            "역세권":"NA",
            "30분내 이동가능 거점":"NA",
            "1시간내 이동가능 거점":"NA",
            "교통총점":"NA",
            "백화점":0,
            "아울렛몰":80,
            "대형마트":80,
            "은행":0,
            "병원":0,
            "종합병원":80,
            "공원":100,
            "혐오시설":0,
            "인프라총점":39.0,
            "초등학군":90.01,
            "중학군":53.1,
            "학군총점":60.482,
            "인구수":9.03,
            "인구증감":20.83,
            "인구총점":12.57,
            "일자리":5.63,
            "소득수준":76.29,
            "일자리총점":26.828,
            "가치 총점":52.0705,
            "매매실거래년":20220411.0,
            "매매실거래가":37000.0,
            "평단가":1049,
            "전세실거래년":20220326.0,
            "전세실거래가":23000.0,
            "전세가율":62.5,
            "장기전세가율평균":"NA",
            "전세가율거품지수":"NA",
            "검색코드":103552,
            "세대수":516.0,
            "난방":"개별난방",
            "주차":"619 (세대당 1.2대)",
            "현관구조":"계단식",
            "관리비평균":174917.0,
            "방수":4,
            "욕실개수":2,
            "준공년월":"2013-04-19",
            "준공년차":9.0,
            "가까운역이름":"NA",
            "가까운역거리":"NA",
            "역세권여부":"NA",
            "30분이내주요거점역":"NA",
            "30분거점역이름":"NA",
            "1시간이내주요거점역":"NA",
            "1시간거점역이름":"NA",
            "3km이내백화점수":0,
            "5km이내아울렛몰수":1,
            "1km이내대형먀트수":1,
            "500m이내은행수":0,
            "500m이내병원수":1,
            "5km이내대형병원수":1,
            "500m이내공원수":2,
            "3km이내혐오시설수":0,
            "초등학교학업성취도":90.01,
            "중학교학업성취도":88.5,
            "학원가":0,
            "학원수":0,
            "용적률":179,
            "건폐율":17,
            "Y":34.806267,
            "X":126.473371,
            "rank":14.0,
            "area_info":"35평(115.94),35평(116.97)",
            "sales_info":"3.68억 (2022-03-20),3.7억 (2022-04-11)",
            "last_sales":"2022-04-11,37000.0,35평(116.97)",
            "maintenance":"174917.0,175111.0",
            "price_per":"1049,1045",
            "room":"4,3",
            "bath":"2,2",
            "rank_history":[
                [
                    "202204",
                    14
                ],
                [
                    "202203",
                    14
                ],
                [
                    "202202",
                    14
                ],
                [
                    "202201",
                    8
                ]
            ],
            "rank_gap":0
        },
        {
            "index":17,
            "아파트명":"골든스위트(주상복합)",
            "매매타입":"아파트",
            "전용면적(m2)":"84.89",
            "전용면적(평)":"25평",
            "법정동주소":"전라남도 무안군 삼향읍 남악리 1577",
            "도로명주소":"전라남도 무안군 남악4로 50",
            "세대수":0,
            "입주년차":80,
            "용적률점수":"--",
            "건폐율점수":"--",
            "세대당주차수":30,
            "난방방식":30,
            "공급면적":"--",
            "전용률":"--",
            "욕실수":100,
            "현관타입":100,
            "주거총점":43.5,
            "지역구공급총점":0.0,
            "역세권":"NA",
            "30분내 이동가능 거점":"NA",
            "1시간내 이동가능 거점":"NA",
            "교통총점":"NA",
            "백화점":0,
            "아울렛몰":80,
            "대형마트":100,
            "은행":20,
            "병원":60,
            "종합병원":100,
            "공원":100,
            "혐오시설":0,
            "인프라총점":54.0,
            "초등학군":90.01,
            "중학군":53.7,
            "학군총점":60.962,
            "인구수":9.03,
            "인구증감":20.83,
            "인구총점":12.57,
            "일자리":5.63,
            "소득수준":76.29,
            "일자리총점":26.828,
            "가치 총점":52.0655,
            "매매실거래년":20211112.0,
            "매매실거래가":16500.0,
            "평단가":642,
            "전세실거래년":20220414.0,
            "전세실거래가":15000.0,
            "전세가율":90.91,
            "장기전세가율평균":"NA",
            "전세가율거품지수":"NA",
            "검색코드":111884,
            "세대수":120.0,
            "난방":"개별난방",
            "주차":"130 (세대당 1.08대)",
            "현관구조":"계단식",
            "관리비평균":null,
            "방수":3,
            "욕실개수":2,
            "준공년월":"2013-06-28",
            "준공년차":9.0,
            "가까운역이름":"NA",
            "가까운역거리":"NA",
            "역세권여부":"NA",
            "30분이내주요거점역":"NA",
            "30분거점역이름":"NA",
            "1시간이내주요거점역":"NA",
            "1시간거점역이름":"NA",
            "3km이내백화점수":0,
            "5km이내아울렛몰수":1,
            "1km이내대형먀트수":2,
            "500m이내은행수":2,
            "500m이내병원수":13,
            "5km이내대형병원수":3,
            "500m이내공원수":3,
            "3km이내혐오시설수":0,
            "초등학교학업성취도":90.01,
            "중학교학업성취도":87.9,
            "학원가":0,
            "학원수":0,
            "용적률":275,
            "건폐율":64,
            "Y":34.810606,
            "X":126.466428,
            "rank":15.0,
            "area_info":"25평(84.89),25평(84.86)",
            "sales_info":"1.65억 (2021-11-12),1.55억 (2021-10-27)",
            "last_sales":"2021-11-12,16500.0,25평(84.89)",
            "maintenance":"nan,nan",
            "price_per":"642,603",
            "room":"3,3",
            "bath":"2,2",
            "rank_history":[
                [
                    "202204",
                    15
                ],
                [
                    "202203",
                    16
                ],
                [
                    "202202",
                    16
                ],
                [
                    "202201",
                    16
                ]
            ],
            "rank_gap":1
        },
        {
            "index":70,
            "아파트명":"펠리시티2차",
            "매매타입":"아파트",
            "전용면적(m2)":"90.04",
            "전용면적(평)":"27평",
            "법정동주소":"전라남도 무안군 삼향읍 남악리 2310",
            "도로명주소":"전라남도 무안군 남악4로 40",
            "세대수":0,
            "입주년차":80,
            "용적률점수":"--",
            "건폐율점수":"--",
            "세대당주차수":60,
            "난방방식":30,
            "공급면적":"--",
            "전용률":"--",
            "욕실수":100,
            "현관타입":50,
            "주거총점":43.0,
            "지역구공급총점":0.0,
            "역세권":"NA",
            "30분내 이동가능 거점":"NA",
            "1시간내 이동가능 거점":"NA",
            "교통총점":"NA",
            "백화점":0,
            "아울렛몰":80,
            "대형마트":100,
            "은행":20,
            "병원":60,
            "종합병원":100,
            "공원":100,
            "혐오시설":0,
            "인프라총점":54.0,
            "초등학군":90.01,
            "중학군":53.7,
            "학군총점":60.962,
            "인구수":9.03,
            "인구증감":20.83,
            "인구총점":12.57,
            "일자리":5.63,
            "소득수준":76.29,
            "일자리총점":26.828,
            "가치 총점":51.8905,
            "매매실거래년":20220319.0,
            "매매실거래가":19900.0,
            "평단가":605,
            "전세실거래년":20210126.0,
            "전세실거래가":14000.0,
            "전세가율":84.85,
            "장기전세가율평균":"NA",
            "전세가율거품지수":"NA",
            "검색코드":109043,
            "세대수":83.0,
            "난방":"개별난방",
            "주차":"135 (세대당 1.63대)",
            "현관구조":"복합식",
            "관리비평균":null,
            "방수":3,
            "욕실개수":2,
            "준공년월":"2013-03-18",
            "준공년차":9.0,
            "가까운역이름":"NA",
            "가까운역거리":"NA",
            "역세권여부":"NA",
            "30분이내주요거점역":"NA",
            "30분거점역이름":"NA",
            "1시간이내주요거점역":"NA",
            "1시간거점역이름":"NA",
            "3km이내백화점수":0,
            "5km이내아울렛몰수":1,
            "1km이내대형먀트수":2,
            "500m이내은행수":2,
            "500m이내병원수":11,
            "5km이내대형병원수":3,
            "500m이내공원수":3,
            "3km이내혐오시설수":0,
            "초등학교학업성취도":90.01,
            "중학교학업성취도":87.9,
            "학원가":0,
            "학원수":0,
            "용적률":271,
            "건폐율":68,
            "Y":34.809262,
            "X":126.466387,
            "rank":16.0,
            "area_info":"27평(90.04),33평(110.67)",
            "sales_info":"1.65억 (2022-02-23),1.99억 (2022-03-19)",
            "last_sales":"2022-03-19,19900.0,33평(110.67)",
            "maintenance":"nan,nan",
            "price_per":"605,594",
            "room":"3,3",
            "bath":"2,2",
            "rank_history":[
                [
                    "202204",
                    16
                ],
                [
                    "202203",
                    17
                ],
                [
                    "202202",
                    9999
                ]
            ],
            "rank_gap":1
        },
        {
            "index":43,
            "아파트명":"남악에드가채움(주상복합)",
            "매매타입":"아파트",
            "전용면적(m2)":"99.1",
            "전용면적(평)":"29평",
            "법정동주소":"전라남도 무안군 삼향읍 남악리 2317",
            "도로명주소":"전라남도 무안군 남악4로34번길 6",
            "세대수":0,
            "입주년차":80,
            "용적률점수":"--",
            "건폐율점수":"--",
            "세대당주차수":60,
            "난방방식":30,
            "공급면적":"--",
            "전용률":"--",
            "욕실수":100,
            "현관타입":100,
            "주거총점":48.0,
            "지역구공급총점":0.0,
            "역세권":"NA",
            "30분내 이동가능 거점":"NA",
            "1시간내 이동가능 거점":"NA",
            "교통총점":"NA",
            "백화점":0,
            "아울렛몰":80,
            "대형마트":100,
            "은행":20,
            "병원":10,
            "종합병원":100,
            "공원":100,
            "혐오시설":0,
            "인프라총점":49.0,
            "초등학군":90.01,
            "중학군":53.7,
            "학군총점":60.962,
            "인구수":9.03,
            "인구증감":20.83,
            "인구총점":12.57,
            "일자리":5.63,
            "소득수준":76.29,
            "일자리총점":26.828,
            "가치 총점":51.6405,
            "매매실거래년":20220402.0,
            "매매실거래가":23950.0,
            "평단가":798,
            "전세실거래년":20210902.0,
            "전세실거래가":7000.0,
            "전세가율":29.23,
            "장기전세가율평균":"NA",
            "전세가율거품지수":"NA",
            "검색코드":116882,
            "세대수":116.0,
            "난방":"개별난방",
            "주차":"208 (세대당 1.79대)",
            "현관구조":"계단식",
            "관리비평균":null,
            "방수":3,
            "욕실개수":2,
            "준공년월":"2017-04-12",
            "준공년차":5.0,
            "가까운역이름":"NA",
            "가까운역거리":"NA",
            "역세권여부":"NA",
            "30분이내주요거점역":"NA",
            "30분거점역이름":"NA",
            "1시간이내주요거점역":"NA",
            "1시간거점역이름":"NA",
            "3km이내백화점수":0,
            "5km이내아울렛몰수":1,
            "1km이내대형먀트수":2,
            "500m이내은행수":2,
            "500m이내병원수":4,
            "5km이내대형병원수":3,
            "500m이내공원수":2,
            "3km이내혐오시설수":0,
            "초등학교학업성취도":90.01,
            "중학교학업성취도":87.9,
            "학원가":0,
            "학원수":0,
            "용적률":259,
            "건폐율":59,
            "Y":34.807819,
            "X":126.466411,
            "rank":17.0,
            "area_info":"29평(99.1),30평(100.24),35평(115.83),35평(115.91)",
            "sales_info":"2.395억 (2022-04-02),2.4억 (2022-03-05),거래 정보 없음,3.5억 (2021-12-16)",
            "last_sales":"2022-04-02,23950.0,29평(99.1)",
            "maintenance":"nan,nan,nan,nan",
            "price_per":"798,791,nan,998",
            "room":"3,3,3,3",
            "bath":"2,2,2,2",
            "rank_history":[
                [
                    "202204",
                    17
                ],
                [
                    "202203",
                    13
                ],
                [
                    "202202",
                    13
                ],
                [
                    "202201",
                    14
                ]
            ],
            "rank_gap":-4
        },
        {
            "index":68,
            "아파트명":"펠리시티",
            "매매타입":"아파트",
            "전용면적(m2)":"118.26",
            "전용면적(평)":"35평",
            "법정동주소":"전라남도 무안군 삼향읍 남악리 2272",
            "도로명주소":"전라남도 무안군 남악3로 39",
            "세대수":0,
            "입주년차":60,
            "용적률점수":"--",
            "건폐율점수":"--",
            "세대당주차수":60,
            "난방방식":30,
            "공급면적":"--",
            "전용률":"--",
            "욕실수":100,
            "현관타입":50,
            "주거총점":39.0,
            "지역구공급총점":0.0,
            "역세권":"NA",
            "30분내 이동가능 거점":"NA",
            "1시간내 이동가능 거점":"NA",
            "교통총점":"NA",
            "백화점":0,
            "아울렛몰":80,
            "대형마트":100,
            "은행":0,
            "병원":60,
            "종합병원":100,
            "공원":80,
            "혐오시설":0,
            "인프라총점":51.4,
            "초등학군":89.99,
            "중학군":49.68,
            "학군총점":57.742,
            "인구수":9.03,
            "인구증감":20.83,
            "인구총점":12.57,
            "일자리":5.63,
            "소득수준":76.29,
            "일자리총점":26.828,
            "가치 총점":48.6455,
            "매매실거래년":20220308.0,
            "매매실거래가":16600.0,
            "평단가":441,
            "전세실거래년":20211110.0,
            "전세실거래가":15000.0,
            "전세가율":94.94,
            "장기전세가율평균":"NA",
            "전세가율거품지수":"NA",
            "검색코드":106614,
            "세대수":80.0,
            "난방":"개별난방",
            "주차":"125 (세대당 1.56대)",
            "현관구조":"복합식",
            "관리비평균":null,
            "방수":3,
            "욕실개수":2,
            "준공년월":"2012-12-12",
            "준공년차":10.0,
            "가까운역이름":"NA",
            "가까운역거리":"NA",
            "역세권여부":"NA",
            "30분이내주요거점역":"NA",
            "30분거점역이름":"NA",
            "1시간이내주요거점역":"NA",
            "1시간거점역이름":"NA",
            "3km이내백화점수":0,
            "5km이내아울렛몰수":1,
            "1km이내대형먀트수":2,
            "500m이내은행수":1,
            "500m이내병원수":19,
            "5km이내대형병원수":3,
            "500m이내공원수":1,
            "3km이내혐오시설수":0,
            "초등학교학업성취도":89.99,
            "중학교학업성취도":80.2,
            "학원가":0,
            "학원수":0,
            "용적률":238,
            "건폐율":69,
            "Y":34.809315,
            "X":126.459862,
            "rank":18.0,
            "area_info":"35평(118.26),37평(125.49)",
            "sales_info":"1.58억 (2021-08-28),1.66억 (2022-03-08)",
            "last_sales":"2022-03-08,16600.0,37평(125.49)",
            "maintenance":"nan,nan",
            "price_per":"441,437",
            "room":"3,3",
            "bath":"2,2",
            "rank_history":[
                [
                    "202204",
                    18
                ],
                [
                    "202203",
                    18
                ],
                [
                    "202202",
                    9999
                ]
            ],
            "rank_gap":0
        },
        {
            "index":55,
            "아파트명":"부영애시앙",
            "매매타입":"아파트",
            "전용면적(m2)":"126.89",
            "전용면적(평)":"38평",
            "법정동주소":"전라남도 무안군 삼향읍 남악리 1584",
            "도로명주소":"전라남도 무안군 남악5로72번길 7",
            "세대수":50,
            "입주년차":40,
            "용적률점수":"--",
            "건폐율점수":"--",
            "세대당주차수":60,
            "난방방식":30,
            "공급면적":"--",
            "전용률":"--",
            "욕실수":100,
            "현관타입":100,
            "주거총점":57.5,
            "지역구공급총점":0.0,
            "역세권":"NA",
            "30분내 이동가능 거점":"NA",
            "1시간내 이동가능 거점":"NA",
            "교통총점":"NA",
            "백화점":0,
            "아울렛몰":80,
            "대형마트":0,
            "은행":0,
            "병원":0,
            "종합병원":100,
            "공원":80,
            "혐오시설":0,
            "인프라총점":30.4,
            "초등학군":90.01,
            "중학군":53.7,
            "학군총점":60.962,
            "인구수":9.03,
            "인구증감":20.83,
            "인구총점":12.57,
            "일자리":5.63,
            "소득수준":76.29,
            "일자리총점":26.828,
            "가치 총점":47.5255,
            "매매실거래년":20220327.0,
            "매매실거래가":32000.0,
            "평단가":695,
            "전세실거래년":20220208.0,
            "전세실거래가":23000.0,
            "전세가율":86.14,
            "장기전세가율평균":"NA",
            "전세가율거품지수":"NA",
            "검색코드":103696,
            "세대수":610.0,
            "난방":"개별난방",
            "주차":"1,009 (세대당 1.65대)",
            "현관구조":"계단식",
            "관리비평균":188293.0,
            "방수":3,
            "욕실개수":2,
            "준공년월":"2007-09-28",
            "준공년차":15.0,
            "가까운역이름":"NA",
            "가까운역거리":"NA",
            "역세권여부":"NA",
            "30분이내주요거점역":"NA",
            "30분거점역이름":"NA",
            "1시간이내주요거점역":"NA",
            "1시간거점역이름":"NA",
            "3km이내백화점수":0,
            "5km이내아울렛몰수":1,
            "1km이내대형먀트수":0,
            "500m이내은행수":1,
            "500m이내병원수":1,
            "5km이내대형병원수":2,
            "500m이내공원수":1,
            "3km이내혐오시설수":0,
            "초등학교학업성취도":90.01,
            "중학교학업성취도":87.9,
            "학원가":0,
            "학원수":0,
            "용적률":178,
            "건폐율":14,
            "Y":34.813865,
            "X":126.473275,
            "rank":19.0,
            "area_info":"38평(126.89),38평(126.62),45평(151.14)",
            "sales_info":"2.67억 (2022-03-19),2.4억 (2021-11-12),3.2억 (2022-03-27)",
            "last_sales":"2022-03-27,32000.0,45평(151.14)",
            "maintenance":"188293.0,186954.0,211104.0",
            "price_per":"695,626,699",
            "room":"3,4,4",
            "bath":"2,2,2",
            "rank_history":[
                [
                    "202204",
                    19
                ],
                [
                    "202203",
                    19
                ],
                [
                    "202202",
                    17
                ],
                [
                    "202201",
                    5
                ]
            ],
            "rank_gap":0
        },
        {
            "index":87,
            "아파트명":"오룡에듀포레푸르지오35블록",
            "매매타입":"아파트",
            "전용면적(m2)":"111.95",
            "전용면적(평)":"33평",
            "법정동주소":"전라남도 무안군 일로읍 오룡리 111",
            "도로명주소":"전라남도 무안군 오룡중앙동로 65",
            "세대수":80,
            "입주년차":100,
            "용적률점수":"--",
            "건폐율점수":"--",
            "세대당주차수":60,
            "난방방식":30,
            "공급면적":"--",
            "전용률":"--",
            "욕실수":100,
            "현관타입":100,
            "주거총점":80.0,
            "지역구공급총점":0.0,
            "역세권":"NA",
            "30분내 이동가능 거점":"NA",
            "1시간내 이동가능 거점":"NA",
            "교통총점":"NA",
            "백화점":0,
            "아울렛몰":80,
            "대형마트":0,
            "은행":0,
            "병원":0,
            "종합병원":0,
            "공원":0,
            "혐오시설":0,
            "인프라총점":8.0,
            "초등학군":90.03,
            "중학군":53.1,
            "학군총점":60.486,
            "인구수":9.03,
            "인구증감":20.83,
            "인구총점":12.57,
            "일자리":5.63,
            "소득수준":76.29,
            "일자리총점":26.828,
            "가치 총점":46.3215,
            "매매실거래년":20220401.0,
            "매매실거래가":48000.0,
            "평단가":1254,
            "전세실거래년":20220215.0,
            "전세실거래가":35000.0,
            "전세가율":82.35,
            "장기전세가율평균":"NA",
            "전세가율거품지수":"NA",
            "검색코드":120118,
            "세대수":744.0,
            "난방":"개별난방",
            "주차":"978 (세대당 1.31대)",
            "현관구조":"계단식",
            "관리비평균":167936.0,
            "방수":4,
            "욕실개수":2,
            "준공년월":"2020-07-30",
            "준공년차":2.0,
            "가까운역이름":"NA",
            "가까운역거리":"NA",
            "역세권여부":"NA",
            "30분이내주요거점역":"NA",
            "30분거점역이름":"NA",
            "1시간이내주요거점역":"NA",
            "1시간거점역이름":"NA",
            "3km이내백화점수":0,
            "5km이내아울렛몰수":1,
            "1km이내대형먀트수":0,
            "500m이내은행수":0,
            "500m이내병원수":0,
            "5km이내대형병원수":0,
            "500m이내공원수":0,
            "3km이내혐오시설수":0,
            "초등학교학업성취도":90.03,
            "중학교학업성취도":88.5,
            "학원가":0,
            "학원수":0,
            "용적률":179,
            "건폐율":17,
            "Y":34.804003,
            "X":126.485115,
            "rank":20.0,
            "area_info":"33평(111.95),33평(111.6),34평(112.55),34평(112.59),33평(112.21)",
            "sales_info":"4.25억 (2022-02-12),4.85억 (2022-03-19),4.58억 (2021-11-25),4.8억 (2022-04-01),3.15억 (2020-12-29)",
            "last_sales":"2022-04-01,48000.0,34평(112.59)",
            "maintenance":"167936.0,167924.0,167974.0,167795.0,167715.0",
            "price_per":"1254,1436,1345,1409,928",
            "room":"4,3,3,3,3",
            "bath":"2,2,2,2,2",
            "rank_history":[
                [
                    "202204",
                    20
                ],
                [
                    "202203",
                    20
                ],
                [
                    "202202",
                    18
                ],
                [
                    "202201",
                    17
                ]
            ],
            "rank_gap":0
        },
        {
            "index":82,
            "아파트명":"오룡에듀포레푸르지오34블록",
            "매매타입":"아파트",
            "전용면적(m2)":"111.78",
            "전용면적(평)":"33평",
            "법정동주소":"전라남도 무안군 일로읍 오룡리 17",
            "도로명주소":"전라남도 무안군 오룡중앙동로 37",
            "세대수":80,
            "입주년차":100,
            "용적률점수":"--",
            "건폐율점수":"--",
            "세대당주차수":60,
            "난방방식":30,
            "공급면적":"--",
            "전용률":"--",
            "욕실수":100,
            "현관타입":100,
            "주거총점":80.0,
            "지역구공급총점":0.0,
            "역세권":"NA",
            "30분내 이동가능 거점":"NA",
            "1시간내 이동가능 거점":"NA",
            "교통총점":"NA",
            "백화점":0,
            "아울렛몰":80,
            "대형마트":0,
            "은행":0,
            "병원":0,
            "종합병원":0,
            "공원":0,
            "혐오시설":0,
            "인프라총점":8.0,
            "초등학군":90.03,
            "중학군":53.1,
            "학군총점":60.486,
            "인구수":9.03,
            "인구증감":20.83,
            "인구총점":12.57,
            "일자리":5.63,
            "소득수준":76.29,
            "일자리총점":26.828,
            "가치 총점":46.3215,
            "매매실거래년":20220404.0,
            "매매실거래가":48800.0,
            "평단가":1360,
            "전세실거래년":20210809.0,
            "전세실거래가":30000.0,
            "전세가율":65.22,
            "장기전세가율평균":"NA",
            "전세가율거품지수":"NA",
            "검색코드":120115,
            "세대수":787.0,
            "난방":"개별난방",
            "주차":"1,034 (세대당 1.31대)",
            "현관구조":"계단식",
            "관리비평균":165036.0,
            "방수":4,
            "욕실개수":2,
            "준공년월":"2020-07-30",
            "준공년차":2.0,
            "가까운역이름":"NA",
            "가까운역거리":"NA",
            "역세권여부":"NA",
            "30분이내주요거점역":"NA",
            "30분거점역이름":"NA",
            "1시간이내주요거점역":"NA",
            "1시간거점역이름":"NA",
            "3km이내백화점수":0,
            "5km이내아울렛몰수":1,
            "1km이내대형먀트수":0,
            "500m이내은행수":0,
            "500m이내병원수":0,
            "5km이내대형병원수":0,
            "500m이내공원수":0,
            "3km이내혐오시설수":0,
            "초등학교학업성취도":90.03,
            "중학교학업성취도":88.5,
            "학원가":0,
            "학원수":0,
            "용적률":179,
            "건폐율":19,
            "Y":34.806242,
            "X":126.487355,
            "rank":20.0,
            "area_info":"33평(111.78),33평(111.43),33평(112.39),34평(112.42),33평(112.04)",
            "sales_info":"4.6억 (2021-11-05),4.88억 (2022-04-04),4.65억 (2022-03-19),4.6억 (2021-09-25),4.69억 (2022-01-29)",
            "last_sales":"2022-04-04,48800.0,33평(111.43)",
            "maintenance":"165036.0,165024.0,165073.0,164897.0,164819.0",
            "price_per":"1360,1447,1367,1352,1383",
            "room":"4,3,3,3,3",
            "bath":"2,2,2,2,2",
            "rank_history":[
                [
                    "202204",
                    20
                ],
                [
                    "202203",
                    20
                ],
                [
                    "202202",
                    18
                ],
                [
                    "202201",
                    17
                ]
            ],
            "rank_gap":0
        },
        {
            "index":58,
            "아파트명":"신동아파밀리에",
            "매매타입":"아파트",
            "전용면적(m2)":"111.65",
            "전용면적(평)":"33평",
            "법정동주소":"전라남도 무안군 삼향읍 남악리 1592",
            "도로명주소":"전라남도 무안군 남악영산길 39",
            "세대수":80,
            "입주년차":60,
            "용적률점수":"--",
            "건폐율점수":"--",
            "세대당주차수":30,
            "난방방식":30,
            "공급면적":"--",
            "전용률":"--",
            "욕실수":100,
            "현관타입":100,
            "주거총점":67.5,
            "지역구공급총점":0.0,
            "역세권":"NA",
            "30분내 이동가능 거점":"NA",
            "1시간내 이동가능 거점":"NA",
            "교통총점":"NA",
            "백화점":0,
            "아울렛몰":80,
            "대형마트":0,
            "은행":0,
            "병원":0,
            "종합병원":0,
            "공원":100,
            "혐오시설":0,
            "인프라총점":11.0,
            "초등학군":90.01,
            "중학군":53.1,
            "학군총점":60.482,
            "인구수":9.03,
            "인구증감":20.83,
            "인구총점":12.57,
            "일자리":5.63,
            "소득수준":76.29,
            "일자리총점":26.828,
            "가치 총점":43.1455,
            "매매실거래년":20220414.0,
            "매매실거래가":21850.0,
            "평단가":646,
            "전세실거래년":20220405.0,
            "전세실거래가":21500.0,
            "전세가율":98.4,
            "장기전세가율평균":"NA",
            "전세가율거품지수":"NA",
            "검색코드":25335,
            "세대수":750.0,
            "난방":"개별난방",
            "주차":"772 (세대당 1.03대)",
            "현관구조":"계단식",
            "관리비평균":154777.0,
            "방수":3,
            "욕실개수":2,
            "준공년월":"2008-02-01",
            "준공년차":14.0,
            "가까운역이름":"NA",
            "가까운역거리":"NA",
            "역세권여부":"NA",
            "30분이내주요거점역":"NA",
            "30분거점역이름":"NA",
            "1시간이내주요거점역":"NA",
            "1시간거점역이름":"NA",
            "3km이내백화점수":0,
            "5km이내아울렛몰수":1,
            "1km이내대형먀트수":0,
            "500m이내은행수":0,
            "500m이내병원수":1,
            "5km이내대형병원수":0,
            "500m이내공원수":2,
            "3km이내혐오시설수":0,
            "초등학교학업성취도":90.01,
            "중학교학업성취도":88.5,
            "학원가":0,
            "학원수":0,
            "용적률":196,
            "건폐율":50,
            "Y":34.813108,
            "X":126.476917,
            "rank":21.0,
            "area_info":"33평(111.65),33평(111.92),33평(112.37)",
            "sales_info":"2.185억 (2022-04-14),2.28억 (2022-03-07),2.425억 (2022-03-01)",
            "last_sales":"2022-04-14,21850.0,33평(111.65)",
            "maintenance":"154777.0,154722.0,154668.0",
            "price_per":"646,673,713",
            "room":"3,3,3",
            "bath":"2,2,2",
            "rank_history":[
                [
                    "202204",
                    21
                ],
                [
                    "202203",
                    21
                ],
                [
                    "202202",
                    19
                ],
                [
                    "202201",
                    19
                ]
            ],
            "rank_gap":0
        },
        {
            "index":78,
            "아파트명":"남악오룡지구중흥S-클래스에듀파크",
            "매매타입":"분양권",
            "전용면적(m2)":"110.02",
            "전용면적(평)":"33평",
            "법정동주소":"전라남도 무안군 일로읍 오룡리 남악오룡지구 41블럭",
            "도로명주소":"전라남도 무안군",
            "세대수":50,
            "입주년차":100,
            "용적률점수":"--",
            "건폐율점수":"--",
            "세대당주차수":60,
            "난방방식":30,
            "공급면적":"--",
            "전용률":"--",
            "욕실수":100,
            "현관타입":100,
            "주거총점":69.5,
            "지역구공급총점":0.0,
            "역세권":"NA",
            "30분내 이동가능 거점":"NA",
            "1시간내 이동가능 거점":"NA",
            "교통총점":"NA",
            "백화점":0,
            "아울렛몰":80,
            "대형마트":0,
            "은행":0,
            "병원":0,
            "종합병원":0,
            "공원":0,
            "혐오시설":0,
            "인프라총점":8.0,
            "초등학군":90.03,
            "중학군":53.1,
            "학군총점":60.486,
            "인구수":9.03,
            "인구증감":20.83,
            "인구총점":12.57,
            "일자리":5.63,
            "소득수준":76.29,
            "일자리총점":26.828,
            "가치 총점":42.6465,
            "매매실거래년":18000101.0,
            "매매실거래가":null,
            "평단가":"nan",
            "전세실거래년":null,
            "전세실거래가":null,
            "전세가율":null,
            "장기전세가율평균":"NA",
            "전세가율거품지수":"NA",
            "검색코드":143183,
            "세대수":543.0,
            "난방":"개별난방",
            "주차":"835 (세대당 1.54대)",
            "현관구조":"계단식",
            "관리비평균":null,
            "방수":3,
            "욕실개수":2,
            "준공년월":"2024-08-01",
            "준공년차":-2.0,
            "가까운역이름":"NA",
            "가까운역거리":"NA",
            "역세권여부":"NA",
            "30분이내주요거점역":"NA",
            "30분거점역이름":"NA",
            "1시간이내주요거점역":"NA",
            "1시간거점역이름":"NA",
            "3km이내백화점수":0,
            "5km이내아울렛몰수":1,
            "1km이내대형먀트수":0,
            "500m이내은행수":0,
            "500m이내병원수":0,
            "5km이내대형병원수":0,
            "500m이내공원수":0,
            "3km이내혐오시설수":0,
            "초등학교학업성취도":90.03,
            "중학교학업성취도":88.5,
            "학원가":0,
            "학원수":0,
            "용적률":0,
            "건폐율":0,
            "Y":34.797029,
            "X":126.480744,
            "rank":22.0,
            "area_info":"33평(110.02),34평(113.56)",
            "sales_info":"거래 정보 없음,거래 정보 없음",
            "last_sales":"1800-01-01,nan,34평(113.56)",
            "maintenance":"nan,nan",
            "price_per":"nan,nan",
            "room":"3,3",
            "bath":"2,2",
            "rank_history":[
                [
                    "202204",
                    22
                ],
                [
                    "202203",
                    9999
                ]
            ],
            "rank_gap":9999
        },
        {
            "index":109,
            "아파트명":"힐스테이트오룡42블록",
            "매매타입":"분양권",
            "전용면적(m2)":"111.98",
            "전용면적(평)":"33평",
            "법정동주소":"전라남도 무안군 일로읍 오룡리 남악신도시 오룡지구 공동42블록",
            "도로명주소":"전라남도 무안군",
            "세대수":50,
            "입주년차":100,
            "용적률점수":"--",
            "건폐율점수":"--",
            "세대당주차수":60,
            "난방방식":30,
            "공급면적":"--",
            "전용률":"--",
            "욕실수":100,
            "현관타입":100,
            "주거총점":69.5,
            "지역구공급총점":0.0,
            "역세권":"NA",
            "30분내 이동가능 거점":"NA",
            "1시간내 이동가능 거점":"NA",
            "교통총점":"NA",
            "백화점":0,
            "아울렛몰":80,
            "대형마트":0,
            "은행":0,
            "병원":0,
            "종합병원":0,
            "공원":0,
            "혐오시설":0,
            "인프라총점":8.0,
            "초등학군":90.03,
            "중학군":53.1,
            "학군총점":60.486,
            "인구수":9.03,
            "인구증감":20.83,
            "인구총점":12.57,
            "일자리":5.63,
            "소득수준":76.29,
            "일자리총점":26.828,
            "가치 총점":42.6465,
            "매매실거래년":18000101.0,
            "매매실거래가":null,
            "평단가":"nan",
            "전세실거래년":null,
            "전세실거래가":null,
            "전세가율":null,
            "장기전세가율평균":"NA",
            "전세가율거품지수":"NA",
            "검색코드":145172,
            "세대수":482.0,
            "난방":"개별난방",
            "주차":"750 (세대당 1.56대)",
            "현관구조":"계단식",
            "관리비평균":null,
            "방수":3,
            "욕실개수":2,
            "준공년월":"2024-05-01",
            "준공년차":-2.0,
            "가까운역이름":"NA",
            "가까운역거리":"NA",
            "역세권여부":"NA",
            "30분이내주요거점역":"NA",
            "30분거점역이름":"NA",
            "1시간이내주요거점역":"NA",
            "1시간거점역이름":"NA",
            "3km이내백화점수":0,
            "5km이내아울렛몰수":1,
            "1km이내대형먀트수":0,
            "500m이내은행수":0,
            "500m이내병원수":0,
            "5km이내대형병원수":0,
            "500m이내공원수":0,
            "3km이내혐오시설수":0,
            "초등학교학업성취도":90.03,
            "중학교학업성취도":88.5,
            "학원가":0,
            "학원수":0,
            "용적률":0,
            "건폐율":0,
            "Y":34.798961,
            "X":126.485079,
            "rank":22.0,
            "area_info":"33평(111.98),33평(111.62),33평(111.28)",
            "sales_info":"거래 정보 없음,거래 정보 없음,거래 정보 없음",
            "last_sales":"1800-01-01,nan,33평(111.28)",
            "maintenance":"nan,nan,nan",
            "price_per":"nan,nan,nan",
            "room":"3,3,3",
            "bath":"2,2,2",
            "rank_history":[
                [
                    "202204",
                    22
                ],
                [
                    "202203",
                    9999
                ]
            ],
            "rank_gap":9999
        },
        {
            "index":107,
            "아파트명":"호반써밋남악오룡3차",
            "매매타입":"아파트",
            "전용면적(m2)":"110.18",
            "전용면적(평)":"33평",
            "법정동주소":"전라남도 무안군 일로읍 오룡리 6",
            "도로명주소":"전라남도 무안군 오룡번영로 185",
            "세대수":50,
            "입주년차":100,
            "용적률점수":"--",
            "건폐율점수":"--",
            "세대당주차수":30,
            "난방방식":30,
            "공급면적":"--",
            "전용률":"--",
            "욕실수":100,
            "현관타입":100,
            "주거총점":65.0,
            "지역구공급총점":0.0,
            "역세권":"NA",
            "30분내 이동가능 거점":"NA",
            "1시간내 이동가능 거점":"NA",
            "교통총점":"NA",
            "백화점":0,
            "아울렛몰":80,
            "대형마트":0,
            "은행":0,
            "병원":0,
            "종합병원":0,
            "공원":0,
            "혐오시설":0,
            "인프라총점":8.0,
            "초등학군":90.03,
            "중학군":53.1,
            "학군총점":60.486,
            "인구수":9.03,
            "인구증감":20.83,
            "인구총점":12.57,
            "일자리":5.63,
            "소득수준":76.29,
            "일자리총점":26.828,
            "가치 총점":41.0715,
            "매매실거래년":20220325.0,
            "매매실거래가":48000.0,
            "평단가":1440,
            "전세실거래년":20220217.0,
            "전세실거래가":33000.0,
            "전세가율":68.75,
            "장기전세가율평균":"NA",
            "전세가율거품지수":"NA",
            "검색코드":120038,
            "세대수":665.0,
            "난방":"개별난방",
            "주차":"844 (세대당 1.27대)",
            "현관구조":"계단식",
            "관리비평균":162022.0,
            "방수":4,
            "욕실개수":2,
            "준공년월":"2020-08-19",
            "준공년차":2.0,
            "가까운역이름":"NA",
            "가까운역거리":"NA",
            "역세권여부":"NA",
            "30분이내주요거점역":"NA",
            "30분거점역이름":"NA",
            "1시간이내주요거점역":"NA",
            "1시간거점역이름":"NA",
            "3km이내백화점수":0,
            "5km이내아울렛몰수":1,
            "1km이내대형먀트수":0,
            "500m이내은행수":0,
            "500m이내병원수":0,
            "5km이내대형병원수":0,
            "500m이내공원수":0,
            "3km이내혐오시설수":0,
            "초등학교학업성취도":90.03,
            "중학교학업성취도":88.5,
            "학원가":0,
            "학원수":0,
            "용적률":176,
            "건폐율":18,
            "Y":34.807397,
            "X":126.488586,
            "rank":23.0,
            "area_info":"33평(110.18),33평(110.29)",
            "sales_info":"4.8억 (2022-03-25),4.55억 (2022-03-08)",
            "last_sales":"2022-03-25,48000.0,33평(110.18)",
            "maintenance":"162022.0,161940.0",
            "price_per":"1440,1363",
            "room":"4,4",
            "bath":"2,2",
            "rank_history":[
                [
                    "202204",
                    23
                ],
                [
                    "202203",
                    22
                ],
                [
                    "202202",
                    20
                ],
                [
                    "202201",
                    21
                ]
            ],
            "rank_gap":-1
        },
        {
            "index":112,
            "아파트명":"힐스테이트오룡45블록",
            "매매타입":"분양권",
            "전용면적(m2)":"111.84",
            "전용면적(평)":"33평",
            "법정동주소":"전라남도 무안군 일로읍 오룡리 남악신도시 오룡지구 공동45블록",
            "도로명주소":"전라남도 무안군",
            "세대수":30,
            "입주년차":100,
            "용적률점수":"--",
            "건폐율점수":"--",
            "세대당주차수":60,
            "난방방식":30,
            "공급면적":"--",
            "전용률":"--",
            "욕실수":100,
            "현관타입":100,
            "주거총점":62.5,
            "지역구공급총점":0.0,
            "역세권":"NA",
            "30분내 이동가능 거점":"NA",
            "1시간내 이동가능 거점":"NA",
            "교통총점":"NA",
            "백화점":0,
            "아울렛몰":80,
            "대형마트":0,
            "은행":0,
            "병원":0,
            "종합병원":0,
            "공원":0,
            "혐오시설":0,
            "인프라총점":8.0,
            "초등학군":90.03,
            "중학군":53.1,
            "학군총점":60.486,
            "인구수":9.03,
            "인구증감":20.83,
            "인구총점":12.57,
            "일자리":5.63,
            "소득수준":76.29,
            "일자리총점":26.828,
            "가치 총점":40.1965,
            "매매실거래년":18000101.0,
            "매매실거래가":null,
            "평단가":"nan",
            "전세실거래년":null,
            "전세실거래가":null,
            "전세가율":null,
            "장기전세가율평균":"NA",
            "전세가율거품지수":"NA",
            "검색코드":145171,
            "세대수":348.0,
            "난방":"개별난방",
            "주차":"532 (세대당 1.53대)",
            "현관구조":"계단식",
            "관리비평균":null,
            "방수":3,
            "욕실개수":2,
            "준공년월":"2024-05-01",
            "준공년차":-2.0,
            "가까운역이름":"NA",
            "가까운역거리":"NA",
            "역세권여부":"NA",
            "30분이내주요거점역":"NA",
            "30분거점역이름":"NA",
            "1시간이내주요거점역":"NA",
            "1시간거점역이름":"NA",
            "3km이내백화점수":0,
            "5km이내아울렛몰수":1,
            "1km이내대형먀트수":0,
            "500m이내은행수":0,
            "500m이내병원수":0,
            "5km이내대형병원수":0,
            "500m이내공원수":0,
            "3km이내혐오시설수":0,
            "초등학교학업성취도":90.03,
            "중학교학업성취도":88.5,
            "학원가":0,
            "학원수":0,
            "용적률":0,
            "건폐율":0,
            "Y":34.797599,
            "X":126.486856,
            "rank":24.0,
            "area_info":"33평(111.84),34평(112.54),33평(112.18)",
            "sales_info":"거래 정보 없음,거래 정보 없음,거래 정보 없음",
            "last_sales":"1800-01-01,nan,33평(112.18)",
            "maintenance":"nan,nan,nan",
            "price_per":"nan,nan,nan",
            "room":"3,3,3",
            "bath":"2,2,2",
            "rank_history":[
                [
                    "202204",
                    24
                ],
                [
                    "202203",
                    9999
                ]
            ],
            "rank_gap":9999
        },
        {
            "index":104,
            "아파트명":"호반써밋남악오룡1차",
            "매매타입":"아파트",
            "전용면적(m2)":"132.09",
            "전용면적(평)":"39평",
            "법정동주소":"전라남도 무안군 일로읍 오룡리 1",
            "도로명주소":"전라남도 무안군 오룡번영로 131",
            "세대수":30,
            "입주년차":100,
            "용적률점수":"--",
            "건폐율점수":"--",
            "세대당주차수":60,
            "난방방식":30,
            "공급면적":"--",
            "전용률":"--",
            "욕실수":100,
            "현관타입":100,
            "주거총점":62.5,
            "지역구공급총점":0.0,
            "역세권":"NA",
            "30분내 이동가능 거점":"NA",
            "1시간내 이동가능 거점":"NA",
            "교통총점":"NA",
            "백화점":0,
            "아울렛몰":80,
            "대형마트":0,
            "은행":0,
            "병원":0,
            "종합병원":0,
            "공원":0,
            "혐오시설":0,
            "인프라총점":8.0,
            "초등학군":90.03,
            "중학군":53.1,
            "학군총점":60.486,
            "인구수":9.03,
            "인구증감":20.83,
            "인구총점":12.57,
            "일자리":5.63,
            "소득수준":76.29,
            "일자리총점":26.828,
            "가치 총점":40.1965,
            "매매실거래년":20220212.0,
            "매매실거래가":63500.0,
            "평단가":1589,
            "전세실거래년":20220108.0,
            "전세실거래가":45000.0,
            "전세가율":70.87,
            "장기전세가율평균":"NA",
            "전세가율거품지수":"NA",
            "검색코드":120036,
            "세대수":364.0,
            "난방":"개별난방",
            "주차":"532 (세대당 1.46대)",
            "현관구조":"계단식",
            "관리비평균":197380.0,
            "방수":4,
            "욕실개수":2,
            "준공년월":"2020-08-19",
            "준공년차":2.0,
            "가까운역이름":"NA",
            "가까운역거리":"NA",
            "역세권여부":"NA",
            "30분이내주요거점역":"NA",
            "30분거점역이름":"NA",
            "1시간이내주요거점역":"NA",
            "1시간거점역이름":"NA",
            "3km이내백화점수":0,
            "5km이내아울렛몰수":1,
            "1km이내대형먀트수":0,
            "500m이내은행수":0,
            "500m이내병원수":0,
            "5km이내대형병원수":0,
            "500m이내공원수":0,
            "3km이내혐오시설수":0,
            "초등학교학업성취도":90.03,
            "중학교학업성취도":88.5,
            "학원가":0,
            "학원수":0,
            "용적률":141,
            "건폐율":15,
            "Y":34.808361,
            "X":126.482539,
            "rank":24.0,
            "area_info":"39평(132.09)",
            "sales_info":"6.35억 (2022-02-12)",
            "last_sales":"2022-02-12,63500.0,39평(132.09)",
            "maintenance":"197380.0",
            "price_per":"1589",
            "room":"4",
            "bath":"2",
            "rank_history":[
                [
                    "202204",
                    24
                ],
                [
                    "202203",
                    23
                ],
                [
                    "202202",
                    21
                ],
                [
                    "202201",
                    22
                ]
            ],
            "rank_gap":-1
        },
        {
            "index":92,
            "아파트명":"오룡지구한국아델리움",
            "매매타입":"아파트",
            "전용면적(m2)":"109.49",
            "전용면적(평)":"33평",
            "법정동주소":"전라남도 무안군 일로읍 오룡리 21",
            "도로명주소":"전라남도 무안군 오남로 43",
            "세대수":30,
            "입주년차":100,
            "용적률점수":"--",
            "건폐율점수":"--",
            "세대당주차수":60,
            "난방방식":30,
            "공급면적":"--",
            "전용률":"--",
            "욕실수":100,
            "현관타입":100,
            "주거총점":62.5,
            "지역구공급총점":0.0,
            "역세권":"NA",
            "30분내 이동가능 거점":"NA",
            "1시간내 이동가능 거점":"NA",
            "교통총점":"NA",
            "백화점":0,
            "아울렛몰":80,
            "대형마트":0,
            "은행":0,
            "병원":0,
            "종합병원":0,
            "공원":0,
            "혐오시설":0,
            "인프라총점":8.0,
            "초등학군":90.03,
            "중학군":53.1,
            "학군총점":60.486,
            "인구수":9.03,
            "인구증감":20.83,
            "인구총점":12.57,
            "일자리":5.63,
            "소득수준":76.29,
            "일자리총점":26.828,
            "가치 총점":40.1965,
            "매매실거래년":20210524.0,
            "매매실거래가":36310.0,
            "평단가":1028,
            "전세실거래년":20210731.0,
            "전세실거래가":30000.0,
            "전세가율":88.11,
            "장기전세가율평균":"NA",
            "전세가율거품지수":"NA",
            "검색코드":125064,
            "세대수":310.0,
            "난방":"개별난방",
            "주차":"412 (세대당 1.33대)",
            "현관구조":"계단식",
            "관리비평균":159831.0,
            "방수":3,
            "욕실개수":2,
            "준공년월":"2021-02-01",
            "준공년차":1.0,
            "가까운역이름":"NA",
            "가까운역거리":"NA",
            "역세권여부":"NA",
            "30분이내주요거점역":"NA",
            "30분거점역이름":"NA",
            "1시간이내주요거점역":"NA",
            "1시간거점역이름":"NA",
            "3km이내백화점수":0,
            "5km이내아울렛몰수":1,
            "1km이내대형먀트수":0,
            "500m이내은행수":0,
            "500m이내병원수":0,
            "5km이내대형병원수":0,
            "500m이내공원수":0,
            "3km이내혐오시설수":0,
            "초등학교학업성취도":90.03,
            "중학교학업성취도":88.5,
            "학원가":0,
            "학원수":0,
            "용적률":178,
            "건폐율":14,
            "Y":34.807227,
            "X":126.483349,
            "rank":24.0,
            "area_info":"33평(109.49),33평(110.06),33평(110.08)",
            "sales_info":"3.405억 (2021-05-10),3.631억 (2021-05-24),3.83억 (2021-05-18)",
            "last_sales":"2021-05-24,36310.0,33평(110.06)",
            "maintenance":"159831.0,160143.0,160152.0",
            "price_per":"1028,1090,1150",
            "room":"3,4,3",
            "bath":"2,2,2",
            "rank_history":[
                [
                    "202204",
                    24
                ],
                [
                    "202203",
                    23
                ],
                [
                    "202202",
                    21
                ],
                [
                    "202201",
                    22
                ]
            ],
            "rank_gap":-1
        },
        {
            "index":105,
            "아파트명":"호반써밋남악오룡2차",
            "매매타입":"아파트",
            "전용면적(m2)":"131.0",
            "전용면적(평)":"39평",
            "법정동주소":"전라남도 무안군 일로읍 오룡리 5",
            "도로명주소":"전라남도 무안군 오룡번영로 153",
            "세대수":30,
            "입주년차":100,
            "용적률점수":"--",
            "건폐율점수":"--",
            "세대당주차수":60,
            "난방방식":30,
            "공급면적":"--",
            "전용률":"--",
            "욕실수":100,
            "현관타입":100,
            "주거총점":62.5,
            "지역구공급총점":0.0,
            "역세권":"NA",
            "30분내 이동가능 거점":"NA",
            "1시간내 이동가능 거점":"NA",
            "교통총점":"NA",
            "백화점":0,
            "아울렛몰":80,
            "대형마트":0,
            "은행":0,
            "병원":0,
            "종합병원":0,
            "공원":0,
            "혐오시설":0,
            "인프라총점":8.0,
            "초등학군":90.03,
            "중학군":53.1,
            "학군총점":60.486,
            "인구수":9.03,
            "인구증감":20.83,
            "인구총점":12.57,
            "일자리":5.63,
            "소득수준":76.29,
            "일자리총점":26.828,
            "가치 총점":40.1965,
            "매매실거래년":20211206.0,
            "매매실거래가":62000.0,
            "평단가":1564,
            "전세실거래년":20210523.0,
            "전세실거래가":36000.0,
            "전세가율":58.06,
            "장기전세가율평균":"NA",
            "전세가율거품지수":"NA",
            "검색코드":120037,
            "세대수":359.0,
            "난방":"개별난방",
            "주차":"563 (세대당 1.57대)",
            "현관구조":"계단식",
            "관리비평균":191882.0,
            "방수":4,
            "욕실개수":2,
            "준공년월":"2020-08-19",
            "준공년차":2.0,
            "가까운역이름":"NA",
            "가까운역거리":"NA",
            "역세권여부":"NA",
            "30분이내주요거점역":"NA",
            "30분거점역이름":"NA",
            "1시간이내주요거점역":"NA",
            "1시간거점역이름":"NA",
            "3km이내백화점수":0,
            "5km이내아울렛몰수":1,
            "1km이내대형먀트수":0,
            "500m이내은행수":0,
            "500m이내병원수":0,
            "5km이내대형병원수":0,
            "500m이내공원수":0,
            "3km이내혐오시설수":0,
            "초등학교학업성취도":90.03,
            "중학교학업성취도":88.5,
            "학원가":0,
            "학원수":0,
            "용적률":150,
            "건폐율":15,
            "Y":34.808583,
            "X":126.485882,
            "rank":24.0,
            "area_info":"39평(131.0),44평(145.66)",
            "sales_info":"6.2억 (2021-12-06),5.8억 (2021-11-19)",
            "last_sales":"2021-12-06,62000.0,39평(131.0)",
            "maintenance":"191882.0,214071.0",
            "price_per":"1564,1316",
            "room":"4,4",
            "bath":"2,2",
            "rank_history":[
                [
                    "202204",
                    24
                ],
                [
                    "202203",
                    23
                ],
                [
                    "202202",
                    21
                ],
                [
                    "202201",
                    22
                ]
            ],
            "rank_gap":-1
        },
        {
            "index":95,
            "아파트명":"오룡푸르지오파르세나39BL",
            "매매타입":"분양권",
            "전용면적(m2)":"111.73",
            "전용면적(평)":"33평",
            "법정동주소":"전라남도 무안군 일로읍 망월리 남악신도시 오룡택지지구 39BL",
            "도로명주소":"전라남도 무안군",
            "세대수":30,
            "입주년차":100,
            "용적률점수":"--",
            "건폐율점수":"--",
            "세대당주차수":60,
            "난방방식":30,
            "공급면적":"--",
            "전용률":"--",
            "욕실수":100,
            "현관타입":100,
            "주거총점":62.5,
            "지역구공급총점":0.0,
            "역세권":"NA",
            "30분내 이동가능 거점":"NA",
            "1시간내 이동가능 거점":"NA",
            "교통총점":"NA",
            "백화점":0,
            "아울렛몰":80,
            "대형마트":0,
            "은행":0,
            "병원":0,
            "종합병원":0,
            "공원":0,
            "혐오시설":0,
            "인프라총점":8.0,
            "초등학군":90.01,
            "중학군":53.1,
            "학군총점":60.482,
            "인구수":9.03,
            "인구증감":20.83,
            "인구총점":12.57,
            "일자리":5.63,
            "소득수준":76.29,
            "일자리총점":26.828,
            "가치 총점":40.1955,
            "매매실거래년":18000101.0,
            "매매실거래가":null,
            "평단가":"nan",
            "전세실거래년":null,
            "전세실거래가":null,
            "전세가율":null,
            "장기전세가율평균":"NA",
            "전세가율거품지수":"NA",
            "검색코드":146288,
            "세대수":380.0,
            "난방":"개별난방",
            "주차":"589 (세대당 1.55대)",
            "현관구조":"계단식",
            "관리비평균":null,
            "방수":4,
            "욕실개수":2,
            "준공년월":"2024-07-01",
            "준공년차":-2.0,
            "가까운역이름":"NA",
            "가까운역거리":"NA",
            "역세권여부":"NA",
            "30분이내주요거점역":"NA",
            "30분거점역이름":"NA",
            "1시간이내주요거점역":"NA",
            "1시간거점역이름":"NA",
            "3km이내백화점수":0,
            "5km이내아울렛몰수":1,
            "1km이내대형먀트수":0,
            "500m이내은행수":0,
            "500m이내병원수":0,
            "5km이내대형병원수":0,
            "500m이내공원수":0,
            "3km이내혐오시설수":0,
            "초등학교학업성취도":90.01,
            "중학교학업성취도":88.5,
            "학원가":0,
            "학원수":0,
            "용적률":0,
            "건폐율":0,
            "Y":34.798374,
            "X":126.475454,
            "rank":25.0,
            "area_info":"33평(111.73),33평(112.24),34평(112.69),34평(113.8)",
            "sales_info":"거래 정보 없음,거래 정보 없음,거래 정보 없음,거래 정보 없음",
            "last_sales":"1800-01-01,nan,34평(113.8)",
            "maintenance":"nan,nan,nan,nan",
            "price_per":"nan,nan,nan,nan",
            "room":"4,4,3,3",
            "bath":"2,2,2,2",
            "rank_history":[
                [
                    "202204",
                    25
                ],
                [
                    "202203",
                    9999
                ]
            ],
            "rank_gap":9999
        },
        {
            "index":99,
            "아파트명":"오룡푸르지오파르세나40BL",
            "매매타입":"분양권",
            "전용면적(m2)":"112.6",
            "전용면적(평)":"34평",
            "법정동주소":"전라남도 무안군 일로읍 망월리 남악신도시 오룡택지지구 40BL",
            "도로명주소":"전라남도 무안군",
            "세대수":30,
            "입주년차":100,
            "용적률점수":"--",
            "건폐율점수":"--",
            "세대당주차수":60,
            "난방방식":30,
            "공급면적":"--",
            "전용률":"--",
            "욕실수":100,
            "현관타입":100,
            "주거총점":62.5,
            "지역구공급총점":0.0,
            "역세권":"NA",
            "30분내 이동가능 거점":"NA",
            "1시간내 이동가능 거점":"NA",
            "교통총점":"NA",
            "백화점":0,
            "아울렛몰":80,
            "대형마트":0,
            "은행":0,
            "병원":0,
            "종합병원":0,
            "공원":0,
            "혐오시설":0,
            "인프라총점":8.0,
            "초등학군":90.01,
            "중학군":53.1,
            "학군총점":60.482,
            "인구수":9.03,
            "인구증감":20.83,
            "인구총점":12.57,
            "일자리":5.63,
            "소득수준":76.29,
            "일자리총점":26.828,
            "가치 총점":40.1955,
            "매매실거래년":18000101.0,
            "매매실거래가":null,
            "평단가":"nan",
            "전세실거래년":null,
            "전세실거래가":null,
            "전세가율":null,
            "장기전세가율평균":"NA",
            "전세가율거품지수":"NA",
            "검색코드":146289,
            "세대수":352.0,
            "난방":"개별난방",
            "주차":"544 (세대당 1.55대)",
            "현관구조":"계단식",
            "관리비평균":null,
            "방수":4,
            "욕실개수":2,
            "준공년월":"2024-07-01",
            "준공년차":-2.0,
            "가까운역이름":"NA",
            "가까운역거리":"NA",
            "역세권여부":"NA",
            "30분이내주요거점역":"NA",
            "30분거점역이름":"NA",
            "1시간이내주요거점역":"NA",
            "1시간거점역이름":"NA",
            "3km이내백화점수":0,
            "5km이내아울렛몰수":1,
            "1km이내대형먀트수":0,
            "500m이내은행수":0,
            "500m이내병원수":0,
            "5km이내대형병원수":0,
            "500m이내공원수":0,
            "3km이내혐오시설수":0,
            "초등학교학업성취도":90.01,
            "중학교학업성취도":88.5,
            "학원가":0,
            "학원수":0,
            "용적률":0,
            "건폐율":0,
            "Y":34.797418,
            "X":126.477069,
            "rank":25.0,
            "area_info":"34평(112.6),34평(113.11),34평(113.56),34평(113.84),34평(114.67)",
            "sales_info":"거래 정보 없음,거래 정보 없음,거래 정보 없음,거래 정보 없음,거래 정보 없음",
            "last_sales":"1800-01-01,nan,34평(114.67)",
            "maintenance":"nan,nan,nan,nan,nan",
            "price_per":"nan,nan,nan,nan,nan",
            "room":"4,4,3,3,3",
            "bath":"2,2,2,2,2",
            "rank_history":[
                [
                    "202204",
                    25
                ],
                [
                    "202203",
                    9999
                ]
            ],
            "rank_gap":9999
        },
        {
            "index":65,
            "아파트명":"제일풍경채리버파크",
            "매매타입":"아파트",
            "전용면적(m2)":"109.62",
            "전용면적(평)":"33평",
            "법정동주소":"전라남도 무안군 삼향읍 남악리 2601",
            "도로명주소":"전라남도 무안군 남악5로72번길 81-30",
            "세대수":50,
            "입주년차":80,
            "용적률점수":"--",
            "건폐율점수":"--",
            "세대당주차수":30,
            "난방방식":30,
            "공급면적":"--",
            "전용률":"--",
            "욕실수":100,
            "현관타입":100,
            "주거총점":61.0,
            "지역구공급총점":0.0,
            "역세권":"NA",
            "30분내 이동가능 거점":"NA",
            "1시간내 이동가능 거점":"NA",
            "교통총점":"NA",
            "백화점":0,
            "아울렛몰":80,
            "대형마트":0,
            "은행":0,
            "병원":0,
            "종합병원":0,
            "공원":0,
            "혐오시설":0,
            "인프라총점":8.0,
            "초등학군":90.03,
            "중학군":53.1,
            "학군총점":60.486,
            "인구수":9.03,
            "인구증감":20.83,
            "인구총점":12.57,
            "일자리":5.63,
            "소득수준":76.29,
            "일자리총점":26.828,
            "가치 총점":39.6715,
            "매매실거래년":20220409.0,
            "매매실거래가":27800.0,
            "평단가":838,
            "전세실거래년":20220330.0,
            "전세실거래가":27000.0,
            "전세가율":97.12,
            "장기전세가율평균":"NA",
            "전세가율거품지수":"NA",
            "검색코드":105111,
            "세대수":538.0,
            "난방":"개별난방",
            "주차":"660 (세대당 1.23대)",
            "현관구조":"계단식",
            "관리비평균":null,
            "방수":3,
            "욕실개수":2,
            "준공년월":"2014-07-31",
            "준공년차":8.0,
            "가까운역이름":"NA",
            "가까운역거리":"NA",
            "역세권여부":"NA",
            "30분이내주요거점역":"NA",
            "30분거점역이름":"NA",
            "1시간이내주요거점역":"NA",
            "1시간거점역이름":"NA",
            "3km이내백화점수":0,
            "5km이내아울렛몰수":1,
            "1km이내대형먀트수":0,
            "500m이내은행수":0,
            "500m이내병원수":0,
            "5km이내대형병원수":0,
            "500m이내공원수":0,
            "3km이내혐오시설수":0,
            "초등학교학업성취도":90.03,
            "중학교학업성취도":88.5,
            "학원가":0,
            "학원수":0,
            "용적률":179,
            "건폐율":16,
            "Y":34.811371,
            "X":126.48073,
            "rank":26.0,
            "area_info":"33평(109.62),33평(110.14),33평(110.65)",
            "sales_info":"2.78억 (2022-04-09),3.0억 (2022-02-17),거래 정보 없음",
            "last_sales":"2022-04-09,27800.0,33평(109.62)",
            "maintenance":"nan,nan,nan",
            "price_per":"838,900,nan",
            "room":"3,3,3",
            "bath":"2,2,2",
            "rank_history":[
                [
                    "202204",
                    26
                ],
                [
                    "202203",
                    25
                ],
                [
                    "202202",
                    22
                ],
                [
                    "202201",
                    23
                ]
            ],
            "rank_gap":-1
        },
        {
            "index":15,
            "아파트명":"골드디움",
            "매매타입":"아파트",
            "전용면적(m2)":"93.56",
            "전용면적(평)":"28평",
            "법정동주소":"전라남도 무안군 삼향읍 남악리 2609",
            "도로명주소":"전라남도 무안군 남악5로72번길 81-21",
            "세대수":30,
            "입주년차":80,
            "용적률점수":"--",
            "건폐율점수":"--",
            "세대당주차수":30,
            "난방방식":30,
            "공급면적":"--",
            "전용률":"--",
            "욕실수":100,
            "현관타입":100,
            "주거총점":54.0,
            "지역구공급총점":0.0,
            "역세권":"NA",
            "30분내 이동가능 거점":"NA",
            "1시간내 이동가능 거점":"NA",
            "교통총점":"NA",
            "백화점":0,
            "아울렛몰":80,
            "대형마트":0,
            "은행":0,
            "병원":0,
            "종합병원":0,
            "공원":80,
            "혐오시설":0,
            "인프라총점":10.4,
            "초등학군":90.01,
            "중학군":53.1,
            "학군총점":60.482,
            "인구수":9.03,
            "인구증감":20.83,
            "인구총점":12.57,
            "일자리":5.63,
            "소득수준":76.29,
            "일자리총점":26.828,
            "가치 총점":38.1805,
            "매매실거래년":20220331.0,
            "매매실거래가":28500.0,
            "평단가":671,
            "전세실거래년":20220305.0,
            "전세실거래가":10000.0,
            "전세가율":52.63,
            "장기전세가율평균":"NA",
            "전세가율거품지수":"NA",
            "검색코드":137754,
            "세대수":340.0,
            "난방":"개별난방",
            "주차":"414 (세대당 1.22대)",
            "현관구조":"계단식",
            "관리비평균":null,
            "방수":3,
            "욕실개수":2,
            "준공년월":"2013-04-12",
            "준공년차":9.0,
            "가까운역이름":"NA",
            "가까운역거리":"NA",
            "역세권여부":"NA",
            "30분이내주요거점역":"NA",
            "30분거점역이름":"NA",
            "1시간이내주요거점역":"NA",
            "1시간거점역이름":"NA",
            "3km이내백화점수":0,
            "5km이내아울렛몰수":1,
            "1km이내대형먀트수":0,
            "500m이내은행수":0,
            "500m이내병원수":0,
            "5km이내대형병원수":0,
            "500m이내공원수":1,
            "3km이내혐오시설수":0,
            "초등학교학업성취도":90.01,
            "중학교학업성취도":88.5,
            "학원가":0,
            "학원수":0,
            "용적률":179,
            "건폐율":20,
            "Y":34.809999,
            "X":126.47901,
            "rank":27.0,
            "area_info":"28평(93.56),33평(109.81)",
            "sales_info":"1.9억 (2021-11-23),2.85억 (2022-03-31)",
            "last_sales":"2022-03-31,28500.0,33평(109.81)",
            "maintenance":"nan,nan",
            "price_per":"671,857",
            "room":"3,3",
            "bath":"2,2",
            "rank_history":[
                [
                    "202204",
                    27
                ],
                [
                    "202203",
                    27
                ],
                [
                    "202202",
                    24
                ],
                [
                    "202201",
                    28
                ]
            ],
            "rank_gap":0
        },
        {
            "index":31,
            "아파트명":"남악신도시경남아너스빌",
            "매매타입":"아파트",
            "전용면적(m2)":"116.24",
            "전용면적(평)":"35평",
            "법정동주소":"전라남도 무안군 삼향읍 남악리 1863",
            "도로명주소":"전라남도 무안군 남악5로22번길 60",
            "세대수":50,
            "입주년차":60,
            "용적률점수":"--",
            "건폐율점수":"--",
            "세대당주차수":30,
            "난방방식":30,
            "공급면적":"--",
            "전용률":"--",
            "욕실수":100,
            "현관타입":50,
            "주거총점":52.0,
            "지역구공급총점":0.0,
            "역세권":"NA",
            "30분내 이동가능 거점":"NA",
            "1시간내 이동가능 거점":"NA",
            "교통총점":"NA",
            "백화점":0,
            "아울렛몰":80,
            "대형마트":0,
            "은행":0,
            "병원":0,
            "종합병원":0,
            "공원":100,
            "혐오시설":0,
            "인프라총점":11.0,
            "초등학군":90.01,
            "중학군":53.1,
            "학군총점":60.482,
            "인구수":9.03,
            "인구증감":20.83,
            "인구총점":12.57,
            "일자리":5.63,
            "소득수준":76.29,
            "일자리총점":26.828,
            "가치 총점":37.7205,
            "매매실거래년":20220409.0,
            "매매실거래가":25500.0,
            "평단가":782,
            "전세실거래년":20210810.0,
            "전세실거래가":19000.0,
            "전세가율":69.09,
            "장기전세가율평균":"NA",
            "전세가율거품지수":"NA",
            "검색코드":105202,
            "세대수":488.0,
            "난방":"개별난방",
            "주차":"520 (세대당 1.07대)",
            "현관구조":"복합식",
            "관리비평균":163581.0,
            "방수":3,
            "욕실개수":2,
            "준공년월":"2008-11-21",
            "준공년차":14.0,
            "가까운역이름":"NA",
            "가까운역거리":"NA",
            "역세권여부":"NA",
            "30분이내주요거점역":"NA",
            "30분거점역이름":"NA",
            "1시간이내주요거점역":"NA",
            "1시간거점역이름":"NA",
            "3km이내백화점수":0,
            "5km이내아울렛몰수":1,
            "1km이내대형먀트수":0,
            "500m이내은행수":0,
            "500m이내병원수":1,
            "5km이내대형병원수":0,
            "500m이내공원수":2,
            "3km이내혐오시설수":0,
            "초등학교학업성취도":90.01,
            "중학교학업성취도":88.5,
            "학원가":0,
            "학원수":0,
            "용적률":179,
            "건폐율":15,
            "Y":34.809605,
            "X":126.475736,
            "rank":28.0,
            "area_info":"35평(116.24),36평(119.22),36평(120.0)",
            "sales_info":"2.75억 (2022-03-21),2.55억 (2022-04-09),2.8억 (2022-04-07)",
            "last_sales":"2022-04-09,25500.0,36평(119.22)",
            "maintenance":"163581.0,163057.0,163753.0",
            "price_per":"782,707,771",
            "room":"3,3,3",
            "bath":"2,2,2",
            "rank_history":[
                [
                    "202204",
                    28
                ],
                [
                    "202203",
                    28
                ],
                [
                    "202202",
                    25
                ],
                [
                    "202201",
                    30
                ]
            ],
            "rank_gap":0
        },
        {
            "index":4,
            "아파트명":"무안센텀시티(민간임대,주상복합)",
            "매매타입":"아파트",
            "전용면적(m2)":"103.68",
            "전용면적(평)":"31평",
            "법정동주소":"전라남도 무안군 무안읍 성동리 625-1",
            "도로명주소":"전라남도 무안군 무안로 556",
            "세대수":0,
            "입주년차":100,
            "용적률점수":"--",
            "건폐율점수":"--",
            "세대당주차수":30,
            "난방방식":30,
            "공급면적":"--",
            "전용률":"--",
            "욕실수":100,
            "현관타입":100,
            "주거총점":47.5,
            "지역구공급총점":0.0,
            "역세권":"NA",
            "30분내 이동가능 거점":"NA",
            "1시간내 이동가능 거점":"NA",
            "교통총점":"NA",
            "백화점":0,
            "아울렛몰":0,
            "대형마트":0,
            "은행":20,
            "병원":0,
            "종합병원":80,
            "공원":0,
            "혐오시설":0,
            "인프라총점":18.0,
            "초등학군":90.02,
            "중학군":43.26,
            "학군총점":52.612,
            "인구수":9.03,
            "인구증감":20.83,
            "인구총점":12.57,
            "일자리":5.63,
            "소득수준":76.29,
            "일자리총점":26.828,
            "가치 총점":36.978,
            "매매실거래년":18000101.0,
            "매매실거래가":null,
            "평단가":"nan",
            "전세실거래년":null,
            "전세실거래가":null,
            "전세가율":null,
            "장기전세가율평균":"NA",
            "전세가율거품지수":"NA",
            "검색코드":126329,
            "세대수":137.0,
            "난방":"개별난방",
            "주차":"173 (세대당 1.26대)",
            "현관구조":"계단식",
            "관리비평균":null,
            "방수":3,
            "욕실개수":2,
            "준공년월":"2021-07-01",
            "준공년차":1.0,
            "가까운역이름":"NA",
            "가까운역거리":"NA",
            "역세권여부":"NA",
            "30분이내주요거점역":"NA",
            "30분거점역이름":"NA",
            "1시간이내주요거점역":"NA",
            "1시간거점역이름":"NA",
            "3km이내백화점수":0,
            "5km이내아울렛몰수":0,
            "1km이내대형먀트수":0,
            "500m이내은행수":2,
            "500m이내병원수":0,
            "5km이내대형병원수":1,
            "500m이내공원수":0,
            "3km이내혐오시설수":0,
            "초등학교학업성취도":90.02,
            "중학교학업성취도":72.1,
            "학원가":0,
            "학원수":0,
            "용적률":0,
            "건폐율":0,
            "Y":34.992042,
            "X":126.481817,
            "rank":29.0,
            "area_info":"31평(103.68),31평(104.53)",
            "sales_info":"거래 정보 없음,거래 정보 없음",
            "last_sales":"1800-01-01,nan,31평(104.53)",
            "maintenance":"nan,nan",
            "price_per":"nan,nan",
            "room":"3,3",
            "bath":"2,2",
            "rank_history":[
                [
                    "202204",
                    29
                ],
                [
                    "202203",
                    26
                ],
                [
                    "202202",
                    23
                ],
                [
                    "202201",
                    20
                ]
            ],
            "rank_gap":-3
        },
        {
            "index":7,
            "아파트명":"석호가람휘",
            "매매타입":"아파트",
            "전용면적(m2)":"106.73",
            "전용면적(평)":"32평",
            "법정동주소":"전라남도 무안군 무안읍 교촌리 1043",
            "도로명주소":"전라남도 무안군 창포로 24",
            "세대수":0,
            "입주년차":40,
            "용적률점수":"--",
            "건폐율점수":"--",
            "세대당주차수":30,
            "난방방식":30,
            "공급면적":"--",
            "전용률":"--",
            "욕실수":100,
            "현관타입":100,
            "주거총점":35.5,
            "지역구공급총점":0.0,
            "역세권":"NA",
            "30분내 이동가능 거점":"NA",
            "1시간내 이동가능 거점":"NA",
            "교통총점":"NA",
            "백화점":0,
            "아울렛몰":0,
            "대형마트":0,
            "은행":0,
            "병원":60,
            "종합병원":80,
            "공원":0,
            "혐오시설":0,
            "인프라총점":22.0,
            "초등학군":90.02,
            "중학군":43.26,
            "학군총점":52.612,
            "인구수":9.03,
            "인구증감":20.83,
            "인구총점":12.57,
            "일자리":5.63,
            "소득수준":76.29,
            "일자리총점":26.828,
            "가치 총점":34.378,
            "매매실거래년":20220321.0,
            "매매실거래가":14200.0,
            "평단가":439,
            "전세실거래년":20200625.0,
            "전세실거래가":8000.0,
            "전세가율":56.34,
            "장기전세가율평균":"NA",
            "전세가율거품지수":"NA",
            "검색코드":101152,
            "세대수":114.0,
            "난방":"개별난방",
            "주차":"127 (세대당 1.11대)",
            "현관구조":"계단식",
            "관리비평균":null,
            "방수":3,
            "욕실개수":2,
            "준공년월":"2004-05-07",
            "준공년차":18.0,
            "가까운역이름":"NA",
            "가까운역거리":"NA",
            "역세권여부":"NA",
            "30분이내주요거점역":"NA",
            "30분거점역이름":"NA",
            "1시간이내주요거점역":"NA",
            "1시간거점역이름":"NA",
            "3km이내백화점수":0,
            "5km이내아울렛몰수":0,
            "1km이내대형먀트수":0,
            "500m이내은행수":0,
            "500m이내병원수":11,
            "5km이내대형병원수":1,
            "500m이내공원수":0,
            "3km이내혐오시설수":0,
            "초등학교학업성취도":90.02,
            "중학교학업성취도":72.1,
            "학원가":0,
            "학원수":0,
            "용적률":230,
            "건폐율":17,
            "Y":34.989264,
            "X":126.471339,
            "rank":30.0,
            "area_info":"32평(106.73),40평(134.04)",
            "sales_info":"1.42억 (2022-03-21),1.92억 (2021-12-30)",
            "last_sales":"2022-03-21,14200.0,32평(106.73)",
            "maintenance":"nan,nan",
            "price_per":"439,473",
            "room":"3,4",
            "bath":"2,2",
            "rank_history":[
                [
                    "202204",
                    30
                ],
                [
                    "202203",
                    30
                ],
                [
                    "202202",
                    26
                ],
                [
                    "202201",
                    24
                ]
            ],
            "rank_gap":0
        },
        {
            "index":0,
            "아파트명":"광명샤인빌",
            "매매타입":"아파트",
            "전용면적(m2)":"110.89",
            "전용면적(평)":"33평",
            "법정동주소":"전라남도 무안군 무안읍 교촌리 1039",
            "도로명주소":"전라남도 무안군 창포로 16",
            "세대수":0,
            "입주년차":20,
            "용적률점수":"--",
            "건폐율점수":"--",
            "세대당주차수":30,
            "난방방식":30,
            "공급면적":"--",
            "전용률":"--",
            "욕실수":100,
            "현관타입":100,
            "주거총점":31.5,
            "지역구공급총점":0.0,
            "역세권":"NA",
            "30분내 이동가능 거점":"NA",
            "1시간내 이동가능 거점":"NA",
            "교통총점":"NA",
            "백화점":0,
            "아울렛몰":0,
            "대형마트":0,
            "은행":0,
            "병원":60,
            "종합병원":80,
            "공원":80,
            "혐오시설":0,
            "인프라총점":24.4,
            "초등학군":90.02,
            "중학군":43.26,
            "학군총점":52.612,
            "인구수":9.03,
            "인구증감":20.83,
            "인구총점":12.57,
            "일자리":5.63,
            "소득수준":76.29,
            "일자리총점":26.828,
            "가치 총점":33.938,
            "매매실거래년":20220203.0,
            "매매실거래가":15000.0,
            "평단가":447,
            "전세실거래년":20171214.0,
            "전세실거래가":10000.0,
            "전세가율":66.67,
            "장기전세가율평균":"NA",
            "전세가율거품지수":"NA",
            "검색코드":16861,
            "세대수":150.0,
            "난방":"개별난방",
            "주차":"153 (세대당 1.02대)",
            "현관구조":"계단식",
            "관리비평균":146629.0,
            "방수":3,
            "욕실개수":2,
            "준공년월":"2001-08-04",
            "준공년차":21.0,
            "가까운역이름":"NA",
            "가까운역거리":"NA",
            "역세권여부":"NA",
            "30분이내주요거점역":"NA",
            "30분거점역이름":"NA",
            "1시간이내주요거점역":"NA",
            "1시간거점역이름":"NA",
            "3km이내백화점수":0,
            "5km이내아울렛몰수":0,
            "1km이내대형먀트수":0,
            "500m이내은행수":0,
            "500m이내병원수":11,
            "5km이내대형병원수":1,
            "500m이내공원수":1,
            "3km이내혐오시설수":0,
            "초등학교학업성취도":90.02,
            "중학교학업성취도":72.1,
            "학원가":0,
            "학원수":0,
            "용적률":0,
            "건폐율":0,
            "Y":34.98967,
            "X":126.47163,
            "rank":31.0,
            "area_info":"33평(110.89)",
            "sales_info":"1.5억 (2022-02-03)",
            "last_sales":"2022-02-03,15000.0,33평(110.89)",
            "maintenance":"146629.0",
            "price_per":"447",
            "room":"3",
            "bath":"2",
            "rank_history":[
                [
                    "202204",
                    31
                ],
                [
                    "202203",
                    31
                ],
                [
                    "202202",
                    27
                ],
                [
                    "202201",
                    25
                ]
            ],
            "rank_gap":0
        },
        {
            "index":10,
            "아파트명":"이에스아뜨리움",
            "매매타입":"아파트",
            "전용면적(m2)":"112.13",
            "전용면적(평)":"33평",
            "법정동주소":"전라남도 무안군 무안읍 성남리 999",
            "도로명주소":"전라남도 무안군 하마로 31",
            "세대수":0,
            "입주년차":60,
            "용적률점수":"--",
            "건폐율점수":"--",
            "세대당주차수":30,
            "난방방식":30,
            "공급면적":"--",
            "전용률":"--",
            "욕실수":100,
            "현관타입":100,
            "주거총점":39.5,
            "지역구공급총점":0.0,
            "역세권":"NA",
            "30분내 이동가능 거점":"NA",
            "1시간내 이동가능 거점":"NA",
            "교통총점":"NA",
            "백화점":0,
            "아울렛몰":0,
            "대형마트":0,
            "은행":0,
            "병원":10,
            "종합병원":80,
            "공원":0,
            "혐오시설":0,
            "인프라총점":17.0,
            "초등학군":90.02,
            "중학군":43.26,
            "학군총점":52.612,
            "인구수":9.03,
            "인구증감":20.83,
            "인구총점":12.57,
            "일자리":5.63,
            "소득수준":76.29,
            "일자리총점":26.828,
            "가치 총점":33.778,
            "매매실거래년":20220322.0,
            "매매실거래가":17700.0,
            "평단가":521,
            "전세실거래년":20200417.0,
            "전세실거래가":16000.0,
            "전세가율":90.4,
            "장기전세가율평균":"NA",
            "전세가율거품지수":"NA",
            "검색코드":103098,
            "세대수":168.0,
            "난방":"개별난방",
            "주차":"175 (세대당 1.04대)",
            "현관구조":"계단식",
            "관리비평균":181078.0,
            "방수":3,
            "욕실개수":2,
            "준공년월":"2011-08-16",
            "준공년차":11.0,
            "가까운역이름":"NA",
            "가까운역거리":"NA",
            "역세권여부":"NA",
            "30분이내주요거점역":"NA",
            "30분거점역이름":"NA",
            "1시간이내주요거점역":"NA",
            "1시간거점역이름":"NA",
            "3km이내백화점수":0,
            "5km이내아울렛몰수":0,
            "1km이내대형먀트수":0,
            "500m이내은행수":0,
            "500m이내병원수":3,
            "5km이내대형병원수":1,
            "500m이내공원수":0,
            "3km이내혐오시설수":0,
            "초등학교학업성취도":90.02,
            "중학교학업성취도":72.1,
            "학원가":0,
            "학원수":0,
            "용적률":183,
            "건폐율":20,
            "Y":34.9849,
            "X":126.4705,
            "rank":32.0,
            "area_info":"33평(112.13)",
            "sales_info":"1.77억 (2022-03-22)",
            "last_sales":"2022-03-22,17700.0,33평(112.13)",
            "maintenance":"181078.0",
            "price_per":"521",
            "room":"3",
            "bath":"2",
            "rank_history":[
                [
                    "202204",
                    32
                ],
                [
                    "202203",
                    32
                ],
                [
                    "202202",
                    28
                ],
                [
                    "202201",
                    26
                ]
            ],
            "rank_gap":0
        },
        {
            "index":3,
            "아파트명":"무안서라",
            "매매타입":"아파트",
            "전용면적(m2)":"78.5",
            "전용면적(평)":"23평",
            "법정동주소":"전라남도 무안군 무안읍 성남리 811-6",
            "도로명주소":"전라남도 무안군 면성1길 146",
            "세대수":50,
            "입주년차":0,
            "용적률점수":"--",
            "건폐율점수":"--",
            "세대당주차수":0,
            "난방방식":30,
            "공급면적":"--",
            "전용률":"--",
            "욕실수":100,
            "현관타입":50,
            "주거총점":35.5,
            "지역구공급총점":0.0,
            "역세권":"NA",
            "30분내 이동가능 거점":"NA",
            "1시간내 이동가능 거점":"NA",
            "교통총점":"NA",
            "백화점":0,
            "아울렛몰":0,
            "대형마트":0,
            "은행":0,
            "병원":30,
            "종합병원":80,
            "공원":0,
            "혐오시설":0,
            "인프라총점":19.0,
            "초등학군":90.02,
            "중학군":43.26,
            "학군총점":52.612,
            "인구수":9.03,
            "인구증감":20.83,
            "인구총점":12.57,
            "일자리":5.63,
            "소득수준":76.29,
            "일자리총점":26.828,
            "가치 총점":33.178,
            "매매실거래년":20220405.0,
            "매매실거래가":8000.0,
            "평단가":336,
            "전세실거래년":20211120.0,
            "전세실거래가":6500.0,
            "전세가율":81.25,
            "장기전세가율평균":"NA",
            "전세가율거품지수":"NA",
            "검색코드":106058,
            "세대수":434.0,
            "난방":"개별난방",
            "주차":"0 (세대당 0.0대)",
            "현관구조":"복합식",
            "관리비평균":94132.0,
            "방수":3,
            "욕실개수":2,
            "준공년월":"1996-10-14",
            "준공년차":26.0,
            "가까운역이름":"NA",
            "가까운역거리":"NA",
            "역세권여부":"NA",
            "30분이내주요거점역":"NA",
            "30분거점역이름":"NA",
            "1시간이내주요거점역":"NA",
            "1시간거점역이름":"NA",
            "3km이내백화점수":0,
            "5km이내아울렛몰수":0,
            "1km이내대형먀트수":0,
            "500m이내은행수":0,
            "500m이내병원수":6,
            "5km이내대형병원수":1,
            "500m이내공원수":0,
            "3km이내혐오시설수":0,
            "초등학교학업성취도":90.02,
            "중학교학업성취도":72.1,
            "학원가":0,
            "학원수":0,
            "용적률":262,
            "건폐율":70,
            "Y":34.985957,
            "X":126.471368,
            "rank":33.0,
            "area_info":"23평(78.5)",
            "sales_info":"0.8억 (2022-04-05)",
            "last_sales":"2022-04-05,8000.0,23평(78.5)",
            "maintenance":"94132.0",
            "price_per":"336",
            "room":"3",
            "bath":"2",
            "rank_history":[
                [
                    "202204",
                    33
                ],
                [
                    "202203",
                    33
                ],
                [
                    "202202",
                    29
                ],
                [
                    "202201",
                    27
                ]
            ],
            "rank_gap":0
        },
        {
            "index":6,
            "아파트명":"삼신파크빌",
            "매매타입":"아파트",
            "전용면적(m2)":"120.01",
            "전용면적(평)":"36평",
            "법정동주소":"전라남도 무안군 무안읍 교촌리 1040",
            "도로명주소":"전라남도 무안군 불무로 40-11",
            "세대수":0,
            "입주년차":20,
            "용적률점수":"--",
            "건폐율점수":"--",
            "세대당주차수":30,
            "난방방식":30,
            "공급면적":"--",
            "전용률":"--",
            "욕실수":100,
            "현관타입":10,
            "주거총점":22.5,
            "지역구공급총점":0.0,
            "역세권":"NA",
            "30분내 이동가능 거점":"NA",
            "1시간내 이동가능 거점":"NA",
            "교통총점":"NA",
            "백화점":0,
            "아울렛몰":0,
            "대형마트":0,
            "은행":20,
            "병원":60,
            "종합병원":80,
            "공원":80,
            "혐오시설":0,
            "인프라총점":26.4,
            "초등학군":90.02,
            "중학군":43.26,
            "학군총점":52.612,
            "인구수":9.03,
            "인구증감":20.83,
            "인구총점":12.57,
            "일자리":5.63,
            "소득수준":76.29,
            "일자리총점":26.828,
            "가치 총점":31.588,
            "매매실거래년":20211203.0,
            "매매실거래가":15000.0,
            "평단가":413,
            "전세실거래년":20220401.0,
            "전세실거래가":13000.0,
            "전세가율":86.67,
            "장기전세가율평균":"NA",
            "전세가율거품지수":"NA",
            "검색코드":114061,
            "세대수":144.0,
            "난방":"개별난방",
            "주차":"147 (세대당 1.02대)",
            "현관구조":"복도식",
            "관리비평균":null,
            "방수":3,
            "욕실개수":2,
            "준공년월":"2002-05-08",
            "준공년차":20.0,
            "가까운역이름":"NA",
            "가까운역거리":"NA",
            "역세권여부":"NA",
            "30분이내주요거점역":"NA",
            "30분거점역이름":"NA",
            "1시간이내주요거점역":"NA",
            "1시간거점역이름":"NA",
            "3km이내백화점수":0,
            "5km이내아울렛몰수":0,
            "1km이내대형먀트수":0,
            "500m이내은행수":2,
            "500m이내병원수":14,
            "5km이내대형병원수":1,
            "500m이내공원수":1,
            "3km이내혐오시설수":0,
            "초등학교학업성취도":90.02,
            "중학교학업성취도":72.1,
            "학원가":0,
            "학원수":0,
            "용적률":266,
            "건폐율":22,
            "Y":34.98887,
            "X":126.472924,
            "rank":34.0,
            "area_info":"36평(120.01)",
            "sales_info":"1.5억 (2021-12-03)",
            "last_sales":"2021-12-03,15000.0,36평(120.01)",
            "maintenance":"nan",
            "price_per":"413",
            "room":"3",
            "bath":"2",
            "rank_history":[
                [
                    "202204",
                    34
                ],
                [
                    "202203",
                    34
                ],
                [
                    "202202",
                    30
                ],
                [
                    "202201",
                    29
                ]
            ],
            "rank_gap":0
        },
        {
            "index":1,
            "아파트명":"대선해시앙",
            "매매타입":"아파트",
            "전용면적(m2)":"84.86",
            "전용면적(평)":"25평",
            "법정동주소":"전라남도 무안군 무안읍 성남리 1001",
            "도로명주소":"전라남도 무안군 창포로 55",
            "세대수":0,
            "입주년차":80,
            "용적률점수":"--",
            "건폐율점수":"--",
            "세대당주차수":0,
            "난방방식":30,
            "공급면적":"--",
            "전용률":"--",
            "욕실수":100,
            "현관타입":10,
            "주거총점":30.0,
            "지역구공급총점":0.0,
            "역세권":"NA",
            "30분내 이동가능 거점":"NA",
            "1시간내 이동가능 거점":"NA",
            "교통총점":"NA",
            "백화점":0,
            "아울렛몰":0,
            "대형마트":0,
            "은행":0,
            "병원":30,
            "종합병원":80,
            "공원":0,
            "혐오시설":0,
            "인프라총점":19.0,
            "초등학군":90.02,
            "중학군":43.26,
            "학군총점":52.612,
            "인구수":9.03,
            "인구증감":20.83,
            "인구총점":12.57,
            "일자리":5.63,
            "소득수준":76.29,
            "일자리총점":26.828,
            "가치 총점":31.253,
            "매매실거래년":20220311.0,
            "매매실거래가":17400.0,
            "평단가":677,
            "전세실거래년":20210503.0,
            "전세실거래가":14000.0,
            "전세가율":80.46,
            "장기전세가율평균":"NA",
            "전세가율거품지수":"NA",
            "검색코드":121741,
            "세대수":175.0,
            "난방":"개별난방",
            "주차":"174 (세대당 0.99대)",
            "현관구조":"복도식",
            "관리비평균":144435.0,
            "방수":3,
            "욕실개수":2,
            "준공년월":"2017-06-16",
            "준공년차":5.0,
            "가까운역이름":"NA",
            "가까운역거리":"NA",
            "역세권여부":"NA",
            "30분이내주요거점역":"NA",
            "30분거점역이름":"NA",
            "1시간이내주요거점역":"NA",
            "1시간거점역이름":"NA",
            "3km이내백화점수":0,
            "5km이내아울렛몰수":0,
            "1km이내대형먀트수":0,
            "500m이내은행수":0,
            "500m이내병원수":6,
            "5km이내대형병원수":1,
            "500m이내공원수":0,
            "3km이내혐오시설수":0,
            "초등학교학업성취도":90.02,
            "중학교학업성취도":72.1,
            "학원가":0,
            "학원수":0,
            "용적률":266,
            "건폐율":29,
            "Y":34.986246,
            "X":126.470343,
            "rank":35.0,
            "area_info":"25평(84.86),34평(114.09)",
            "sales_info":"1.74억 (2022-03-11),2.3억 (2022-01-20)",
            "last_sales":"2022-03-11,17400.0,25평(84.86)",
            "maintenance":"144435.0,194175.0",
            "price_per":"677,666",
            "room":"3,3",
            "bath":"2,2",
            "rank_history":[
                [
                    "202204",
                    35
                ],
                [
                    "202203",
                    35
                ],
                [
                    "202202",
                    31
                ],
                [
                    "202201",
                    31
                ]
            ],
            "rank_gap":0
        },
        {
            "index":11,
            "아파트명":"일봉그레이스빌",
            "매매타입":"아파트",
            "전용면적(m2)":"45.63",
            "전용면적(평)":"13평",
            "법정동주소":"전라남도 무안군 무안읍 성남리 812-2",
            "도로명주소":"전라남도 무안군 면성1길 136-13",
            "세대수":0,
            "입주년차":20,
            "용적률점수":"--",
            "건폐율점수":"--",
            "세대당주차수":30,
            "난방방식":30,
            "공급면적":"--",
            "전용률":"--",
            "욕실수":50,
            "현관타입":100,
            "주거총점":26.5,
            "지역구공급총점":0.0,
            "역세권":"NA",
            "30분내 이동가능 거점":"NA",
            "1시간내 이동가능 거점":"NA",
            "교통총점":"NA",
            "백화점":0,
            "아울렛몰":0,
            "대형마트":0,
            "은행":0,
            "병원":30,
            "종합병원":80,
            "공원":0,
            "혐오시설":0,
            "인프라총점":19.0,
            "초등학군":90.02,
            "중학군":43.26,
            "학군총점":52.612,
            "인구수":9.03,
            "인구증감":20.83,
            "인구총점":12.57,
            "일자리":5.63,
            "소득수준":76.29,
            "일자리총점":26.828,
            "가치 총점":30.028,
            "매매실거래년":20220318.0,
            "매매실거래가":10600.0,
            "평단가":271,
            "전세실거래년":null,
            "전세실거래가":null,
            "전세가율":null,
            "장기전세가율평균":"NA",
            "전세가율거품지수":"NA",
            "검색코드":113051,
            "세대수":88.0,
            "난방":"개별난방",
            "주차":"96 (세대당 1.09대)",
            "현관구조":"계단식",
            "관리비평균":null,
            "방수":2,
            "욕실개수":1,
            "준공년월":"2001-08-01",
            "준공년차":21.0,
            "가까운역이름":"NA",
            "가까운역거리":"NA",
            "역세권여부":"NA",
            "30분이내주요거점역":"NA",
            "30분거점역이름":"NA",
            "1시간이내주요거점역":"NA",
            "1시간거점역이름":"NA",
            "3km이내백화점수":0,
            "5km이내아울렛몰수":0,
            "1km이내대형먀트수":0,
            "500m이내은행수":0,
            "500m이내병원수":7,
            "5km이내대형병원수":1,
            "500m이내공원수":0,
            "3km이내혐오시설수":0,
            "초등학교학업성취도":90.02,
            "중학교학업성취도":72.1,
            "학원가":0,
            "학원수":0,
            "용적률":194,
            "건폐율":16,
            "Y":34.986781,
            "X":126.470969,
            "rank":36.0,
            "area_info":"13평(45.63),23평(78.66),31평(105.7),31평(105.7)",
            "sales_info":"0.375억 (2018-12-14),1.06억 (2022-03-18),1.3억 (2021-06-03),1.23억 (2019-10-10)",
            "last_sales":"2022-03-18,10600.0,23평(78.66)",
            "maintenance":"nan,nan,nan,nan",
            "price_per":"271,445,406,384",
            "room":"2,3,3,3",
            "bath":"1,2,2,2",
            "rank_history":[
                [
                    "202204",
                    36
                ],
                [
                    "202203",
                    36
                ],
                [
                    "202202",
                    9999
                ]
            ],
            "rank_gap":0
        },
        {
            "index":9,
            "아파트명":"승달타워",
            "매매타입":"아파트",
            "전용면적(m2)":"95.88",
            "전용면적(평)":"29평",
            "법정동주소":"전라남도 무안군 무안읍 성남리 95-3",
            "도로명주소":"전라남도 무안군 성남2길 7",
            "세대수":0,
            "입주년차":0,
            "용적률점수":"--",
            "건폐율점수":"--",
            "세대당주차수":0,
            "난방방식":30,
            "공급면적":"--",
            "전용률":"--",
            "욕실수":100,
            "현관타입":100,
            "주거총점":23.0,
            "지역구공급총점":0.0,
            "역세권":"NA",
            "30분내 이동가능 거점":"NA",
            "1시간내 이동가능 거점":"NA",
            "교통총점":"NA",
            "백화점":0,
            "아울렛몰":0,
            "대형마트":0,
            "은행":0,
            "병원":60,
            "종합병원":80,
            "공원":0,
            "혐오시설":0,
            "인프라총점":22.0,
            "초등학군":90.02,
            "중학군":43.26,
            "학군총점":52.612,
            "인구수":9.03,
            "인구증감":20.83,
            "인구총점":12.57,
            "일자리":5.63,
            "소득수준":76.29,
            "일자리총점":26.828,
            "가치 총점":30.003,
            "매매실거래년":20220227.0,
            "매매실거래가":9500.0,
            "평단가":327,
            "전세실거래년":null,
            "전세실거래가":null,
            "전세가율":null,
            "장기전세가율평균":"NA",
            "전세가율거품지수":"NA",
            "검색코드":4626,
            "세대수":88.0,
            "난방":"개별난방",
            "주차":"0 (세대당 0.0대)",
            "현관구조":"계단식",
            "관리비평균":null,
            "방수":3,
            "욕실개수":2,
            "준공년월":"1992-03-05",
            "준공년차":30.0,
            "가까운역이름":"NA",
            "가까운역거리":"NA",
            "역세권여부":"NA",
            "30분이내주요거점역":"NA",
            "30분거점역이름":"NA",
            "1시간이내주요거점역":"NA",
            "1시간거점역이름":"NA",
            "3km이내백화점수":0,
            "5km이내아울렛몰수":0,
            "1km이내대형먀트수":0,
            "500m이내은행수":0,
            "500m이내병원수":10,
            "5km이내대형병원수":1,
            "500m이내공원수":0,
            "3km이내혐오시설수":0,
            "초등학교학업성취도":90.02,
            "중학교학업성취도":72.1,
            "학원가":0,
            "학원수":0,
            "용적률":185,
            "건폐율":17,
            "Y":34.985482,
            "X":126.473019,
            "rank":37.0,
            "area_info":"29평(95.88)",
            "sales_info":"0.95억 (2022-02-27)",
            "last_sales":"2022-02-27,9500.0,29평(95.88)",
            "maintenance":"nan",
            "price_per":"327",
            "room":"3",
            "bath":"2",
            "rank_history":[
                [
                    "202204",
                    37
                ],
                [
                    "202203",
                    24
                ],
                [
                    "202202",
                    9999
                ]
            ],
            "rank_gap":-13
        },
        {
            "index":80,
            "아파트명":"신화휴리브더테라스(민간임대)",
            "매매타입":"아파트",
            "전용면적(m2)":"95.35",
            "전용면적(평)":"28평",
            "법정동주소":"전라남도 무안군 일로읍 월암리 1165",
            "도로명주소":"전라남도 무안군 공원길 80",
            "세대수":0,
            "입주년차":100,
            "용적률점수":"--",
            "건폐율점수":"--",
            "세대당주차수":30,
            "난방방식":30,
            "공급면적":"--",
            "전용률":"--",
            "욕실수":100,
            "현관타입":100,
            "주거총점":47.5,
            "지역구공급총점":0.0,
            "역세권":"NA",
            "30분내 이동가능 거점":"NA",
            "1시간내 이동가능 거점":"NA",
            "교통총점":"NA",
            "백화점":0,
            "아울렛몰":0,
            "대형마트":80,
            "은행":0,
            "병원":0,
            "종합병원":0,
            "공원":80,
            "혐오시설":0,
            "인프라총점":14.4,
            "초등학군":89.99,
            "중학군":14.58,
            "학군총점":29.662,
            "인구수":9.03,
            "인구증감":20.83,
            "인구총점":12.57,
            "일자리":5.63,
            "소득수준":76.29,
            "일자리총점":26.828,
            "가치 총점":29.8005,
            "매매실거래년":18000101.0,
            "매매실거래가":null,
            "평단가":"nan",
            "전세실거래년":null,
            "전세실거래가":null,
            "전세가율":null,
            "장기전세가율평균":"NA",
            "전세가율거품지수":"NA",
            "검색코드":146843,
            "세대수":160.0,
            "난방":"개별난방",
            "주차":"180 (세대당 1.12대)",
            "현관구조":"계단식",
            "관리비평균":null,
            "방수":3,
            "욕실개수":2,
            "준공년월":"2021-08-20",
            "준공년차":1.0,
            "가까운역이름":"NA",
            "가까운역거리":"NA",
            "역세권여부":"NA",
            "30분이내주요거점역":"NA",
            "30분거점역이름":"NA",
            "1시간이내주요거점역":"NA",
            "1시간거점역이름":"NA",
            "3km이내백화점수":0,
            "5km이내아울렛몰수":0,
            "1km이내대형먀트수":1,
            "500m이내은행수":0,
            "500m이내병원수":1,
            "5km이내대형병원수":0,
            "500m이내공원수":1,
            "3km이내혐오시설수":0,
            "초등학교학업성취도":89.99,
            "중학교학업성취도":24.3,
            "학원가":0,
            "학원수":0,
            "용적률":180,
            "건폐율":27,
            "Y":34.847387,
            "X":126.489115,
            "rank":38.0,
            "area_info":"28평(95.35),32평(107.65)",
            "sales_info":"거래 정보 없음,거래 정보 없음",
            "last_sales":"1800-01-01,nan,32평(107.65)",
            "maintenance":"nan,nan",
            "price_per":"nan,nan",
            "room":"3,3",
            "bath":"2,2",
            "rank_history":[
                [
                    "202204",
                    38
                ],
                [
                    "202203",
                    9999
                ]
            ],
            "rank_gap":9999
        },
        {
            "index":115,
            "아파트명":"대호",
            "매매타입":"아파트",
            "전용면적(m2)":"51.83",
            "전용면적(평)":"15평",
            "법정동주소":"전라남도 무안군 청계면 남성리 6",
            "도로명주소":"전라남도 무안군 청계중앙길 54",
            "세대수":0,
            "입주년차":0,
            "용적률점수":"--",
            "건폐율점수":"--",
            "세대당주차수":0,
            "난방방식":30,
            "공급면적":"--",
            "전용률":"--",
            "욕실수":50,
            "현관타입":100,
            "주거총점":18.0,
            "지역구공급총점":0.0,
            "역세권":"NA",
            "30분내 이동가능 거점":"NA",
            "1시간내 이동가능 거점":"NA",
            "교통총점":"NA",
            "백화점":0,
            "아울렛몰":0,
            "대형마트":80,
            "은행":0,
            "병원":10,
            "종합병원":0,
            "공원":0,
            "혐오시설":0,
            "인프라총점":13.0,
            "초등학군":89.98,
            "중학군":42.12,
            "학군총점":51.692,
            "인구수":9.03,
            "인구증감":20.83,
            "인구총점":12.57,
            "일자리":5.63,
            "소득수준":76.29,
            "일자리총점":26.828,
            "가치 총점":24.423,
            "매매실거래년":20220415.0,
            "매매실거래가":3000.0,
            "평단가":191,
            "전세실거래년":20201012.0,
            "전세실거래가":2000.0,
            "전세가율":66.67,
            "장기전세가율평균":"NA",
            "전세가율거품지수":"NA",
            "검색코드":16971,
            "세대수":122.0,
            "난방":"개별난방",
            "주차":"48 (세대당 0.39대)",
            "현관구조":"계단식",
            "관리비평균":null,
            "방수":2,
            "욕실개수":1,
            "준공년월":"1997-03-12",
            "준공년차":25.0,
            "가까운역이름":"NA",
            "가까운역거리":"NA",
            "역세권여부":"NA",
            "30분이내주요거점역":"NA",
            "30분거점역이름":"NA",
            "1시간이내주요거점역":"NA",
            "1시간거점역이름":"NA",
            "3km이내백화점수":0,
            "5km이내아울렛몰수":0,
            "1km이내대형먀트수":1,
            "500m이내은행수":0,
            "500m이내병원수":3,
            "5km이내대형병원수":0,
            "500m이내공원수":0,
            "3km이내혐오시설수":0,
            "초등학교학업성취도":89.98,
            "중학교학업성취도":70.2,
            "학원가":0,
            "학원수":0,
            "용적률":245,
            "건폐율":24,
            "Y":34.90993,
            "X":126.42462,
            "rank":39.0,
            "area_info":"15평(51.83)",
            "sales_info":"0.3억 (2022-04-15)",
            "last_sales":"2022-04-15,3000.0,15평(51.83)",
            "maintenance":"nan",
            "price_per":"191",
            "room":"2",
            "bath":"1",
            "rank_history":[
                [
                    "202204",
                    39
                ],
                [
                    "202203",
                    38
                ],
                [
                    "202202",
                    32
                ],
                [
                    "202201",
                    32
                ]
            ],
            "rank_gap":-1
        }
    ]
}