{
    "schema":{
        "fields":[
            {
                "name":"index",
                "type":"integer"
            },
            {
                "name":"아파트명",
                "type":"string"
            },
            {
                "name":"투자타입",
                "type":"string"
            },
            {
                "name":"전용면적(m2)",
                "type":"string"
            },
            {
                "name":"전용면적(평)",
                "type":"string"
            },
            {
                "name":"법정동주소",
                "type":"string"
            },
            {
                "name":"도로명주소",
                "type":"string"
            },
            {
                "name":"세대수",
                "type":"integer"
            },
            {
                "name":"입주년차",
                "type":"string"
            },
            {
                "name":"용적률점수",
                "type":"string"
            },
            {
                "name":"건폐율점수",
                "type":"string"
            },
            {
                "name":"세대당주차수",
                "type":"string"
            },
            {
                "name":"난방방식",
                "type":"string"
            },
            {
                "name":"공급면적",
                "type":"string"
            },
            {
                "name":"전용률",
                "type":"string"
            },
            {
                "name":"욕실수",
                "type":"string"
            },
            {
                "name":"현관타입",
                "type":"string"
            },
            {
                "name":"주거총점",
                "type":"number"
            },
            {
                "name":"지역구공급총점",
                "type":"number"
            },
            {
                "name":"역세권",
                "type":"integer"
            },
            {
                "name":"30분내 이동가능 거점",
                "type":"integer"
            },
            {
                "name":"1시간내 이동가능 거점",
                "type":"integer"
            },
            {
                "name":"교통총점",
                "type":"number"
            },
            {
                "name":"백화점",
                "type":"integer"
            },
            {
                "name":"아울렛몰",
                "type":"integer"
            },
            {
                "name":"대형마트",
                "type":"integer"
            },
            {
                "name":"은행",
                "type":"integer"
            },
            {
                "name":"병원",
                "type":"integer"
            },
            {
                "name":"종합병원",
                "type":"integer"
            },
            {
                "name":"공원",
                "type":"integer"
            },
            {
                "name":"혐오시설",
                "type":"integer"
            },
            {
                "name":"인프라총점",
                "type":"number"
            },
            {
                "name":"초등학군",
                "type":"number"
            },
            {
                "name":"중학군",
                "type":"number"
            },
            {
                "name":"학군총점",
                "type":"number"
            },
            {
                "name":"인구수",
                "type":"number"
            },
            {
                "name":"인구증감",
                "type":"number"
            },
            {
                "name":"인구총점",
                "type":"number"
            },
            {
                "name":"일자리",
                "type":"number"
            },
            {
                "name":"소득수준",
                "type":"number"
            },
            {
                "name":"일자리총점",
                "type":"number"
            },
            {
                "name":"가치 총점",
                "type":"number"
            },
            {
                "name":"매매실거래년",
                "type":"string"
            },
            {
                "name":"매매실거래가",
                "type":"number"
            },
            {
                "name":"전세실거래년",
                "type":"number"
            },
            {
                "name":"전세실거래가",
                "type":"number"
            },
            {
                "name":"전세가율",
                "type":"number"
            },
            {
                "name":"장기전세가율평균",
                "type":"number"
            },
            {
                "name":"전세가율거품지수",
                "type":"number"
            },
            {
                "name":"검색코드",
                "type":"integer"
            },
            {
                "name":"세대수",
                "type":"number"
            },
            {
                "name":"준공년월",
                "type":"string"
            },
            {
                "name":"준공년차",
                "type":"number"
            },
            {
                "name":"가까운역이름",
                "type":"string"
            },
            {
                "name":"가까운역거리",
                "type":"number"
            },
            {
                "name":"역세권여부",
                "type":"string"
            },
            {
                "name":"30분이내주요거점역",
                "type":"integer"
            },
            {
                "name":"30분거점역이름",
                "type":"string"
            },
            {
                "name":"1시간이내주요거점역",
                "type":"integer"
            },
            {
                "name":"1시간거점역이름",
                "type":"string"
            },
            {
                "name":"3km이내백화점수",
                "type":"integer"
            },
            {
                "name":"5km이내아울렛몰수",
                "type":"integer"
            },
            {
                "name":"1km이내대형먀트수",
                "type":"integer"
            },
            {
                "name":"500m이내은행수",
                "type":"integer"
            },
            {
                "name":"500m이내병원수",
                "type":"integer"
            },
            {
                "name":"5km이내대형병원수",
                "type":"integer"
            },
            {
                "name":"500m이내공원수",
                "type":"integer"
            },
            {
                "name":"3km이내혐오시설수",
                "type":"integer"
            },
            {
                "name":"초등학교학업성취도",
                "type":"number"
            },
            {
                "name":"중학교학업성취도",
                "type":"number"
            },
            {
                "name":"용적률",
                "type":"integer"
            },
            {
                "name":"건폐율",
                "type":"integer"
            },
            {
                "name":"Y",
                "type":"number"
            },
            {
                "name":"X",
                "type":"number"
            },
            {
                "name":"rank",
                "type":"number"
            },
            {
                "name":"area_info",
                "type":"string"
            },
            {
                "name":"last_sales",
                "type":"string"
            },
            {
                "name":"rank_history",
                "type":"string"
            },
            {
                "name":"rank_gap",
                "type":"integer"
            }
        ],
        "primaryKey":[
            "index"
        ],
        "pandas_version":"1.4.0"
    },
    "data":[
        {
            "index":156,
            "아파트명":"신동아",
            "투자타입":"재건축",
            "전용면적(m2)":"103.02",
            "전용면적(평)":"31평",
            "법정동주소":"서울시 용산구 서빙고동 241-21",
            "도로명주소":"서울시 용산구 이촌로 347",
            "세대수":90,
            "입주년차":"--",
            "용적률점수":80,
            "건폐율점수":100,
            "세대당주차수":"--",
            "난방방식":"--",
            "공급면적":90,
            "전용률":100,
            "욕실수":"--",
            "현관타입":"--",
            "주거총점":88.5,
            "지역구공급총점":100.0,
            "역세권":80,
            "30분내 이동가능 거점":100,
            "1시간내 이동가능 거점":100,
            "교통총점":90.0,
            "백화점":100,
            "아울렛몰":80,
            "대형마트":0,
            "은행":0,
            "병원":0,
            "종합병원":100,
            "공원":80,
            "혐오시설":0,
            "인프라총점":60.4,
            "초등학군":90.03,
            "중학군":51.04,
            "학군총점":58.838,
            "인구수":24.63,
            "인구증감":-10.92,
            "인구총점":13.965,
            "일자리":21.14,
            "소득수준":78.32,
            "일자리총점":38.294,
            "가치 총점":76.1457,
            "매매실거래년":20211018.0,
            "매매실거래가":450000.0,
            "전세실거래년":20220128.0,
            "전세실거래가":70000.0,
            "전세가율":27.13,
            "장기전세가율평균":52.28,
            "전세가율거품지수":25.15,
            "검색코드":757,
            "세대수":1326.0,
            "준공년월":"1984-06-28",
            "준공년차":39.0,
            "가까운역이름":"서빙고",
            "가까운역거리":142.75,
            "역세권여부":"역세권",
            "30분이내주요거점역":5,
            "30분거점역이름":"['을지로3가', '양재', '왕십리', '홍대입구', '명동']",
            "1시간이내주요거점역":17,
            "1시간거점역이름":"['강남', '역삼', '잠실', '판교', '여의도', '을지로3가', '양재', '정자', '수원시청', '평촌', '가산디지털단지', '왕십리', '홍대입구', '수원', '구로디지털단지', '명동', 'GTX성남(2023년)']",
            "3km이내백화점수":1,
            "5km이내아울렛몰수":1,
            "1km이내대형먀트수":0,
            "500m이내은행수":0,
            "500m이내병원수":0,
            "5km이내대형병원수":5,
            "500m이내공원수":1,
            "3km이내혐오시설수":0,
            "초등학교학업성취도":90.03,
            "중학교학업성취도":83.4,
            "용적률":196,
            "건폐율":14,
            "Y":37.518301,
            "X":126.988151,
            "rank":1.0,
            "area_info":"31평(103.02), 45평(151.94), 45평(152.05), 54평(179.86), 54평(179.98), 68평(226.44), 68평(226.56)",
            "last_sales":"2021-10-18,450000.0,68평(226.44)",
            "rank_history":[
                [
                    "202203",
                    1
                ],
                [
                    "202202",
                    25
                ],
                [
                    "202201",
                    32
                ]
            ],
            "rank_gap":24
        },
        {
            "index":563,
            "아파트명":"용산센트럴파크해링턴스퀘어",
            "투자타입":"일반",
            "전용면적(m2)":"128.77",
            "전용면적(평)":"38평",
            "법정동주소":"서울시 용산구 한강로3가 63-70",
            "도로명주소":"서울시 용산구 서빙고로 17",
            "세대수":90,
            "입주년차":100,
            "용적률점수":"--",
            "건폐율점수":"--",
            "세대당주차수":60,
            "난방방식":100,
            "공급면적":"--",
            "전용률":"--",
            "욕실수":100,
            "현관타입":100,
            "주거총점":90.5,
            "지역구공급총점":100.0,
            "역세권":80,
            "30분내 이동가능 거점":100,
            "1시간내 이동가능 거점":100,
            "교통총점":90.0,
            "백화점":0,
            "아울렛몰":80,
            "대형마트":80,
            "은행":100,
            "병원":0,
            "종합병원":100,
            "공원":100,
            "혐오시설":0,
            "인프라총점":53.0,
            "초등학군":89.97,
            "중학군":57.42,
            "학군총점":63.93,
            "인구수":24.63,
            "인구증감":-10.92,
            "인구총점":13.965,
            "일자리":21.14,
            "소득수준":78.32,
            "일자리총점":38.294,
            "가치 총점":75.0895,
            "매매실거래년":20200903.0,
            "매매실거래가":300000.0,
            "전세실거래년":null,
            "전세실거래가":null,
            "전세가율":null,
            "장기전세가율평균":52.28,
            "전세가율거품지수":null,
            "검색코드":117804,
            "세대수":1140.0,
            "준공년월":"2020-08-01",
            "준공년차":3.0,
            "가까운역이름":"신용산",
            "가까운역거리":388.54,
            "역세권여부":"역세권",
            "30분이내주요거점역":6,
            "30분거점역이름":"['여의도', '을지로3가', '가산디지털단지', '왕십리', '홍대입구', '명동']",
            "1시간이내주요거점역":19,
            "1시간거점역이름":"['강남', '역삼', '잠실', '판교', '여의도', '을지로3가', '양재', '정자', '수원시청', '평촌', '가산디지털단지', '왕십리', '홍대입구', '수원', '구로디지털단지', '명동', '대화', '마곡', 'GTX성남(2023년)']",
            "3km이내백화점수":0,
            "5km이내아울렛몰수":1,
            "1km이내대형먀트수":1,
            "500m이내은행수":8,
            "500m이내병원수":0,
            "5km이내대형병원수":9,
            "500m이내공원수":5,
            "3km이내혐오시설수":0,
            "초등학교학업성취도":89.97,
            "중학교학업성취도":90.9,
            "용적률":0,
            "건폐율":0,
            "Y":37.525766,
            "X":126.967857,
            "rank":2.0,
            "area_info":"38평(128.77), 38평(128.0), 39평(130.47), 43평(142.38), 48평(158.78), 48평(160.4), 57평(188.5), 92평(307.07), 95평(315.67), 101평(334.63)",
            "last_sales":"2020-09-03,300000.0,57평(188.5)",
            "rank_history":[
                [
                    "202203",
                    2
                ],
                [
                    "202202",
                    21
                ],
                [
                    "202201",
                    19
                ]
            ],
            "rank_gap":19
        },
        {
            "index":224,
            "아파트명":"용산더프라임",
            "투자타입":"일반",
            "전용면적(m2)":"54.12",
            "전용면적(평)":"16평",
            "법정동주소":"서울시 용산구 원효로1가 41",
            "도로명주소":"서울시 용산구 원효로90길 11",
            "세대수":50,
            "입주년차":80,
            "용적률점수":"--",
            "건폐율점수":"--",
            "세대당주차수":80,
            "난방방식":30,
            "공급면적":"--",
            "전용률":"--",
            "욕실수":50,
            "현관타입":100,
            "주거총점":63.5,
            "지역구공급총점":100.0,
            "역세권":80,
            "30분내 이동가능 거점":100,
            "1시간내 이동가능 거점":100,
            "교통총점":90.0,
            "백화점":100,
            "아울렛몰":100,
            "대형마트":0,
            "은행":100,
            "병원":0,
            "종합병원":100,
            "공원":100,
            "혐오시설":0,
            "인프라총점":73.0,
            "초등학군":89.98,
            "중학군":48.52,
            "학군총점":56.812,
            "인구수":24.63,
            "인구증감":-10.92,
            "인구총점":13.965,
            "일자리":21.14,
            "소득수준":78.32,
            "일자리총점":38.294,
            "가치 총점":74.6218,
            "매매실거래년":20210507.0,
            "매매실거래가":280000.0,
            "전세실거래년":20211230.0,
            "전세실거래가":33600.0,
            "전세가율":49.41,
            "장기전세가율평균":52.28,
            "전세가율거품지수":2.87,
            "검색코드":102329,
            "세대수":559.0,
            "준공년월":"2014-02-17",
            "준공년차":9.0,
            "가까운역이름":"남영",
            "가까운역거리":122.52,
            "역세권여부":"역세권",
            "30분이내주요거점역":7,
            "30분거점역이름":"['여의도', '을지로3가', '가산디지털단지', '왕십리', '홍대입구', '구로디지털단지', '명동']",
            "1시간이내주요거점역":20,
            "1시간거점역이름":"['강남', '역삼', '잠실', '판교', '여의도', '을지로3가', '양재', '정자', '수원시청', '평촌', '가산디지털단지', '왕십리', '홍대입구', '수원', '구로디지털단지', '명동', '서현', '마곡', 'GTX킨텍스(2023년)', 'GTX성남(2023년)']",
            "3km이내백화점수":2,
            "5km이내아울렛몰수":2,
            "1km이내대형먀트수":0,
            "500m이내은행수":5,
            "500m이내병원수":0,
            "5km이내대형병원수":9,
            "500m이내공원수":6,
            "3km이내혐오시설수":0,
            "초등학교학업성취도":89.98,
            "중학교학업성취도":80.4,
            "용적률":831,
            "건폐율":39,
            "Y":37.540197,
            "X":126.970022,
            "rank":3.0,
            "area_info":"16평(54.12), 19평(63.99), 19평(63.86), 20평(66.94), 22평(73.29), 23평(77.62), 23평(77.34), 23평(77.63), 24평(79.79), 24평(80.98), 25평(82.78), 35평(116.23), 47평(155.92), 51평(169.09), 58평(194.53), 99평(327.34), 101평(335.71), 102평(337.38), 102평(338.83), 102평(340.26)",
            "last_sales":"2021-05-07,280000.0,102평(338.83)",
            "rank_history":[
                [
                    "202203",
                    3
                ],
                [
                    "202202",
                    4
                ],
                [
                    "202201",
                    1
                ]
            ],
            "rank_gap":1
        },
        {
            "index":631,
            "아파트명":"나인원한남",
            "투자타입":"일반",
            "전용면적(m2)":"248.84",
            "전용면적(평)":"75평",
            "법정동주소":"서울시 용산구 한남동 829",
            "도로명주소":"서울시 용산구 한남대로 91",
            "세대수":30,
            "입주년차":100,
            "용적률점수":"--",
            "건폐율점수":"--",
            "세대당주차수":100,
            "난방방식":30,
            "공급면적":"--",
            "전용률":"--",
            "욕실수":100,
            "현관타입":100,
            "주거총점":68.5,
            "지역구공급총점":100.0,
            "역세권":80,
            "30분내 이동가능 거점":100,
            "1시간내 이동가능 거점":100,
            "교통총점":90.0,
            "백화점":100,
            "아울렛몰":100,
            "대형마트":0,
            "은행":100,
            "병원":0,
            "종합병원":100,
            "공원":0,
            "혐오시설":0,
            "인프라총점":70.0,
            "초등학군":89.98,
            "중학군":47.54,
            "학군총점":56.028,
            "인구수":24.63,
            "인구증감":-10.92,
            "인구총점":13.965,
            "일자리":21.14,
            "소득수준":78.32,
            "일자리총점":38.294,
            "가치 총점":74.6042,
            "매매실거래년":20211014.0,
            "매매실거래가":840000.0,
            "전세실거래년":20210525.0,
            "전세실거래가":340000.0,
            "전세가율":46.7,
            "장기전세가율평균":52.28,
            "전세가율거품지수":5.58,
            "검색코드":130505,
            "세대수":341.0,
            "준공년월":"2019-11-13",
            "준공년차":4.0,
            "가까운역이름":"한강진",
            "가까운역거리":402.18,
            "역세권여부":"역세권",
            "30분이내주요거점역":8,
            "30분거점역이름":"['강남', '역삼', '여의도', '을지로3가', '양재', '왕십리', '명동', 'GTX성남(2023년)']",
            "1시간이내주요거점역":18,
            "1시간거점역이름":"['강남', '역삼', '잠실', '판교', '여의도', '을지로3가', '양재', '정자', '평촌', '가산디지털단지', '왕십리', '홍대입구', '구로디지털단지', '명동', '서현', '마곡', 'GTX킨텍스(2023년)', 'GTX성남(2023년)']",
            "3km이내백화점수":1,
            "5km이내아울렛몰수":2,
            "1km이내대형먀트수":0,
            "500m이내은행수":8,
            "500m이내병원수":0,
            "5km이내대형병원수":10,
            "500m이내공원수":0,
            "3km이내혐오시설수":0,
            "초등학교학업성취도":89.98,
            "중학교학업성취도":78.9,
            "용적률":147,
            "건폐율":30,
            "Y":37.536438,
            "X":127.003476,
            "rank":4.0,
            "area_info":"75평(248.84), 75평(248.84), 75평(248.84), 88평(293.93), 88평(293.93), 88평(293.93), 90평(299.74), 100평(333.2), 101평(334.17)",
            "last_sales":"2021-10-14,840000.0,100평(333.2)",
            "rank_history":[
                [
                    "202203",
                    4
                ],
                [
                    "202202",
                    1
                ],
                [
                    "202201",
                    2
                ]
            ],
            "rank_gap":-3
        },
        {
            "index":897,
            "아파트명":"용산롯데캐슬센터포레",
            "투자타입":"일반",
            "전용면적(m2)":"81.45",
            "전용면적(평)":"24평",
            "법정동주소":"서울시 용산구 효창동 287",
            "도로명주소":"서울시 용산구 백범로 313",
            "세대수":50,
            "입주년차":100,
            "용적률점수":"--",
            "건폐율점수":"--",
            "세대당주차수":30,
            "난방방식":30,
            "공급면적":"--",
            "전용률":"--",
            "욕실수":100,
            "현관타입":100,
            "주거총점":65.0,
            "지역구공급총점":100.0,
            "역세권":80,
            "30분내 이동가능 거점":100,
            "1시간내 이동가능 거점":100,
            "교통총점":90.0,
            "백화점":100,
            "아울렛몰":80,
            "대형마트":80,
            "은행":20,
            "병원":0,
            "종합병원":100,
            "공원":0,
            "혐오시설":0,
            "인프라총점":72.0,
            "초등학군":89.96,
            "중학군":44.52,
            "학군총점":53.608,
            "인구수":24.63,
            "인구증감":-10.92,
            "인구총점":13.965,
            "일자리":21.14,
            "소득수준":78.32,
            "일자리총점":38.294,
            "가치 총점":74.1412,
            "매매실거래년":20211107.0,
            "매매실거래가":185000.0,
            "전세실거래년":20210911.0,
            "전세실거래가":88000.0,
            "전세가율":55.7,
            "장기전세가율평균":52.28,
            "전세가율거품지수":-3.42,
            "검색코드":114334,
            "세대수":478.0,
            "준공년월":"2019-04-29",
            "준공년차":4.0,
            "가까운역이름":"효창공원앞",
            "가까운역거리":171.42,
            "역세권여부":"역세권",
            "30분이내주요거점역":5,
            "30분거점역이름":"['여의도', '을지로3가', '왕십리', '홍대입구', '명동']",
            "1시간이내주요거점역":20,
            "1시간거점역이름":"['강남', '역삼', '잠실', '판교', '여의도', '을지로3가', '양재', '정자', '수원시청', '평촌', '가산디지털단지', '왕십리', '홍대입구', '수원', '구로디지털단지', '명동', '대화', '마곡', 'GTX킨텍스(2023년)', 'GTX성남(2023년)']",
            "3km이내백화점수":1,
            "5km이내아울렛몰수":1,
            "1km이내대형먀트수":1,
            "500m이내은행수":2,
            "500m이내병원수":0,
            "5km이내대형병원수":10,
            "500m이내공원수":0,
            "3km이내혐오시설수":0,
            "초등학교학업성취도":89.96,
            "중학교학업성취도":73.0,
            "용적률":249,
            "건폐율":21,
            "Y":37.540045,
            "X":126.96352,
            "rank":5.0,
            "area_info":"24평(81.45), 24평(82.61), 24평(82.44), 34평(112.91), 34평(113.15), 35평(117.01), 45평(151.04)",
            "last_sales":"2021-11-07,185000.0,35평(117.01)",
            "rank_history":[
                [
                    "202203",
                    5
                ],
                [
                    "202202",
                    6
                ],
                [
                    "202201",
                    5
                ]
            ],
            "rank_gap":1
        },
        {
            "index":509,
            "아파트명":"용산파크자이",
            "투자타입":"일반",
            "전용면적(m2)":"123.56",
            "전용면적(평)":"37평",
            "법정동주소":"서울시 용산구 한강로1가 50-1",
            "도로명주소":"서울시 용산구 한강대로 205",
            "세대수":30,
            "입주년차":40,
            "용적률점수":"--",
            "건폐율점수":"--",
            "세대당주차수":0,
            "난방방식":30,
            "공급면적":"--",
            "전용률":"--",
            "욕실수":100,
            "현관타입":100,
            "주거총점":41.5,
            "지역구공급총점":100.0,
            "역세권":80,
            "30분내 이동가능 거점":100,
            "1시간내 이동가능 거점":100,
            "교통총점":90.0,
            "백화점":100,
            "아울렛몰":100,
            "대형마트":80,
            "은행":70,
            "병원":0,
            "종합병원":100,
            "공원":100,
            "혐오시설":0,
            "인프라총점":82.0,
            "초등학군":89.97,
            "중학군":48.52,
            "학군총점":56.81,
            "인구수":24.63,
            "인구증감":-10.92,
            "인구총점":13.965,
            "일자리":21.14,
            "소득수준":78.32,
            "일자리총점":38.294,
            "가치 총점":72.9215,
            "매매실거래년":20210709.0,
            "매매실거래가":207000.0,
            "전세실거래년":20210710.0,
            "전세실거래가":75600.0,
            "전세가율":43.7,
            "장기전세가율평균":52.28,
            "전세가율거품지수":8.58,
            "검색코드":10786,
            "세대수":310.0,
            "준공년월":"2005-12-23",
            "준공년차":18.0,
            "가까운역이름":"삼각지",
            "가까운역거리":231.48,
            "역세권여부":"역세권",
            "30분이내주요거점역":5,
            "30분거점역이름":"['여의도', '을지로3가', '왕십리', '홍대입구', '명동']",
            "1시간이내주요거점역":19,
            "1시간거점역이름":"['강남', '역삼', '잠실', '판교', '여의도', '을지로3가', '양재', '정자', '수원시청', '평촌', '가산디지털단지', '왕십리', '홍대입구', '수원', '구로디지털단지', '명동', '마곡', 'GTX킨텍스(2023년)', 'GTX성남(2023년)']",
            "3km이내백화점수":1,
            "5km이내아울렛몰수":2,
            "1km이내대형먀트수":1,
            "500m이내은행수":3,
            "500m이내병원수":0,
            "5km이내대형병원수":10,
            "500m이내공원수":6,
            "3km이내혐오시설수":0,
            "초등학교학업성취도":89.97,
            "중학교학업성취도":80.4,
            "용적률":789,
            "건폐율":53,
            "Y":37.536521,
            "X":126.972942,
            "rank":6.0,
            "area_info":"37평(123.56), 46평(152.36), 47평(156.51), 47평(158.08), 57평(190.55)",
            "last_sales":"2021-07-09,207000.0,57평(190.55)",
            "rank_history":[
                [
                    "202203",
                    6
                ],
                [
                    "202202",
                    2
                ],
                [
                    "202201",
                    3
                ]
            ],
            "rank_gap":-4
        },
        {
            "index":35,
            "아파트명":"리첸시아용산",
            "투자타입":"일반",
            "전용면적(m2)":"108.19",
            "전용면적(평)":"32평",
            "법정동주소":"서울시 용산구 문배동 40-31",
            "도로명주소":"서울시 용산구 백범로 341",
            "세대수":0,
            "입주년차":60,
            "용적률점수":"--",
            "건폐율점수":"--",
            "세대당주차수":80,
            "난방방식":30,
            "공급면적":"--",
            "전용률":"--",
            "욕실수":100,
            "현관타입":50,
            "주거총점":42.0,
            "지역구공급총점":100.0,
            "역세권":80,
            "30분내 이동가능 거점":100,
            "1시간내 이동가능 거점":100,
            "교통총점":90.0,
            "백화점":100,
            "아울렛몰":100,
            "대형마트":80,
            "은행":70,
            "병원":0,
            "종합병원":100,
            "공원":100,
            "혐오시설":0,
            "인프라총점":82.0,
            "초등학군":89.97,
            "중학군":44.52,
            "학군총점":53.61,
            "인구수":24.63,
            "인구증감":-10.92,
            "인구총점":13.965,
            "일자리":21.14,
            "소득수준":78.32,
            "일자리총점":38.294,
            "가치 총점":72.5415,
            "매매실거래년":20211210.0,
            "매매실거래가":220000.0,
            "전세실거래년":20220124.0,
            "전세실거래가":90000.0,
            "전세가율":59.21,
            "장기전세가율평균":52.28,
            "전세가율거품지수":-6.93,
            "검색코드":27148,
            "세대수":260.0,
            "준공년월":"2010-04-29",
            "준공년차":13.0,
            "가까운역이름":"남영",
            "가까운역거리":425.1,
            "역세권여부":"역세권",
            "30분이내주요거점역":5,
            "30분거점역이름":"['강남', '여의도', '을지로3가', '홍대입구', '명동']",
            "1시간이내주요거점역":21,
            "1시간거점역이름":"['강남', '역삼', '잠실', '판교', '여의도', '을지로3가', '양재', '정자', '수원시청', '평촌', '가산디지털단지', '왕십리', '홍대입구', '수원', '구로디지털단지', '명동', '서현', '대화', '마곡', 'GTX킨텍스(2023년)', 'GTX성남(2023년)']",
            "3km이내백화점수":1,
            "5km이내아울렛몰수":2,
            "1km이내대형먀트수":1,
            "500m이내은행수":3,
            "500m이내병원수":0,
            "5km이내대형병원수":10,
            "500m이내공원수":5,
            "3km이내혐오시설수":0,
            "초등학교학업성취도":89.97,
            "중학교학업성취도":73.0,
            "용적률":0,
            "건폐율":0,
            "Y":37.537784,
            "X":126.968025,
            "rank":7.0,
            "area_info":"32평(108.19), 32평(109.04), 40평(134.16), 40평(135.42), 46평(153.87), 46평(155.17), 54평(180.9), 56평(185.82), 56평(186.25), 59평(195.87), 71평(235.52), 71평(236.13), 75평(248.6), 75평(248.72)",
            "last_sales":"2021-12-10,220000.0,56평(186.25)",
            "rank_history":[
                [
                    "202203",
                    7
                ],
                [
                    "202202",
                    9
                ],
                [
                    "202201",
                    11
                ]
            ],
            "rank_gap":2
        },
        {
            "index":187,
            "아파트명":"파크타워",
            "투자타입":"일반",
            "전용면적(m2)":"99.4",
            "전용면적(평)":"30평",
            "법정동주소":"서울시 용산구 용산동5가 24",
            "도로명주소":"서울시 용산구 서빙고로 67",
            "세대수":80,
            "입주년차":60,
            "용적률점수":"--",
            "건폐율점수":"--",
            "세대당주차수":80,
            "난방방식":100,
            "공급면적":"--",
            "전용률":"--",
            "욕실수":100,
            "현관타입":50,
            "주거총점":77.0,
            "지역구공급총점":100.0,
            "역세권":80,
            "30분내 이동가능 거점":100,
            "1시간내 이동가능 거점":100,
            "교통총점":90.0,
            "백화점":0,
            "아울렛몰":80,
            "대형마트":80,
            "은행":100,
            "병원":0,
            "종합병원":100,
            "공원":100,
            "혐오시설":0,
            "인프라총점":53.0,
            "초등학군":89.97,
            "중학군":57.42,
            "학군총점":63.93,
            "인구수":24.63,
            "인구증감":-10.92,
            "인구총점":13.965,
            "일자리":21.14,
            "소득수준":78.32,
            "일자리총점":38.294,
            "가치 총점":72.3895,
            "매매실거래년":20210707.0,
            "매매실거래가":550000.0,
            "전세실거래년":null,
            "전세실거래가":null,
            "전세가율":null,
            "장기전세가율평균":52.28,
            "전세가율거품지수":null,
            "검색코드":22693,
            "세대수":888.0,
            "준공년월":"2009-05-15",
            "준공년차":14.0,
            "가까운역이름":"이촌",
            "가까운역거리":321.82,
            "역세권여부":"역세권",
            "30분이내주요거점역":7,
            "30분거점역이름":"['강남', '역삼', '여의도', '을지로3가', '왕십리', '홍대입구', '명동']",
            "1시간이내주요거점역":18,
            "1시간거점역이름":"['강남', '역삼', '잠실', '판교', '여의도', '을지로3가', '양재', '정자', '수원시청', '평촌', '가산디지털단지', '왕십리', '홍대입구', '수원', '구로디지털단지', '명동', '대화', '마곡']",
            "3km이내백화점수":0,
            "5km이내아울렛몰수":1,
            "1km이내대형먀트수":1,
            "500m이내은행수":8,
            "500m이내병원수":0,
            "5km이내대형병원수":9,
            "500m이내공원수":6,
            "3km이내혐오시설수":0,
            "초등학교학업성취도":89.97,
            "중학교학업성취도":90.9,
            "용적률":495,
            "건폐율":50,
            "Y":37.524523,
            "X":126.971045,
            "rank":8.0,
            "area_info":"30평(99.4), 35평(118.17), 36평(122.02), 38평(126.99), 38평(127.44), 45평(150.2), 47평(156.83), 47평(158.59), 47평(158.07), 48평(160.78), 50평(167.14), 51평(170.3), 51평(170.11), 52평(172.03), 52평(172.78), 52평(174.89), 57평(190.51), 58평(194.97), 59평(196.29), 67평(222.42), 76평(252.8), 93평(309.87), 93평(309.89)",
            "last_sales":"2021-07-07,550000.0,93평(309.89)",
            "rank_history":[
                [
                    "202203",
                    8
                ],
                [
                    "202202",
                    17
                ],
                [
                    "202201",
                    20
                ]
            ],
            "rank_gap":9
        },
        {
            "index":175,
            "아파트명":"용산브라운스톤",
            "투자타입":"일반",
            "전용면적(m2)":"79.44",
            "전용면적(평)":"24평",
            "법정동주소":"서울시 용산구 용문동 90",
            "도로명주소":"서울시 용산구 효창원로 88",
            "세대수":0,
            "입주년차":60,
            "용적률점수":"--",
            "건폐율점수":"--",
            "세대당주차수":30,
            "난방방식":30,
            "공급면적":"--",
            "전용률":"--",
            "욕실수":100,
            "현관타입":100,
            "주거총점":39.5,
            "지역구공급총점":100.0,
            "역세권":80,
            "30분내 이동가능 거점":100,
            "1시간내 이동가능 거점":100,
            "교통총점":90.0,
            "백화점":100,
            "아울렛몰":80,
            "대형마트":80,
            "은행":70,
            "병원":0,
            "종합병원":100,
            "공원":100,
            "혐오시설":-50,
            "인프라총점":79.0,
            "초등학군":89.96,
            "중학군":54.82,
            "학군총점":61.848,
            "인구수":24.63,
            "인구증감":-10.92,
            "인구총점":13.965,
            "일자리":21.14,
            "소득수준":78.32,
            "일자리총점":38.294,
            "가치 총점":72.3772,
            "매매실거래년":20211217.0,
            "매매실거래가":145000.0,
            "전세실거래년":20220205.0,
            "전세실거래가":47775.0,
            "전세가율":36.75,
            "장기전세가율평균":52.28,
            "전세가율거품지수":15.53,
            "검색코드":27296,
            "세대수":195.0,
            "준공년월":"2011-07-05",
            "준공년차":12.0,
            "가까운역이름":"효창공원앞",
            "가까운역거리":417.75,
            "역세권여부":"역세권",
            "30분이내주요거점역":5,
            "30분거점역이름":"['여의도', '을지로3가', '왕십리', '홍대입구', '명동']",
            "1시간이내주요거점역":21,
            "1시간거점역이름":"['강남', '역삼', '잠실', '판교', '여의도', '을지로3가', '양재', '정자', '수원시청', '평촌', '가산디지털단지', '왕십리', '홍대입구', '수원', '구로디지털단지', '명동', '서현', '대화', '마곡', 'GTX킨텍스(2023년)', 'GTX성남(2023년)']",
            "3km이내백화점수":2,
            "5km이내아울렛몰수":1,
            "1km이내대형먀트수":1,
            "500m이내은행수":3,
            "500m이내병원수":0,
            "5km이내대형병원수":10,
            "500m이내공원수":3,
            "3km이내혐오시설수":1,
            "초등학교학업성취도":89.96,
            "중학교학업성취도":90.3,
            "용적률":190,
            "건폐율":22,
            "Y":37.536783,
            "X":126.958681,
            "rank":9.0,
            "area_info":"24평(79.44), 32평(106.9), 32평(107.84), 32평(108.95), 32평(108.15), 41평(137.07)",
            "last_sales":"2021-12-17,145000.0,32평(108.15)",
            "rank_history":[
                [
                    "202203",
                    9
                ],
                [
                    "202202",
                    10
                ],
                [
                    "202201",
                    12
                ]
            ],
            "rank_gap":1
        },
        {
            "index":69,
            "아파트명":"용산CJ나인파크",
            "투자타입":"일반",
            "전용면적(m2)":"108.69",
            "전용면적(평)":"32평",
            "법정동주소":"서울시 용산구 문배동 24-6",
            "도로명주소":"서울시 용산구 백범로90다길 12",
            "세대수":0,
            "입주년차":40,
            "용적률점수":"--",
            "건폐율점수":"--",
            "세대당주차수":80,
            "난방방식":30,
            "공급면적":"--",
            "전용률":"--",
            "욕실수":100,
            "현관타입":50,
            "주거총점":38.0,
            "지역구공급총점":100.0,
            "역세권":80,
            "30분내 이동가능 거점":100,
            "1시간내 이동가능 거점":100,
            "교통총점":90.0,
            "백화점":100,
            "아울렛몰":100,
            "대형마트":80,
            "은행":70,
            "병원":0,
            "종합병원":100,
            "공원":100,
            "혐오시설":0,
            "인프라총점":82.0,
            "초등학군":89.97,
            "중학군":44.52,
            "학군총점":53.61,
            "인구수":24.63,
            "인구증감":-10.92,
            "인구총점":13.965,
            "일자리":21.14,
            "소득수준":78.32,
            "일자리총점":38.294,
            "가치 총점":71.7415,
            "매매실거래년":20210803.0,
            "매매실거래가":160000.0,
            "전세실거래년":20220115.0,
            "전세실거래가":56700.0,
            "전세가율":39.38,
            "장기전세가율평균":52.28,
            "전세가율거품지수":12.9,
            "검색코드":19195,
            "세대수":280.0,
            "준공년월":"2007-07-02",
            "준공년차":16.0,
            "가까운역이름":"삼각지",
            "가까운역거리":411.51,
            "역세권여부":"역세권",
            "30분이내주요거점역":5,
            "30분거점역이름":"['여의도', '을지로3가', '왕십리', '홍대입구', '명동']",
            "1시간이내주요거점역":18,
            "1시간거점역이름":"['강남', '역삼', '잠실', '판교', '여의도', '을지로3가', '양재', '수원시청', '평촌', '가산디지털단지', '왕십리', '홍대입구', '수원', '구로디지털단지', '명동', '마곡', 'GTX킨텍스(2023년)', 'GTX성남(2023년)']",
            "3km이내백화점수":1,
            "5km이내아울렛몰수":2,
            "1km이내대형먀트수":1,
            "500m이내은행수":4,
            "500m이내병원수":0,
            "5km이내대형병원수":10,
            "500m이내공원수":6,
            "3km이내혐오시설수":0,
            "초등학교학업성취도":89.97,
            "중학교학업성취도":73.0,
            "용적률":538,
            "건폐율":22,
            "Y":37.536197,
            "X":126.968816,
            "rank":10.0,
            "area_info":"32평(108.69), 37평(124.36), 47평(157.93)",
            "last_sales":"2021-08-03,160000.0,47평(157.93)",
            "rank_history":[
                [
                    "202203",
                    10
                ],
                [
                    "202202",
                    8
                ],
                [
                    "202201",
                    10
                ]
            ],
            "rank_gap":-2
        },
        {
            "index":514,
            "아파트명":"래미안용산더센트럴",
            "투자타입":"일반",
            "전용면적(m2)":"175.86",
            "전용면적(평)":"53평",
            "법정동주소":"서울시 용산구 한강로2가 422",
            "도로명주소":"서울시 용산구 한강대로 95",
            "세대수":0,
            "입주년차":80,
            "용적률점수":"--",
            "건폐율점수":"--",
            "세대당주차수":80,
            "난방방식":80,
            "공급면적":"--",
            "전용률":"--",
            "욕실수":100,
            "현관타입":100,
            "주거총점":56.0,
            "지역구공급총점":100.0,
            "역세권":100,
            "30분내 이동가능 거점":100,
            "1시간내 이동가능 거점":100,
            "교통총점":100.0,
            "백화점":0,
            "아울렛몰":80,
            "대형마트":80,
            "은행":100,
            "병원":0,
            "종합병원":100,
            "공원":80,
            "혐오시설":0,
            "인프라총점":52.4,
            "초등학군":89.97,
            "중학군":57.42,
            "학군총점":63.93,
            "인구수":24.63,
            "인구증감":-10.92,
            "인구총점":13.965,
            "일자리":21.14,
            "소득수준":78.32,
            "일자리총점":38.294,
            "가치 총점":71.5095,
            "매매실거래년":20211124.0,
            "매매실거래가":370000.0,
            "전세실거래년":20210524.0,
            "전세실거래가":200000.0,
            "전세가율":68.03,
            "장기전세가율평균":52.28,
            "전세가율거품지수":-15.75,
            "검색코드":109123,
            "세대수":195.0,
            "준공년월":"2017-05-31",
            "준공년차":6.0,
            "가까운역이름":"신용산",
            "가까운역거리":97.04,
            "역세권여부":"초역세권",
            "30분이내주요거점역":9,
            "30분거점역이름":"['강남', '역삼', '여의도', '을지로3가', '가산디지털단지', '왕십리', '홍대입구', '구로디지털단지', '명동']",
            "1시간이내주요거점역":19,
            "1시간거점역이름":"['강남', '역삼', '잠실', '판교', '여의도', '을지로3가', '양재', '정자', '수원시청', '평촌', '가산디지털단지', '왕십리', '홍대입구', '수원', '구로디지털단지', '명동', '대화', '마곡', 'GTX성남(2023년)']",
            "3km이내백화점수":0,
            "5km이내아울렛몰수":1,
            "1km이내대형먀트수":1,
            "500m이내은행수":10,
            "500m이내병원수":0,
            "5km이내대형병원수":9,
            "500m이내공원수":1,
            "3km이내혐오시설수":0,
            "초등학교학업성취도":89.97,
            "중학교학업성취도":90.9,
            "용적률":991,
            "건폐율":49,
            "Y":37.529096,
            "X":126.966884,
            "rank":11.0,
            "area_info":"53평(175.86), 53평(175.86), 62평(204.99), 62평(204.99), 68평(227.82), 68평(227.82), 90평(300.39), 90평(300.46), 94평(312.16), 95평(316.41), 95평(316.43)",
            "last_sales":"2021-11-24,370000.0,62평(204.99)",
            "rank_history":[
                [
                    "202203",
                    11
                ],
                [
                    "202202",
                    27
                ],
                [
                    "202201",
                    22
                ]
            ],
            "rank_gap":16
        },
        {
            "index":915,
            "아파트명":"효창파크푸르지오",
            "투자타입":"일반",
            "전용면적(m2)":"77.01",
            "전용면적(평)":"23평",
            "법정동주소":"서울시 용산구 효창동 274",
            "도로명주소":"서울시 용산구 백범로 260",
            "세대수":30,
            "입주년차":60,
            "용적률점수":"--",
            "건폐율점수":"--",
            "세대당주차수":30,
            "난방방식":30,
            "공급면적":"--",
            "전용률":"--",
            "욕실수":100,
            "현관타입":100,
            "주거총점":50.0,
            "지역구공급총점":100.0,
            "역세권":80,
            "30분내 이동가능 거점":100,
            "1시간내 이동가능 거점":100,
            "교통총점":90.0,
            "백화점":100,
            "아울렛몰":80,
            "대형마트":80,
            "은행":0,
            "병원":0,
            "종합병원":100,
            "공원":100,
            "혐오시설":0,
            "인프라총점":73.0,
            "초등학군":89.96,
            "중학군":44.52,
            "학군총점":53.608,
            "인구수":24.63,
            "인구증감":-10.92,
            "인구총점":13.965,
            "일자리":21.14,
            "소득수준":78.32,
            "일자리총점":38.294,
            "가치 총점":71.4412,
            "매매실거래년":20211105.0,
            "매매실거래가":148000.0,
            "전세실거래년":20211108.0,
            "전세실거래가":55650.0,
            "전세가율":37.6,
            "장기전세가율평균":52.28,
            "전세가율거품지수":14.68,
            "검색코드":27666,
            "세대수":307.0,
            "준공년월":"2010-08-31",
            "준공년차":13.0,
            "가까운역이름":"효창공원앞",
            "가까운역거리":453.96,
            "역세권여부":"역세권",
            "30분이내주요거점역":5,
            "30분거점역이름":"['여의도', '을지로3가', '왕십리', '홍대입구', '명동']",
            "1시간이내주요거점역":20,
            "1시간거점역이름":"['강남', '역삼', '잠실', '판교', '여의도', '을지로3가', '양재', '정자', '수원시청', '평촌', '가산디지털단지', '왕십리', '홍대입구', '수원', '구로디지털단지', '명동', '대화', '마곡', 'GTX킨텍스(2023년)', 'GTX성남(2023년)']",
            "3km이내백화점수":1,
            "5km이내아울렛몰수":1,
            "1km이내대형먀트수":1,
            "500m이내은행수":1,
            "500m이내병원수":0,
            "5km이내대형병원수":11,
            "500m이내공원수":3,
            "3km이내혐오시설수":0,
            "초등학교학업성취도":89.96,
            "중학교학업성취도":73.0,
            "용적률":244,
            "건폐율":18,
            "Y":37.540148,
            "X":126.958057,
            "rank":12.0,
            "area_info":"23평(77.01), 23평(77.11), 33평(109.15), 44평(146.1)",
            "last_sales":"2021-11-05,148000.0,23평(77.01)",
            "rank_history":[
                [
                    "202203",
                    12
                ],
                [
                    "202202",
                    23
                ],
                [
                    "202201",
                    25
                ]
            ],
            "rank_gap":11
        },
        {
            "index":72,
            "아파트명":"용산KCC웰츠타워",
            "투자타입":"일반",
            "전용면적(m2)":"113.23",
            "전용면적(평)":"34평",
            "법정동주소":"서울시 용산구 문배동 11-10",
            "도로명주소":"서울시 용산구 백범로90길 90",
            "세대수":0,
            "입주년차":80,
            "용적률점수":"--",
            "건폐율점수":"--",
            "세대당주차수":30,
            "난방방식":30,
            "공급면적":"--",
            "전용률":"--",
            "욕실수":100,
            "현관타입":100,
            "주거총점":43.5,
            "지역구공급총점":100.0,
            "역세권":80,
            "30분내 이동가능 거점":80,
            "1시간내 이동가능 거점":100,
            "교통총점":84.0,
            "백화점":100,
            "아울렛몰":100,
            "대형마트":80,
            "은행":70,
            "병원":0,
            "종합병원":100,
            "공원":100,
            "혐오시설":0,
            "인프라총점":82.0,
            "초등학군":89.97,
            "중학군":48.52,
            "학군총점":56.81,
            "인구수":24.63,
            "인구증감":-10.92,
            "인구총점":13.965,
            "일자리":21.14,
            "소득수준":78.32,
            "일자리총점":38.294,
            "가치 총점":71.2215,
            "매매실거래년":20201219.0,
            "매매실거래가":137000.0,
            "전세실거래년":null,
            "전세실거래가":null,
            "전세가율":null,
            "장기전세가율평균":52.28,
            "전세가율거품지수":null,
            "검색코드":104168,
            "세대수":232.0,
            "준공년월":"2015-03-27",
            "준공년차":8.0,
            "가까운역이름":"남영",
            "가까운역거리":373.97,
            "역세권여부":"역세권",
            "30분이내주요거점역":4,
            "30분거점역이름":"['여의도', '을지로3가', '홍대입구', '명동']",
            "1시간이내주요거점역":20,
            "1시간거점역이름":"['강남', '역삼', '잠실', '판교', '여의도', '을지로3가', '양재', '정자', '수원시청', '평촌', '가산디지털단지', '왕십리', '홍대입구', '수원', '구로디지털단지', '명동', '대화', '마곡', 'GTX킨텍스(2023년)', 'GTX성남(2023년)']",
            "3km이내백화점수":1,
            "5km이내아울렛몰수":2,
            "1km이내대형먀트수":1,
            "500m이내은행수":3,
            "500m이내병원수":0,
            "5km이내대형병원수":10,
            "500m이내공원수":6,
            "3km이내혐오시설수":0,
            "초등학교학업성취도":89.97,
            "중학교학업성취도":80.4,
            "용적률":880,
            "건폐율":48,
            "Y":37.537872,
            "X":126.968793,
            "rank":13.0,
            "area_info":"34평(113.23), 34평(114.39), 35평(116.93), 39평(132.22)",
            "last_sales":"2020-12-19,137000.0,39평(132.22)",
            "rank_history":[
                [
                    "202203",
                    13
                ],
                [
                    "202202",
                    7
                ],
                [
                    "202201",
                    9
                ]
            ],
            "rank_gap":-6
        },
        {
            "index":26,
            "아파트명":"센트레빌아스테리움서울",
            "투자타입":"일반",
            "전용면적(m2)":"159.31",
            "전용면적(평)":"48평",
            "법정동주소":"서울시 용산구 동자동 45",
            "도로명주소":"서울시 용산구 한강대로 372",
            "세대수":0,
            "입주년차":60,
            "용적률점수":"--",
            "건폐율점수":"--",
            "세대당주차수":100,
            "난방방식":80,
            "공급면적":"--",
            "전용률":"--",
            "욕실수":100,
            "현관타입":100,
            "주거총점":55.0,
            "지역구공급총점":100.0,
            "역세권":50,
            "30분내 이동가능 거점":100,
            "1시간내 이동가능 거점":100,
            "교통총점":75.0,
            "백화점":100,
            "아울렛몰":100,
            "대형마트":80,
            "은행":100,
            "병원":0,
            "종합병원":100,
            "공원":100,
            "혐오시설":0,
            "인프라총점":85.0,
            "초등학군":89.99,
            "중학군":45.54,
            "학군총점":54.43,
            "인구수":24.63,
            "인구증감":-10.92,
            "인구총점":13.965,
            "일자리":21.14,
            "소득수준":78.32,
            "일자리총점":38.294,
            "가치 총점":70.9145,
            "매매실거래년":20211005.0,
            "매매실거래가":186000.0,
            "전세실거래년":20211208.0,
            "전세실거래가":120000.0,
            "전세가율":86.96,
            "장기전세가율평균":52.28,
            "전세가율거품지수":-34.68,
            "검색코드":101587,
            "세대수":278.0,
            "준공년월":"2013-09-09",
            "준공년차":10.0,
            "가까운역이름":"서울",
            "가까운역거리":661.46,
            "역세권여부":"준역세권",
            "30분이내주요거점역":5,
            "30분거점역이름":"['여의도', '을지로3가', '왕십리', '홍대입구', '명동']",
            "1시간이내주요거점역":20,
            "1시간거점역이름":"['강남', '역삼', '잠실', '판교', '여의도', '을지로3가', '양재', '정자', '수원시청', '평촌', '가산디지털단지', '왕십리', '홍대입구', '수원', '구로디지털단지', '명동', '서현', '마곡', 'GTX킨텍스(2023년)', 'GTX성남(2023년)']",
            "3km이내백화점수":2,
            "5km이내아울렛몰수":2,
            "1km이내대형먀트수":1,
            "500m이내은행수":7,
            "500m이내병원수":0,
            "5km이내대형병원수":10,
            "500m이내공원수":4,
            "3km이내혐오시설수":0,
            "초등학교학업성취도":89.99,
            "중학교학업성취도":75.1,
            "용적률":987,
            "건폐율":48,
            "Y":37.551277,
            "X":126.973633,
            "rank":14.0,
            "area_info":"48평(159.31), 49평(163.03), 54평(180.64), 56평(185.43), 62평(207.26), 68평(225.8), 78평(259.25), 91평(304.06), 92평(304.41)",
            "last_sales":"2021-10-05,186000.0,56평(185.43)",
            "rank_history":[
                [
                    "202203",
                    14
                ],
                [
                    "202202",
                    5
                ],
                [
                    "202201",
                    8
                ]
            ],
            "rank_gap":-9
        },
        {
            "index":103,
            "아파트명":"지오베르크",
            "투자타입":"일반",
            "전용면적(m2)":"95.71",
            "전용면적(평)":"28평",
            "법정동주소":"서울시 용산구 문배동 17-1",
            "도로명주소":"서울시 용산구 백범로 346",
            "세대수":0,
            "입주년차":40,
            "용적률점수":"--",
            "건폐율점수":"--",
            "세대당주차수":60,
            "난방방식":30,
            "공급면적":"--",
            "전용률":"--",
            "욕실수":100,
            "현관타입":100,
            "주거총점":40.0,
            "지역구공급총점":100.0,
            "역세권":80,
            "30분내 이동가능 거점":100,
            "1시간내 이동가능 거점":100,
            "교통총점":90.0,
            "백화점":100,
            "아울렛몰":100,
            "대형마트":80,
            "은행":20,
            "병원":0,
            "종합병원":100,
            "공원":100,
            "혐오시설":0,
            "인프라총점":77.0,
            "초등학군":89.97,
            "중학군":44.52,
            "학군총점":53.61,
            "인구수":24.63,
            "인구증감":-10.92,
            "인구총점":13.965,
            "일자리":21.14,
            "소득수준":78.32,
            "일자리총점":38.294,
            "가치 총점":70.6415,
            "매매실거래년":20210830.0,
            "매매실거래가":129000.0,
            "전세실거래년":20210925.0,
            "전세실거래가":47250.0,
            "전세가율":41.09,
            "장기전세가율평균":52.28,
            "전세가율거품지수":11.19,
            "검색코드":14391,
            "세대수":72.0,
            "준공년월":"2004-12-30",
            "준공년차":19.0,
            "가까운역이름":"효창공원앞",
            "가까운역거리":411.61,
            "역세권여부":"역세권",
            "30분이내주요거점역":5,
            "30분거점역이름":"['강남', '여의도', '을지로3가', '홍대입구', '명동']",
            "1시간이내주요거점역":21,
            "1시간거점역이름":"['강남', '역삼', '잠실', '판교', '여의도', '을지로3가', '양재', '정자', '수원시청', '평촌', '가산디지털단지', '왕십리', '홍대입구', '수원', '구로디지털단지', '명동', '서현', '대화', '마곡', 'GTX킨텍스(2023년)', 'GTX성남(2023년)']",
            "3km이내백화점수":1,
            "5km이내아울렛몰수":2,
            "1km이내대형먀트수":1,
            "500m이내은행수":2,
            "500m이내병원수":0,
            "5km이내대형병원수":10,
            "500m이내공원수":5,
            "3km이내혐오시설수":0,
            "초등학교학업성취도":89.97,
            "중학교학업성취도":73.0,
            "용적률":563,
            "건폐율":59,
            "Y":37.537426,
            "X":126.967249,
            "rank":15.0,
            "area_info":"28평(95.71), 28평(95.61), 32평(106.88), 32평(106.88), 32평(106.82), 32평(106.82)",
            "last_sales":"2021-08-30,129000.0,32평(106.82)",
            "rank_history":[
                [
                    "202203",
                    15
                ],
                [
                    "202202",
                    9999
                ]
            ],
            "rank_gap":9999
        },
        {
            "index":445,
            "아파트명":"한강대우",
            "투자타입":"일반",
            "전용면적(m2)":"81.81",
            "전용면적(평)":"24평",
            "법정동주소":"서울시 용산구 이촌동 415",
            "도로명주소":"서울시 용산구 이촌로 181",
            "세대수":80,
            "입주년차":20,
            "용적률점수":"--",
            "건폐율점수":"--",
            "세대당주차수":60,
            "난방방식":100,
            "공급면적":"--",
            "전용률":"--",
            "욕실수":50,
            "현관타입":100,
            "주거총점":66.0,
            "지역구공급총점":100.0,
            "역세권":80,
            "30분내 이동가능 거점":100,
            "1시간내 이동가능 거점":100,
            "교통총점":90.0,
            "백화점":0,
            "아울렛몰":80,
            "대형마트":80,
            "은행":100,
            "병원":0,
            "종합병원":100,
            "공원":100,
            "혐오시설":0,
            "인프라총점":53.0,
            "초등학군":89.96,
            "중학군":57.42,
            "학군총점":63.928,
            "인구수":24.63,
            "인구증감":-10.92,
            "인구총점":13.965,
            "일자리":21.14,
            "소득수준":78.32,
            "일자리총점":38.294,
            "가치 총점":70.1892,
            "매매실거래년":20210708.0,
            "매매실거래가":243000.0,
            "전세실거래년":20211229.0,
            "전세실거래가":55125.0,
            "전세가율":32.81,
            "장기전세가율평균":52.28,
            "전세가율거품지수":19.47,
            "검색코드":767,
            "세대수":834.0,
            "준공년월":"2000-03-31",
            "준공년차":23.0,
            "가까운역이름":"이촌",
            "가까운역거리":250.56,
            "역세권여부":"역세권",
            "30분이내주요거점역":6,
            "30분거점역이름":"['강남', '여의도', '을지로3가', '왕십리', '홍대입구', '명동']",
            "1시간이내주요거점역":19,
            "1시간거점역이름":"['강남', '역삼', '잠실', '판교', '여의도', '을지로3가', '양재', '정자', '수원시청', '평촌', '가산디지털단지', '왕십리', '홍대입구', '수원', '구로디지털단지', '명동', '대화', '마곡', 'GTX성남(2023년)']",
            "3km이내백화점수":0,
            "5km이내아울렛몰수":1,
            "1km이내대형먀트수":1,
            "500m이내은행수":6,
            "500m이내병원수":0,
            "5km이내대형병원수":7,
            "500m이내공원수":7,
            "3km이내혐오시설수":0,
            "초등학교학업성취도":89.96,
            "중학교학업성취도":90.9,
            "용적률":355,
            "건폐율":26,
            "Y":37.522454,
            "X":126.970702,
            "rank":16.0,
            "area_info":"24평(81.81), 24평(81.6), 33평(109.26), 33평(109.56), 35평(117.13), 49평(163.34), 49평(164.89), 49평(165.08), 50평(166.73)",
            "last_sales":"2021-07-08,243000.0,50평(166.73)",
            "rank_history":[
                [
                    "202203",
                    16
                ],
                [
                    "202202",
                    37
                ],
                [
                    "202201",
                    34
                ]
            ],
            "rank_gap":21
        },
        {
            "index":891,
            "아파트명":"용산KCC스위첸",
            "투자타입":"일반",
            "전용면적(m2)":"80.1",
            "전용면적(평)":"24평",
            "법정동주소":"서울시 용산구 효창동 286",
            "도로명주소":"서울시 용산구 백범로 275",
            "세대수":0,
            "입주년차":80,
            "용적률점수":"--",
            "건폐율점수":"--",
            "세대당주차수":30,
            "난방방식":30,
            "공급면적":"--",
            "전용률":"--",
            "욕실수":100,
            "현관타입":100,
            "주거총점":43.5,
            "지역구공급총점":100.0,
            "역세권":80,
            "30분내 이동가능 거점":100,
            "1시간내 이동가능 거점":100,
            "교통총점":90.0,
            "백화점":100,
            "아울렛몰":80,
            "대형마트":80,
            "은행":0,
            "병원":0,
            "종합병원":100,
            "공원":100,
            "혐오시설":0,
            "인프라총점":73.0,
            "초등학군":89.96,
            "중학군":44.52,
            "학군총점":53.608,
            "인구수":24.63,
            "인구증감":-10.92,
            "인구총점":13.965,
            "일자리":21.14,
            "소득수준":78.32,
            "일자리총점":38.294,
            "가치 총점":70.1412,
            "매매실거래년":20210918.0,
            "매매실거래가":134500.0,
            "전세실거래년":20211226.0,
            "전세실거래가":80000.0,
            "전세가율":58.18,
            "장기전세가율평균":52.28,
            "전세가율거품지수":-5.9,
            "검색코드":113771,
            "세대수":199.0,
            "준공년월":"2018-09-21",
            "준공년차":5.0,
            "가까운역이름":"효창공원앞",
            "가까운역거리":345.57,
            "역세권여부":"역세권",
            "30분이내주요거점역":5,
            "30분거점역이름":"['여의도', '을지로3가', '왕십리', '홍대입구', '명동']",
            "1시간이내주요거점역":19,
            "1시간거점역이름":"['강남', '역삼', '잠실', '판교', '여의도', '을지로3가', '양재', '수원시청', '평촌', '가산디지털단지', '왕십리', '홍대입구', '수원', '구로디지털단지', '명동', '대화', '마곡', 'GTX킨텍스(2023년)', 'GTX성남(2023년)']",
            "3km이내백화점수":2,
            "5km이내아울렛몰수":1,
            "1km이내대형먀트수":1,
            "500m이내은행수":1,
            "500m이내병원수":0,
            "5km이내대형병원수":12,
            "500m이내공원수":2,
            "3km이내혐오시설수":0,
            "초등학교학업성취도":89.96,
            "중학교학업성취도":73.0,
            "용적률":235,
            "건폐율":25,
            "Y":37.540743,
            "X":126.959979,
            "rank":17.0,
            "area_info":"24평(80.1), 24평(80.75), 25평(83.42), 25평(83.87), 34평(112.4), 34평(113.93)",
            "last_sales":"2021-09-18,134500.0,25평(83.87)",
            "rank_history":[
                [
                    "202203",
                    17
                ],
                [
                    "202202",
                    22
                ],
                [
                    "202201",
                    24
                ]
            ],
            "rank_gap":5
        },
        {
            "index":703,
            "아파트명":"한남더힐",
            "투자타입":"일반",
            "전용면적(m2)":"87.05",
            "전용면적(평)":"26평",
            "법정동주소":"서울시 용산구 한남동 810",
            "도로명주소":"서울시 용산구 독서당로 111",
            "세대수":50,
            "입주년차":60,
            "용적률점수":"--",
            "건폐율점수":"--",
            "세대당주차수":100,
            "난방방식":30,
            "공급면적":"--",
            "전용률":"--",
            "욕실수":100,
            "현관타입":100,
            "주거총점":67.5,
            "지역구공급총점":100.0,
            "역세권":50,
            "30분내 이동가능 거점":100,
            "1시간내 이동가능 거점":100,
            "교통총점":75.0,
            "백화점":100,
            "아울렛몰":100,
            "대형마트":0,
            "은행":100,
            "병원":0,
            "종합병원":100,
            "공원":100,
            "혐오시설":0,
            "인프라총점":73.0,
            "초등학군":89.98,
            "중학군":47.54,
            "학군총점":56.028,
            "인구수":24.63,
            "인구증감":-10.92,
            "인구총점":13.965,
            "일자리":21.14,
            "소득수준":78.32,
            "일자리총점":38.294,
            "가치 총점":70.0542,
            "매매실거래년":20211222.0,
            "매매실거래가":270000.0,
            "전세실거래년":20220221.0,
            "전세실거래가":200000.0,
            "전세가율":74.07,
            "장기전세가율평균":52.28,
            "전세가율거품지수":-21.79,
            "검색코드":102737,
            "세대수":600.0,
            "준공년월":"2011-01-07",
            "준공년차":12.0,
            "가까운역이름":"한강진",
            "가까운역거리":758.46,
            "역세권여부":"준역세권",
            "30분이내주요거점역":6,
            "30분거점역이름":"['강남', '역삼', '을지로3가', '양재', '왕십리', '명동']",
            "1시간이내주요거점역":16,
            "1시간거점역이름":"['강남', '역삼', '잠실', '판교', '여의도', '을지로3가', '양재', '정자', '평촌', '가산디지털단지', '왕십리', '홍대입구', '구로디지털단지', '명동', '서현', 'GTX성남(2023년)']",
            "3km이내백화점수":2,
            "5km이내아울렛몰수":2,
            "1km이내대형먀트수":0,
            "500m이내은행수":7,
            "500m이내병원수":0,
            "5km이내대형병원수":8,
            "500m이내공원수":2,
            "3km이내혐오시설수":0,
            "초등학교학업성취도":89.98,
            "중학교학업성취도":78.9,
            "용적률":120,
            "건폐율":29,
            "Y":37.537322,
            "X":127.009784,
            "rank":18.0,
            "area_info":"26평(87.05), 26평(87.56), 65평(215.25), 74평(246.38), 81평(268.54), 85평(284.21), 91평(302.53), 91평(302.99), 91평(303.2), 100평(330.58), 100평(331.11), 100평(332.12), 100평(332.81)",
            "last_sales":"2021-12-22,270000.0,26평(87.05)",
            "rank_history":[
                [
                    "202203",
                    18
                ],
                [
                    "202202",
                    3
                ],
                [
                    "202201",
                    4
                ]
            ],
            "rank_gap":-15
        },
        {
            "index":367,
            "아파트명":"래미안첼리투스",
            "투자타입":"일반",
            "전용면적(m2)":"165.73",
            "전용면적(평)":"50평",
            "법정동주소":"서울시 용산구 이촌동 436",
            "도로명주소":"서울시 용산구 이촌로 310",
            "세대수":50,
            "입주년차":80,
            "용적률점수":"--",
            "건폐율점수":"--",
            "세대당주차수":100,
            "난방방식":100,
            "공급면적":"--",
            "전용률":"--",
            "욕실수":100,
            "현관타입":100,
            "주거총점":78.5,
            "지역구공급총점":100.0,
            "역세권":50,
            "30분내 이동가능 거점":100,
            "1시간내 이동가능 거점":100,
            "교통총점":75.0,
            "백화점":100,
            "아울렛몰":80,
            "대형마트":0,
            "은행":0,
            "병원":0,
            "종합병원":100,
            "공원":100,
            "혐오시설":0,
            "인프라총점":61.0,
            "초등학군":89.96,
            "중학군":57.42,
            "학군총점":63.928,
            "인구수":24.63,
            "인구증감":-10.92,
            "인구총점":13.965,
            "일자리":21.14,
            "소득수준":78.32,
            "일자리총점":38.294,
            "가치 총점":69.8392,
            "매매실거래년":20220108.0,
            "매매실거래가":509998.0,
            "전세실거래년":20220129.0,
            "전세실거래가":147000.0,
            "전세가율":28.82,
            "장기전세가율평균":52.28,
            "전세가율거품지수":23.46,
            "검색코드":108392,
            "세대수":460.0,
            "준공년월":"2015-07-30",
            "준공년차":8.0,
            "가까운역이름":"서빙고",
            "가까운역거리":787.58,
            "역세권여부":"준역세권",
            "30분이내주요거점역":5,
            "30분거점역이름":"['강남', '여의도', '을지로3가', '왕십리', '명동']",
            "1시간이내주요거점역":18,
            "1시간거점역이름":"['강남', '역삼', '잠실', '판교', '여의도', '을지로3가', '양재', '정자', '수원시청', '평촌', '가산디지털단지', '왕십리', '홍대입구', '수원', '구로디지털단지', '명동', '마곡', 'GTX성남(2023년)']",
            "3km이내백화점수":1,
            "5km이내아울렛몰수":1,
            "1km이내대형먀트수":0,
            "500m이내은행수":0,
            "500m이내병원수":0,
            "5km이내대형병원수":5,
            "500m이내공원수":4,
            "3km이내혐오시설수":0,
            "초등학교학업성취도":89.96,
            "중학교학업성취도":90.9,
            "용적률":328,
            "건폐율":26,
            "Y":37.517254,
            "X":126.979971,
            "rank":19.0,
            "area_info":"50평(165.73), 50평(165.44), 50평(166.17)",
            "last_sales":"2022-01-08,509998.0,50평(165.73)",
            "rank_history":[
                [
                    "202203",
                    19
                ],
                [
                    "202202",
                    38
                ],
                [
                    "202201",
                    39
                ]
            ],
            "rank_gap":19
        },
        {
            "index":98,
            "아파트명":"용산이안프리미어",
            "투자타입":"일반",
            "전용면적(m2)":"112.03",
            "전용면적(평)":"33평",
            "법정동주소":"서울시 용산구 문배동 3-3",
            "도로명주소":"서울시 용산구 청파로 213",
            "세대수":0,
            "입주년차":40,
            "용적률점수":"--",
            "건폐율점수":"--",
            "세대당주차수":80,
            "난방방식":30,
            "공급면적":"--",
            "전용률":"--",
            "욕실수":100,
            "현관타입":50,
            "주거총점":38.0,
            "지역구공급총점":100.0,
            "역세권":80,
            "30분내 이동가능 거점":100,
            "1시간내 이동가능 거점":100,
            "교통총점":90.0,
            "백화점":100,
            "아울렛몰":100,
            "대형마트":0,
            "은행":100,
            "병원":0,
            "종합병원":100,
            "공원":100,
            "혐오시설":0,
            "인프라총점":73.0,
            "초등학군":89.97,
            "중학군":48.52,
            "학군총점":56.81,
            "인구수":24.63,
            "인구증감":-10.92,
            "인구총점":13.965,
            "일자리":21.14,
            "소득수준":78.32,
            "일자리총점":38.294,
            "가치 총점":69.5215,
            "매매실거래년":20210807.0,
            "매매실거래가":144000.0,
            "전세실거래년":20211227.0,
            "전세실거래가":85000.0,
            "전세가율":59.03,
            "장기전세가율평균":52.28,
            "전세가율거품지수":-6.75,
            "검색코드":17483,
            "세대수":188.0,
            "준공년월":"2007-07-24",
            "준공년차":16.0,
            "가까운역이름":"남영",
            "가까운역거리":229.24,
            "역세권여부":"역세권",
            "30분이내주요거점역":5,
            "30분거점역이름":"['여의도', '을지로3가', '홍대입구', '구로디지털단지', '명동']",
            "1시간이내주요거점역":20,
            "1시간거점역이름":"['강남', '역삼', '잠실', '판교', '여의도', '을지로3가', '양재', '정자', '수원시청', '평촌', '가산디지털단지', '왕십리', '홍대입구', '수원', '구로디지털단지', '명동', '서현', '마곡', 'GTX킨텍스(2023년)', 'GTX성남(2023년)']",
            "3km이내백화점수":1,
            "5km이내아울렛몰수":2,
            "1km이내대형먀트수":0,
            "500m이내은행수":5,
            "500m이내병원수":0,
            "5km이내대형병원수":9,
            "500m이내공원수":6,
            "3km이내혐오시설수":0,
            "초등학교학업성취도":89.97,
            "중학교학업성취도":80.4,
            "용적률":773,
            "건폐율":40,
            "Y":37.538652,
            "X":126.970367,
            "rank":20.0,
            "area_info":"33평(112.03), 43평(143.73), 43평(144.67), 43평(145.2)",
            "last_sales":"2021-08-07,144000.0,33평(112.03)",
            "rank_history":[
                [
                    "202203",
                    20
                ],
                [
                    "202202",
                    15
                ],
                [
                    "202201",
                    6
                ]
            ],
            "rank_gap":-5
        },
        {
            "index":573,
            "아파트명":"용산시티파크1단지",
            "투자타입":"일반",
            "전용면적(m2)":"137.7",
            "전용면적(평)":"41평",
            "법정동주소":"서울시 용산구 한강로3가 63-389",
            "도로명주소":"서울시 용산구 서빙고로 35",
            "세대수":50,
            "입주년차":40,
            "용적률점수":"--",
            "건폐율점수":"--",
            "세대당주차수":60,
            "난방방식":80,
            "공급면적":"--",
            "전용률":"--",
            "욕실수":100,
            "현관타입":100,
            "주거총점":62.5,
            "지역구공급총점":100.0,
            "역세권":80,
            "30분내 이동가능 거점":100,
            "1시간내 이동가능 거점":100,
            "교통총점":90.0,
            "백화점":0,
            "아울렛몰":80,
            "대형마트":80,
            "은행":100,
            "병원":0,
            "종합병원":100,
            "공원":100,
            "혐오시설":0,
            "인프라총점":53.0,
            "초등학군":89.97,
            "중학군":57.42,
            "학군총점":63.93,
            "인구수":24.63,
            "인구증감":-10.92,
            "인구총점":13.965,
            "일자리":21.14,
            "소득수준":78.32,
            "일자리총점":38.294,
            "가치 총점":69.4895,
            "매매실거래년":20210915.0,
            "매매실거래가":550000.0,
            "전세실거래년":20200729.0,
            "전세실거래가":95000.0,
            "전세가율":45.24,
            "장기전세가율평균":52.28,
            "전세가율거품지수":7.04,
            "검색코드":17865,
            "세대수":421.0,
            "준공년월":"2007-08-21",
            "준공년차":16.0,
            "가까운역이름":"신용산",
            "가까운역거리":465.03,
            "역세권여부":"역세권",
            "30분이내주요거점역":5,
            "30분거점역이름":"['여의도', '을지로3가', '왕십리', '홍대입구', '명동']",
            "1시간이내주요거점역":18,
            "1시간거점역이름":"['강남', '역삼', '잠실', '판교', '여의도', '을지로3가', '양재', '정자', '수원시청', '평촌', '가산디지털단지', '왕십리', '홍대입구', '수원', '구로디지털단지', '명동', '마곡', 'GTX성남(2023년)']",
            "3km이내백화점수":0,
            "5km이내아울렛몰수":1,
            "1km이내대형먀트수":1,
            "500m이내은행수":8,
            "500m이내병원수":0,
            "5km이내대형병원수":9,
            "500m이내공원수":4,
            "3km이내혐오시설수":0,
            "초등학교학업성취도":89.97,
            "중학교학업성취도":90.9,
            "용적률":548,
            "건폐율":29,
            "Y":37.525255,
            "X":126.969487,
            "rank":21.0,
            "area_info":"41평(137.7), 42평(140.28), 52평(172.91), 52평(174.83), 53평(176.74), 53평(176.77), 64평(214.11), 66평(219.39), 85평(281.03), 88평(292.2)",
            "last_sales":"2021-09-15,550000.0,88평(292.2)",
            "rank_history":[
                [
                    "202203",
                    21
                ],
                [
                    "202202",
                    36
                ],
                [
                    "202201",
                    33
                ]
            ],
            "rank_gap":15
        },
        {
            "index":76,
            "아파트명":"용산아크로타워",
            "투자타입":"일반",
            "전용면적(m2)":"103.12",
            "전용면적(평)":"31평",
            "법정동주소":"서울시 용산구 문배동 24-21",
            "도로명주소":"서울시 용산구 백범로90길 26",
            "세대수":0,
            "입주년차":40,
            "용적률점수":"--",
            "건폐율점수":"--",
            "세대당주차수":80,
            "난방방식":30,
            "공급면적":"--",
            "전용률":"--",
            "욕실수":100,
            "현관타입":100,
            "주거총점":43.0,
            "지역구공급총점":100.0,
            "역세권":80,
            "30분내 이동가능 거점":80,
            "1시간내 이동가능 거점":100,
            "교통총점":84.0,
            "백화점":100,
            "아울렛몰":100,
            "대형마트":80,
            "은행":20,
            "병원":0,
            "종합병원":100,
            "공원":100,
            "혐오시설":0,
            "인프라총점":77.0,
            "초등학군":89.97,
            "중학군":44.52,
            "학군총점":53.61,
            "인구수":24.63,
            "인구증감":-10.92,
            "인구총점":13.965,
            "일자리":21.14,
            "소득수준":78.32,
            "일자리총점":38.294,
            "가치 총점":69.1415,
            "매매실거래년":20210910.0,
            "매매실거래가":145000.0,
            "전세실거래년":20220207.0,
            "전세실거래가":53000.0,
            "전세가율":36.55,
            "장기전세가율평균":52.28,
            "전세가율거품지수":15.73,
            "검색코드":18792,
            "세대수":208.0,
            "준공년월":"2007-01-22",
            "준공년차":16.0,
            "가까운역이름":"삼각지",
            "가까운역거리":481.95,
            "역세권여부":"역세권",
            "30분이내주요거점역":4,
            "30분거점역이름":"['여의도', '을지로3가', '홍대입구', '명동']",
            "1시간이내주요거점역":20,
            "1시간거점역이름":"['강남', '역삼', '잠실', '판교', '여의도', '을지로3가', '양재', '정자', '수원시청', '평촌', '가산디지털단지', '왕십리', '홍대입구', '수원', '구로디지털단지', '명동', '대화', '마곡', 'GTX킨텍스(2023년)', 'GTX성남(2023년)']",
            "3km이내백화점수":1,
            "5km이내아울렛몰수":2,
            "1km이내대형먀트수":1,
            "500m이내은행수":2,
            "500m이내병원수":0,
            "5km이내대형병원수":10,
            "500m이내공원수":6,
            "3km이내혐오시설수":0,
            "초등학교학업성취도":89.97,
            "중학교학업성취도":73.0,
            "용적률":538,
            "건폐율":22,
            "Y":37.53686,
            "X":126.968389,
            "rank":22.0,
            "area_info":"31평(103.12), 46평(153.27)",
            "last_sales":"2021-09-10,145000.0,31평(103.12)",
            "rank_history":[
                [
                    "202203",
                    22
                ],
                [
                    "202202",
                    13
                ],
                [
                    "202201",
                    13
                ]
            ],
            "rank_gap":-9
        },
        {
            "index":109,
            "아파트명":"프라임팰리스(도시형)",
            "투자타입":"일반",
            "전용면적(m2)":"25.74",
            "전용면적(평)":"7평",
            "법정동주소":"서울시 용산구 문배동 24-8",
            "도로명주소":"서울시 용산구 백범로90길 38",
            "세대수":0,
            "입주년차":60,
            "용적률점수":"--",
            "건폐율점수":"--",
            "세대당주차수":0,
            "난방방식":30,
            "공급면적":"--",
            "전용률":"--",
            "욕실수":50,
            "현관타입":100,
            "주거총점":30.0,
            "지역구공급총점":100.0,
            "역세권":80,
            "30분내 이동가능 거점":100,
            "1시간내 이동가능 거점":100,
            "교통총점":90.0,
            "백화점":100,
            "아울렛몰":100,
            "대형마트":80,
            "은행":20,
            "병원":0,
            "종합병원":100,
            "공원":100,
            "혐오시설":0,
            "인프라총점":77.0,
            "초등학군":89.97,
            "중학군":48.52,
            "학군총점":56.81,
            "인구수":24.63,
            "인구증감":-10.92,
            "인구총점":13.965,
            "일자리":21.14,
            "소득수준":78.32,
            "일자리총점":38.294,
            "가치 총점":69.1215,
            "매매실거래년":20220129.0,
            "매매실거래가":15500.0,
            "전세실거래년":20210713.0,
            "전세실거래가":15700.0,
            "전세가율":94.01,
            "장기전세가율평균":52.28,
            "전세가율거품지수":-41.73,
            "검색코드":103226,
            "세대수":81.0,
            "준공년월":"2012-12-31",
            "준공년차":11.0,
            "가까운역이름":"삼각지",
            "가까운역거리":387.39,
            "역세권여부":"역세권",
            "30분이내주요거점역":5,
            "30분거점역이름":"['여의도', '을지로3가', '왕십리', '홍대입구', '명동']",
            "1시간이내주요거점역":18,
            "1시간거점역이름":"['강남', '역삼', '잠실', '판교', '여의도', '을지로3가', '양재', '수원시청', '평촌', '가산디지털단지', '왕십리', '홍대입구', '수원', '구로디지털단지', '명동', '마곡', 'GTX킨텍스(2023년)', 'GTX성남(2023년)']",
            "3km이내백화점수":1,
            "5km이내아울렛몰수":2,
            "1km이내대형먀트수":1,
            "500m이내은행수":2,
            "500m이내병원수":0,
            "5km이내대형병원수":10,
            "500m이내공원수":6,
            "3km이내혐오시설수":0,
            "초등학교학업성취도":89.97,
            "중학교학업성취도":80.4,
            "용적률":731,
            "건폐율":59,
            "Y":37.536699,
            "X":126.969579,
            "rank":23.0,
            "area_info":"7평(25.74), 7평(26.09), 12평(40.76), 12평(40.87)",
            "last_sales":"2022-01-29,15500.0,7평(26.09)",
            "rank_history":[
                [
                    "202203",
                    23
                ],
                [
                    "202202",
                    9999
                ]
            ],
            "rank_gap":9999
        },
        {
            "index":927,
            "아파트명":"브라운스톤남산",
            "투자타입":"일반",
            "전용면적(m2)":"183.19",
            "전용면적(평)":"55평",
            "법정동주소":"서울시 용산구 후암동 458",
            "도로명주소":"서울시 용산구 후암로 65",
            "세대수":0,
            "입주년차":40,
            "용적률점수":"--",
            "건폐율점수":"--",
            "세대당주차수":100,
            "난방방식":30,
            "공급면적":"--",
            "전용률":"--",
            "욕실수":100,
            "현관타입":100,
            "주거총점":46.0,
            "지역구공급총점":100.0,
            "역세권":50,
            "30분내 이동가능 거점":100,
            "1시간내 이동가능 거점":100,
            "교통총점":75.0,
            "백화점":100,
            "아울렛몰":100,
            "대형마트":80,
            "은행":100,
            "병원":0,
            "종합병원":100,
            "공원":100,
            "혐오시설":0,
            "인프라총점":85.0,
            "초등학군":89.99,
            "중학군":45.24,
            "학군총점":54.19,
            "인구수":24.63,
            "인구증감":-10.92,
            "인구총점":13.965,
            "일자리":21.14,
            "소득수준":78.32,
            "일자리총점":38.294,
            "가치 총점":69.0785,
            "매매실거래년":20200713.0,
            "매매실거래가":139000.0,
            "전세실거래년":20210507.0,
            "전세실거래가":70000.0,
            "전세가율":82.35,
            "장기전세가율평균":52.28,
            "전세가율거품지수":-30.07,
            "검색코드":14379,
            "세대수":90.0,
            "준공년월":"2004-08-24",
            "준공년차":19.0,
            "가까운역이름":"서울",
            "가까운역거리":728.64,
            "역세권여부":"준역세권",
            "30분이내주요거점역":5,
            "30분거점역이름":"['여의도', '을지로3가', '왕십리', '홍대입구', '명동']",
            "1시간이내주요거점역":19,
            "1시간거점역이름":"['강남', '역삼', '잠실', '판교', '여의도', '을지로3가', '양재', '정자', '수원시청', '평촌', '가산디지털단지', '왕십리', '홍대입구', '수원', '구로디지털단지', '명동', '서현', '마곡', 'GTX성남(2023년)']",
            "3km이내백화점수":2,
            "5km이내아울렛몰수":2,
            "1km이내대형먀트수":1,
            "500m이내은행수":6,
            "500m이내병원수":0,
            "5km이내대형병원수":9,
            "500m이내공원수":4,
            "3km이내혐오시설수":0,
            "초등학교학업성취도":89.99,
            "중학교학업성취도":74.4,
            "용적률":168,
            "건폐율":36,
            "Y":37.551733,
            "X":126.976343,
            "rank":24.0,
            "area_info":"55평(183.19), 55평(184.32), 55평(184.06), 56평(187.77), 56평(187.77), 56평(187.87), 57평(188.89), 57평(189.98), 57평(189.98)",
            "last_sales":"2020-07-13,139000.0,57평(189.98)",
            "rank_history":[
                [
                    "202203",
                    24
                ],
                [
                    "202202",
                    9999
                ]
            ],
            "rank_gap":9999
        },
        {
            "index":415,
            "아파트명":"이촌코오롱",
            "투자타입":"일반",
            "전용면적(m2)":"87.03",
            "전용면적(평)":"26평",
            "법정동주소":"서울시 용산구 이촌동 412",
            "도로명주소":"서울시 용산구 이촌로87길 21",
            "세대수":80,
            "입주년차":20,
            "용적률점수":"--",
            "건폐율점수":"--",
            "세대당주차수":0,
            "난방방식":100,
            "공급면적":"--",
            "전용률":"--",
            "욕실수":50,
            "현관타입":10,
            "주거총점":48.0,
            "지역구공급총점":100.0,
            "역세권":80,
            "30분내 이동가능 거점":100,
            "1시간내 이동가능 거점":100,
            "교통총점":90.0,
            "백화점":100,
            "아울렛몰":80,
            "대형마트":0,
            "은행":0,
            "병원":0,
            "종합병원":100,
            "공원":100,
            "혐오시설":0,
            "인프라총점":61.0,
            "초등학군":89.96,
            "중학군":57.42,
            "학군총점":63.928,
            "인구수":24.63,
            "인구증감":-10.92,
            "인구총점":13.965,
            "일자리":21.14,
            "소득수준":78.32,
            "일자리총점":38.294,
            "가치 총점":68.9892,
            "매매실거래년":20210920.0,
            "매매실거래가":227000.0,
            "전세실거래년":20220126.0,
            "전세실거래가":58000.0,
            "전세가율":32.22,
            "장기전세가율평균":52.28,
            "전세가율거품지수":20.06,
            "검색코드":892,
            "세대수":834.0,
            "준공년월":"1999-11-01",
            "준공년차":24.0,
            "가까운역이름":"이촌",
            "가까운역거리":486.49,
            "역세권여부":"역세권",
            "30분이내주요거점역":5,
            "30분거점역이름":"['여의도', '을지로3가', '왕십리', '홍대입구', '명동']",
            "1시간이내주요거점역":16,
            "1시간거점역이름":"['강남', '역삼', '잠실', '여의도', '을지로3가', '양재', '수원시청', '평촌', '가산디지털단지', '왕십리', '홍대입구', '수원', '구로디지털단지', '명동', '마곡', 'GTX성남(2023년)']",
            "3km이내백화점수":1,
            "5km이내아울렛몰수":1,
            "1km이내대형먀트수":0,
            "500m이내은행수":0,
            "500m이내병원수":0,
            "5km이내대형병원수":4,
            "500m이내공원수":4,
            "3km이내혐오시설수":0,
            "초등학교학업성취도":89.96,
            "중학교학업성취도":90.9,
            "용적률":0,
            "건폐율":0,
            "Y":37.520277,
            "X":126.978357,
            "rank":25.0,
            "area_info":"26평(87.03), 26평(87.59), 32평(107.18), 32평(107.17), 43평(145.0)",
            "last_sales":"2021-09-20,227000.0,32평(107.17)",
            "rank_history":[
                [
                    "202203",
                    25
                ],
                [
                    "202202",
                    40
                ],
                [
                    "202201",
                    41
                ]
            ],
            "rank_gap":15
        },
        {
            "index":755,
            "아파트명":"한남해피트리",
            "투자타입":"일반",
            "전용면적(m2)":"82.17",
            "전용면적(평)":"24평",
            "법정동주소":"서울시 용산구 한남동 827",
            "도로명주소":"서울시 용산구 한남대로27길 60",
            "세대수":0,
            "입주년차":80,
            "용적률점수":"--",
            "건폐율점수":"--",
            "세대당주차수":30,
            "난방방식":30,
            "공급면적":"--",
            "전용률":"--",
            "욕실수":100,
            "현관타입":100,
            "주거총점":43.5,
            "지역구공급총점":100.0,
            "역세권":80,
            "30분내 이동가능 거점":100,
            "1시간내 이동가능 거점":100,
            "교통총점":90.0,
            "백화점":100,
            "아울렛몰":100,
            "대형마트":0,
            "은행":70,
            "병원":0,
            "종합병원":100,
            "공원":0,
            "혐오시설":0,
            "인프라총점":67.0,
            "초등학군":89.98,
            "중학군":47.54,
            "학군총점":56.028,
            "인구수":24.63,
            "인구증감":-10.92,
            "인구총점":13.965,
            "일자리":21.14,
            "소득수준":78.32,
            "일자리총점":38.294,
            "가치 총점":68.7042,
            "매매실거래년":20191020.0,
            "매매실거래가":105000.0,
            "전세실거래년":null,
            "전세실거래가":null,
            "전세가율":null,
            "장기전세가율평균":52.28,
            "전세가율거품지수":null,
            "검색코드":114111,
            "세대수":68.0,
            "준공년월":"2016-09-29",
            "준공년차":7.0,
            "가까운역이름":"한강진",
            "가까운역거리":139.3,
            "역세권여부":"역세권",
            "30분이내주요거점역":8,
            "30분거점역이름":"['강남', '역삼', '여의도', '을지로3가', '양재', '왕십리', '홍대입구', '명동']",
            "1시간이내주요거점역":19,
            "1시간거점역이름":"['강남', '역삼', '잠실', '판교', '여의도', '을지로3가', '양재', '정자', '평촌', '가산디지털단지', '왕십리', '홍대입구', '수원', '구로디지털단지', '명동', '서현', '마곡', 'GTX킨텍스(2023년)', 'GTX성남(2023년)']",
            "3km이내백화점수":1,
            "5km이내아울렛몰수":2,
            "1km이내대형먀트수":0,
            "500m이내은행수":3,
            "500m이내병원수":0,
            "5km이내대형병원수":10,
            "500m이내공원수":0,
            "3km이내혐오시설수":0,
            "초등학교학업성취도":89.98,
            "중학교학업성취도":78.9,
            "용적률":198,
            "건폐율":37,
            "Y":37.53954,
            "X":127.003313,
            "rank":26.0,
            "area_info":"24평(82.17), 25평(83.55), 25평(84.47), 25평(84.95), 25평(85.53), 25평(85.03), 25평(85.93), 26평(86.32)",
            "last_sales":"2019-10-20,105000.0,26평(86.32)",
            "rank_history":[
                [
                    "202203",
                    26
                ],
                [
                    "202202",
                    9999
                ]
            ],
            "rank_gap":9999
        },
        {
            "index":853,
            "아파트명":"현대리버티하우스",
            "투자타입":"일반",
            "전용면적(m2)":"97.37",
            "전용면적(평)":"29평",
            "법정동주소":"서울시 용산구 한남동 258",
            "도로명주소":"서울시 용산구 독서당로 70",
            "세대수":0,
            "입주년차":20,
            "용적률점수":"--",
            "건폐율점수":"--",
            "세대당주차수":80,
            "난방방식":30,
            "공급면적":"--",
            "전용률":"--",
            "욕실수":50,
            "현관타입":100,
            "주거총점":34.0,
            "지역구공급총점":100.0,
            "역세권":80,
            "30분내 이동가능 거점":100,
            "1시간내 이동가능 거점":100,
            "교통총점":90.0,
            "백화점":100,
            "아울렛몰":100,
            "대형마트":0,
            "은행":100,
            "병원":0,
            "종합병원":100,
            "공원":80,
            "혐오시설":0,
            "인프라총점":72.4,
            "초등학군":89.98,
            "중학군":47.54,
            "학군총점":56.028,
            "인구수":24.63,
            "인구증감":-10.92,
            "인구총점":13.965,
            "일자리":21.14,
            "소득수준":78.32,
            "일자리총점":38.294,
            "가치 총점":68.4242,
            "매매실거래년":20210819.0,
            "매매실거래가":130000.0,
            "전세실거래년":null,
            "전세실거래가":null,
            "전세가율":null,
            "장기전세가율평균":52.28,
            "전세가율거품지수":null,
            "검색코드":8889,
            "세대수":80.0,
            "준공년월":"2001-02-07",
            "준공년차":22.0,
            "가까운역이름":"한남",
            "가까운역거리":469.16,
            "역세권여부":"역세권",
            "30분이내주요거점역":6,
            "30분거점역이름":"['강남', '역삼', '을지로3가', '양재', '왕십리', '명동']",
            "1시간이내주요거점역":17,
            "1시간거점역이름":"['강남', '역삼', '잠실', '판교', '여의도', '을지로3가', '양재', '정자', '평촌', '가산디지털단지', '왕십리', '홍대입구', '수원', '구로디지털단지', '명동', '서현', 'GTX성남(2023년)']",
            "3km이내백화점수":2,
            "5km이내아울렛몰수":2,
            "1km이내대형먀트수":0,
            "500m이내은행수":9,
            "500m이내병원수":0,
            "5km이내대형병원수":6,
            "500m이내공원수":1,
            "3km이내혐오시설수":0,
            "초등학교학업성취도":89.98,
            "중학교학업성취도":78.9,
            "용적률":724,
            "건폐율":59,
            "Y":37.533628,
            "X":127.00869,
            "rank":27.0,
            "area_info":"29평(97.37), 38평(125.68), 46평(154.22), 49평(164.83), 50평(168.43), 60평(198.47), 61평(204.43), 77평(255.82)",
            "last_sales":"2021-08-19,130000.0,29평(97.37)",
            "rank_history":[
                [
                    "202203",
                    27
                ],
                [
                    "202202",
                    9999
                ]
            ],
            "rank_gap":9999
        },
        {
            "index":675,
            "아파트명":"리버탑",
            "투자타입":"일반",
            "전용면적(m2)":"81.55",
            "전용면적(평)":"24평",
            "법정동주소":"서울시 용산구 한남동 802",
            "도로명주소":"서울시 용산구 독서당로6길 16",
            "세대수":0,
            "입주년차":20,
            "용적률점수":"--",
            "건폐율점수":"--",
            "세대당주차수":30,
            "난방방식":30,
            "공급면적":"--",
            "전용률":"--",
            "욕실수":50,
            "현관타입":100,
            "주거총점":26.5,
            "지역구공급총점":100.0,
            "역세권":100,
            "30분내 이동가능 거점":100,
            "1시간내 이동가능 거점":100,
            "교통총점":100.0,
            "백화점":100,
            "아울렛몰":100,
            "대형마트":0,
            "은행":70,
            "병원":0,
            "종합병원":100,
            "공원":0,
            "혐오시설":0,
            "인프라총점":67.0,
            "초등학군":89.98,
            "중학군":42.22,
            "학군총점":51.772,
            "인구수":24.63,
            "인구증감":-10.92,
            "인구총점":13.965,
            "일자리":21.14,
            "소득수준":78.32,
            "일자리총점":38.294,
            "가치 총점":68.1658,
            "매매실거래년":20210324.0,
            "매매실거래가":108000.0,
            "전세실거래년":20220118.0,
            "전세실거래가":40000.0,
            "전세가율":37.04,
            "장기전세가율평균":52.28,
            "전세가율거품지수":15.24,
            "검색코드":9522,
            "세대수":119.0,
            "준공년월":"2001-04-03",
            "준공년차":22.0,
            "가까운역이름":"한남",
            "가까운역거리":79.37,
            "역세권여부":"초역세권",
            "30분이내주요거점역":7,
            "30분거점역이름":"['강남', '역삼', '을지로3가', '양재', '왕십리', '홍대입구', '명동']",
            "1시간이내주요거점역":17,
            "1시간거점역이름":"['강남', '역삼', '잠실', '판교', '여의도', '을지로3가', '양재', '정자', '수원시청', '평촌', '가산디지털단지', '왕십리', '홍대입구', '수원', '명동', '서현', 'GTX성남(2023년)']",
            "3km이내백화점수":3,
            "5km이내아울렛몰수":2,
            "1km이내대형먀트수":0,
            "500m이내은행수":3,
            "500m이내병원수":0,
            "5km이내대형병원수":7,
            "500m이내공원수":0,
            "3km이내혐오시설수":0,
            "초등학교학업성취도":89.98,
            "중학교학업성취도":69.3,
            "용적률":0,
            "건폐율":0,
            "Y":37.529778,
            "X":127.008424,
            "rank":28.0,
            "area_info":"24평(81.55), 32평(105.8), 31평(105.73), 41평(138.46)",
            "last_sales":"2021-03-24,108000.0,24평(81.55)",
            "rank_history":[
                [
                    "202203",
                    28
                ],
                [
                    "202202",
                    11
                ],
                [
                    "202201",
                    14
                ]
            ],
            "rank_gap":-17
        },
        {
            "index":439,
            "아파트명":"한가람",
            "투자타입":"일반",
            "전용면적(m2)":"85.12",
            "전용면적(평)":"25평",
            "법정동주소":"서울시 용산구 이촌동 404",
            "도로명주소":"서울시 용산구 이촌로 201",
            "세대수":100,
            "입주년차":0,
            "용적률점수":"--",
            "건폐율점수":"--",
            "세대당주차수":30,
            "난방방식":100,
            "공급면적":"--",
            "전용률":"--",
            "욕실수":50,
            "현관타입":10,
            "주거총점":55.5,
            "지역구공급총점":100.0,
            "역세권":100,
            "30분내 이동가능 거점":100,
            "1시간내 이동가능 거점":100,
            "교통총점":100.0,
            "백화점":0,
            "아울렛몰":80,
            "대형마트":0,
            "은행":100,
            "병원":0,
            "종합병원":100,
            "공원":100,
            "혐오시설":0,
            "인프라총점":41.0,
            "초등학군":89.96,
            "중학군":57.42,
            "학군총점":63.928,
            "인구수":24.63,
            "인구증감":-10.92,
            "인구총점":13.965,
            "일자리":21.14,
            "소득수준":78.32,
            "일자리총점":38.294,
            "가치 총점":67.9892,
            "매매실거래년":20220127.0,
            "매매실거래가":188300.0,
            "전세실거래년":20220211.0,
            "전세실거래가":58400.0,
            "전세가율":31.01,
            "장기전세가율평균":52.28,
            "전세가율거품지수":21.27,
            "검색코드":867,
            "세대수":2036.0,
            "준공년월":"1998-09-18",
            "준공년차":25.0,
            "가까운역이름":"이촌",
            "가까운역거리":98.56,
            "역세권여부":"초역세권",
            "30분이내주요거점역":9,
            "30분거점역이름":"['강남', '역삼', '여의도', '을지로3가', '평촌', '왕십리', '홍대입구', '구로디지털단지', '명동']",
            "1시간이내주요거점역":18,
            "1시간거점역이름":"['강남', '역삼', '잠실', '판교', '여의도', '을지로3가', '양재', '정자', '수원시청', '평촌', '가산디지털단지', '왕십리', '홍대입구', '구로디지털단지', '명동', '대화', '마곡', 'GTX성남(2023년)']",
            "3km이내백화점수":0,
            "5km이내아울렛몰수":1,
            "1km이내대형먀트수":0,
            "500m이내은행수":6,
            "500m이내병원수":0,
            "5km이내대형병원수":6,
            "500m이내공원수":5,
            "3km이내혐오시설수":0,
            "초등학교학업성취도":89.96,
            "중학교학업성취도":90.9,
            "용적률":358,
            "건폐율":23,
            "Y":37.521885,
            "X":126.972645,
            "rank":29.0,
            "area_info":"25평(85.12), 28평(93.76), 30평(101.34), 33평(111.39), 33평(111.3), 43평(142.63)",
            "last_sales":"2022-01-27,188300.0,25평(85.12)",
            "rank_history":[
                [
                    "202203",
                    29
                ],
                [
                    "202202",
                    54
                ],
                [
                    "202201",
                    53
                ]
            ],
            "rank_gap":25
        },
        {
            "index":889,
            "아파트명":"세양청마루",
            "투자타입":"일반",
            "전용면적(m2)":"77.9",
            "전용면적(평)":"23평",
            "법정동주소":"서울시 용산구 효창동 268",
            "도로명주소":"서울시 용산구 백범로 250",
            "세대수":0,
            "입주년차":40,
            "용적률점수":"--",
            "건폐율점수":"--",
            "세대당주차수":30,
            "난방방식":30,
            "공급면적":"--",
            "전용률":"--",
            "욕실수":100,
            "현관타입":100,
            "주거총점":35.5,
            "지역구공급총점":100.0,
            "역세권":80,
            "30분내 이동가능 거점":80,
            "1시간내 이동가능 거점":100,
            "교통총점":84.0,
            "백화점":100,
            "아울렛몰":80,
            "대형마트":80,
            "은행":0,
            "병원":0,
            "종합병원":100,
            "공원":100,
            "혐오시설":0,
            "인프라총점":73.0,
            "초등학군":89.96,
            "중학군":54.82,
            "학군총점":61.848,
            "인구수":24.63,
            "인구증감":-10.92,
            "인구총점":13.965,
            "일자리":21.14,
            "소득수준":78.32,
            "일자리총점":38.294,
            "가치 총점":67.6772,
            "매매실거래년":20210629.0,
            "매매실거래가":118500.0,
            "전세실거래년":20210322.0,
            "전세실거래가":45500.0,
            "전세가율":44.17,
            "장기전세가율평균":52.28,
            "전세가율거품지수":8.11,
            "검색코드":23853,
            "세대수":66.0,
            "준공년월":"2006-03-27",
            "준공년차":17.0,
            "가까운역이름":"공덕",
            "가까운역거리":405.04,
            "역세권여부":"역세권",
            "30분이내주요거점역":4,
            "30분거점역이름":"['여의도', '을지로3가', '홍대입구', '명동']",
            "1시간이내주요거점역":19,
            "1시간거점역이름":"['강남', '역삼', '잠실', '판교', '여의도', '을지로3가', '양재', '정자', '평촌', '가산디지털단지', '왕십리', '홍대입구', '수원', '구로디지털단지', '명동', '대화', '마곡', 'GTX킨텍스(2023년)', 'GTX성남(2023년)']",
            "3km이내백화점수":1,
            "5km이내아울렛몰수":1,
            "1km이내대형먀트수":1,
            "500m이내은행수":1,
            "500m이내병원수":0,
            "5km이내대형병원수":11,
            "500m이내공원수":3,
            "3km이내혐오시설수":0,
            "초등학교학업성취도":89.96,
            "중학교학업성취도":90.3,
            "용적률":249,
            "건폐율":20,
            "Y":37.54093,
            "X":126.956881,
            "rank":30.0,
            "area_info":"23평(77.9), 33평(109.65)",
            "last_sales":"2021-06-29,118500.0,33평(109.65)",
            "rank_history":[
                [
                    "202203",
                    30
                ],
                [
                    "202202",
                    9999
                ]
            ],
            "rank_gap":9999
        },
        {
            "index":0,
            "아파트명":"도원삼성래미안",
            "투자타입":"일반",
            "전용면적(m2)":"81.58",
            "전용면적(평)":"24평",
            "법정동주소":"서울시 용산구 도원동 23",
            "도로명주소":"서울시 용산구 새창로 70",
            "세대수":90,
            "입주년차":20,
            "용적률점수":"--",
            "건폐율점수":"--",
            "세대당주차수":60,
            "난방방식":30,
            "공급면적":"--",
            "전용률":"--",
            "욕실수":50,
            "현관타입":100,
            "주거총점":62.5,
            "지역구공급총점":100.0,
            "역세권":50,
            "30분내 이동가능 거점":80,
            "1시간내 이동가능 거점":100,
            "교통총점":69.0,
            "백화점":100,
            "아울렛몰":80,
            "대형마트":80,
            "은행":0,
            "병원":0,
            "종합병원":100,
            "공원":100,
            "혐오시설":-50,
            "인프라총점":72.0,
            "초등학군":89.98,
            "중학군":54.82,
            "학군총점":61.852,
            "인구수":24.63,
            "인구증감":-10.92,
            "인구총점":13.965,
            "일자리":21.14,
            "소득수준":78.32,
            "일자리총점":38.294,
            "가치 총점":67.5278,
            "매매실거래년":20211215.0,
            "매매실거래가":70000.0,
            "전세실거래년":20220213.0,
            "전세실거래가":47250.0,
            "전세가율":67.5,
            "장기전세가율평균":52.28,
            "전세가율거품지수":-15.22,
            "검색코드":3459,
            "세대수":1458.0,
            "준공년월":"2001-08-03",
            "준공년차":22.0,
            "가까운역이름":"공덕",
            "가까운역거리":505.27,
            "역세권여부":"준역세권",
            "30분이내주요거점역":4,
            "30분거점역이름":"['여의도', '을지로3가', '홍대입구', '명동']",
            "1시간이내주요거점역":19,
            "1시간거점역이름":"['강남', '역삼', '잠실', '판교', '여의도', '을지로3가', '양재', '정자', '평촌', '가산디지털단지', '왕십리', '홍대입구', '수원', '구로디지털단지', '명동', '대화', '마곡', 'GTX킨텍스(2023년)', 'GTX성남(2023년)']",
            "3km이내백화점수":2,
            "5km이내아울렛몰수":1,
            "1km이내대형먀트수":1,
            "500m이내은행수":1,
            "500m이내병원수":0,
            "5km이내대형병원수":10,
            "500m이내공원수":3,
            "3km이내혐오시설수":1,
            "초등학교학업성취도":89.98,
            "중학교학업성취도":90.3,
            "용적률":289,
            "건폐율":20,
            "Y":37.538411,
            "X":126.955287,
            "rank":31.0,
            "area_info":"24평(81.58), 32평(108.31), 32평(108.51), 42평(142.04), 42평(142.04)",
            "last_sales":"2021-12-15,70000.0,24평(81.58)",
            "rank_history":[
                [
                    "202203",
                    31
                ],
                [
                    "202202",
                    43
                ],
                [
                    "202201",
                    44
                ]
            ],
            "rank_gap":12
        },
        {
            "index":534,
            "아파트명":"용산푸르지오써밋",
            "투자타입":"일반",
            "전용면적(m2)":"142.32",
            "전용면적(평)":"43평",
            "법정동주소":"서울시 용산구 한강로2가 420",
            "도로명주소":"서울시 용산구 한강대로 69",
            "세대수":0,
            "입주년차":80,
            "용적률점수":"--",
            "건폐율점수":"--",
            "세대당주차수":80,
            "난방방식":30,
            "공급면적":"--",
            "전용률":"--",
            "욕실수":100,
            "현관타입":100,
            "주거총점":51.0,
            "지역구공급총점":100.0,
            "역세권":80,
            "30분내 이동가능 거점":100,
            "1시간내 이동가능 거점":100,
            "교통총점":90.0,
            "백화점":0,
            "아울렛몰":80,
            "대형마트":80,
            "은행":100,
            "병원":0,
            "종합병원":100,
            "공원":100,
            "혐오시설":0,
            "인프라총점":53.0,
            "초등학군":89.97,
            "중학군":57.42,
            "학군총점":63.93,
            "인구수":24.63,
            "인구증감":-10.92,
            "인구총점":13.965,
            "일자리":21.14,
            "소득수준":78.32,
            "일자리총점":38.294,
            "가치 총점":67.1895,
            "매매실거래년":20170213.0,
            "매매실거래가":427000.0,
            "전세실거래년":20211230.0,
            "전세실거래가":140000.0,
            "전세가율":114.4,
            "장기전세가율평균":52.28,
            "전세가율거품지수":-62.12,
            "검색코드":108895,
            "세대수":151.0,
            "준공년월":"2017-08-01",
            "준공년차":6.0,
            "가까운역이름":"신용산",
            "가까운역거리":327.15,
            "역세권여부":"역세권",
            "30분이내주요거점역":7,
            "30분거점역이름":"['여의도', '을지로3가', '가산디지털단지', '왕십리', '홍대입구', '구로디지털단지', '명동']",
            "1시간이내주요거점역":19,
            "1시간거점역이름":"['강남', '역삼', '잠실', '판교', '여의도', '을지로3가', '양재', '정자', '수원시청', '평촌', '가산디지털단지', '왕십리', '홍대입구', '수원', '구로디지털단지', '명동', '대화', '마곡', 'GTX성남(2023년)']",
            "3km이내백화점수":0,
            "5km이내아울렛몰수":1,
            "1km이내대형먀트수":1,
            "500m이내은행수":8,
            "500m이내병원수":0,
            "5km이내대형병원수":10,
            "500m이내공원수":2,
            "3km이내혐오시설수":0,
            "초등학교학업성취도":89.97,
            "중학교학업성취도":90.9,
            "용적률":991,
            "건폐율":49,
            "Y":37.527319,
            "X":126.965176,
            "rank":32.0,
            "area_info":"43평(142.32), 45평(150.26), 47평(157.7), 52평(174.65), 57평(188.93), 58평(193.56), 65평(214.97), 64평(214.6), 72평(240.78), 105평(347.8)",
            "last_sales":"2017-02-13,427000.0,105평(347.8)",
            "rank_history":[
                [
                    "202203",
                    32
                ],
                [
                    "202202",
                    18
                ],
                [
                    "202201",
                    18
                ]
            ],
            "rank_gap":-14
        },
        {
            "index":919,
            "아파트명":"효창한신",
            "투자타입":"재건축",
            "전용면적(m2)":"76.4",
            "전용면적(평)":"23평",
            "법정동주소":"서울시 용산구 효창동 5-145",
            "도로명주소":"서울시 용산구 백범로45길 9-11",
            "세대수":0,
            "입주년차":"--",
            "용적률점수":80,
            "건폐율점수":0,
            "세대당주차수":"--",
            "난방방식":"--",
            "공급면적":50,
            "전용률":60,
            "욕실수":"--",
            "현관타입":"--",
            "주거총점":37.5,
            "지역구공급총점":100.0,
            "역세권":80,
            "30분내 이동가능 거점":80,
            "1시간내 이동가능 거점":100,
            "교통총점":84.0,
            "백화점":100,
            "아울렛몰":80,
            "대형마트":80,
            "은행":0,
            "병원":0,
            "종합병원":100,
            "공원":100,
            "혐오시설":0,
            "인프라총점":73.0,
            "초등학군":89.96,
            "중학군":44.52,
            "학군총점":53.608,
            "인구수":24.63,
            "인구증감":-10.92,
            "인구총점":13.965,
            "일자리":21.14,
            "소득수준":78.32,
            "일자리총점":38.294,
            "가치 총점":66.8412,
            "매매실거래년":20201212.0,
            "매매실거래가":97900.0,
            "전세실거래년":20220111.0,
            "전세실거래가":35000.0,
            "전세가율":44.3,
            "장기전세가율평균":52.28,
            "전세가율거품지수":7.98,
            "검색코드":1226,
            "세대수":120.0,
            "준공년월":"1987-10-30",
            "준공년차":36.0,
            "가까운역이름":"공덕",
            "가까운역거리":461.81,
            "역세권여부":"역세권",
            "30분이내주요거점역":4,
            "30분거점역이름":"['여의도', '을지로3가', '홍대입구', '명동']",
            "1시간이내주요거점역":20,
            "1시간거점역이름":"['강남', '역삼', '잠실', '판교', '여의도', '을지로3가', '양재', '수원시청', '평촌', '가산디지털단지', '왕십리', '홍대입구', '수원', '구로디지털단지', '명동', '서현', '대화', '마곡', 'GTX킨텍스(2023년)', 'GTX성남(2023년)']",
            "3km이내백화점수":2,
            "5km이내아울렛몰수":1,
            "1km이내대형먀트수":1,
            "500m이내은행수":1,
            "500m이내병원수":0,
            "5km이내대형병원수":11,
            "500m이내공원수":2,
            "3km이내혐오시설수":0,
            "초등학교학업성취도":89.96,
            "중학교학업성취도":73.0,
            "용적률":161,
            "건폐율":0,
            "Y":37.542039,
            "X":126.957929,
            "rank":33.0,
            "area_info":"23평(76.4), 23평(76.4), 27평(91.26), 32평(106.08), 42평(140.5), 42평(140.56), 45평(149.66), 45평(149.5)",
            "last_sales":"2020-12-12,97900.0,32평(106.08)",
            "rank_history":[
                [
                    "202203",
                    33
                ],
                [
                    "202202",
                    20
                ],
                [
                    "202201",
                    23
                ]
            ],
            "rank_gap":-13
        },
        {
            "index":181,
            "아파트명":"한신",
            "투자타입":"재건축",
            "전용면적(m2)":"86.74",
            "전용면적(평)":"26평",
            "법정동주소":"서울시 용산구 용산동2가 47-17",
            "도로명주소":"서울시 용산구 녹사평대로 245",
            "세대수":0,
            "입주년차":"--",
            "용적률점수":80,
            "건폐율점수":80,
            "세대당주차수":"--",
            "난방방식":"--",
            "공급면적":70,
            "전용률":100,
            "욕실수":"--",
            "현관타입":"--",
            "주거총점":56.5,
            "지역구공급총점":100.0,
            "역세권":50,
            "30분내 이동가능 거점":100,
            "1시간내 이동가능 거점":100,
            "교통총점":75.0,
            "백화점":100,
            "아울렛몰":100,
            "대형마트":0,
            "은행":70,
            "병원":0,
            "종합병원":100,
            "공원":100,
            "혐오시설":0,
            "인프라총점":70.0,
            "초등학군":89.96,
            "중학군":45.4,
            "학군총점":54.312,
            "인구수":24.63,
            "인구증감":-10.92,
            "인구총점":13.965,
            "일자리":21.14,
            "소득수준":78.32,
            "일자리총점":38.294,
            "가치 총점":66.6968,
            "매매실거래년":20201218.0,
            "매매실거래가":94000.0,
            "전세실거래년":20210524.0,
            "전세실거래가":45000.0,
            "전세가율":47.87,
            "장기전세가율평균":52.28,
            "전세가율거품지수":4.41,
            "검색코드":758,
            "세대수":95.0,
            "준공년월":"1981-08-27",
            "준공년차":42.0,
            "가까운역이름":"녹사평",
            "가까운역거리":582.13,
            "역세권여부":"준역세권",
            "30분이내주요거점역":6,
            "30분거점역이름":"['강남', '역삼', '여의도', '을지로3가', '왕십리', '명동']",
            "1시간이내주요거점역":17,
            "1시간거점역이름":"['강남', '역삼', '잠실', '판교', '여의도', '을지로3가', '양재', '정자', '평촌', '가산디지털단지', '왕십리', '홍대입구', '구로디지털단지', '명동', '마곡', 'GTX킨텍스(2023년)', 'GTX성남(2023년)']",
            "3km이내백화점수":2,
            "5km이내아울렛몰수":2,
            "1km이내대형먀트수":0,
            "500m이내은행수":4,
            "500m이내병원수":0,
            "5km이내대형병원수":10,
            "500m이내공원수":3,
            "3km이내혐오시설수":0,
            "초등학교학업성취도":89.96,
            "중학교학업성취도":74.8,
            "용적률":155,
            "건폐율":24,
            "Y":37.539949,
            "X":126.986937,
            "rank":34.0,
            "area_info":"26평(86.74), 26평(86.97), 26평(86.73), 26평(86.98), 27평(89.95), 27평(90.2)",
            "last_sales":"2020-12-18,94000.0,26평(86.74)",
            "rank_history":[
                [
                    "202203",
                    34
                ],
                [
                    "202202",
                    9999
                ]
            ],
            "rank_gap":9999
        },
        {
            "index":501,
            "아파트명":"용산대우월드마크",
            "투자타입":"일반",
            "전용면적(m2)":"121.02",
            "전용면적(평)":"36평",
            "법정동주소":"서울시 용산구 한강로1가 64",
            "도로명주소":"서울시 용산구 한강대로 211",
            "세대수":0,
            "입주년차":40,
            "용적률점수":"--",
            "건폐율점수":"--",
            "세대당주차수":100,
            "난방방식":30,
            "공급면적":"--",
            "전용률":"--",
            "욕실수":100,
            "현관타입":100,
            "주거총점":46.0,
            "지역구공급총점":100.0,
            "역세권":80,
            "30분내 이동가능 거점":80,
            "1시간내 이동가능 거점":100,
            "교통총점":84.0,
            "백화점":100,
            "아울렛몰":100,
            "대형마트":0,
            "은행":20,
            "병원":0,
            "종합병원":100,
            "공원":100,
            "혐오시설":0,
            "인프라총점":65.0,
            "초등학군":89.97,
            "중학군":48.52,
            "학군총점":56.81,
            "인구수":24.63,
            "인구증감":-10.92,
            "인구총점":13.965,
            "일자리":21.14,
            "소득수준":78.32,
            "일자리총점":38.294,
            "가치 총점":66.6215,
            "매매실거래년":20210929.0,
            "매매실거래가":250000.0,
            "전세실거래년":20211227.0,
            "전세실거래가":89000.0,
            "전세가율":59.41,
            "장기전세가율평균":52.28,
            "전세가율거품지수":-7.13,
            "검색코드":22354,
            "세대수":160.0,
            "준공년월":"2007-10-15",
            "준공년차":16.0,
            "가까운역이름":"삼각지",
            "가까운역거리":303.21,
            "역세권여부":"역세권",
            "30분이내주요거점역":4,
            "30분거점역이름":"['여의도', '을지로3가', '홍대입구', '명동']",
            "1시간이내주요거점역":19,
            "1시간거점역이름":"['강남', '역삼', '잠실', '판교', '여의도', '을지로3가', '양재', '정자', '수원시청', '평촌', '가산디지털단지', '왕십리', '홍대입구', '수원', '구로디지털단지', '명동', '마곡', 'GTX킨텍스(2023년)', 'GTX성남(2023년)']",
            "3km이내백화점수":1,
            "5km이내아울렛몰수":2,
            "1km이내대형먀트수":0,
            "500m이내은행수":2,
            "500m이내병원수":0,
            "5km이내대형병원수":10,
            "500m이내공원수":6,
            "3km이내혐오시설수":0,
            "초등학교학업성취도":89.97,
            "중학교학업성취도":80.4,
            "용적률":975,
            "건폐율":39,
            "Y":37.537162,
            "X":126.973114,
            "rank":35.0,
            "area_info":"36평(121.02), 40평(134.77), 43평(143.6), 50평(166.65), 53평(175.74), 53평(177.75), 53평(177.97), 63평(208.33)",
            "last_sales":"2021-09-29,250000.0,63평(208.33)",
            "rank_history":[
                [
                    "202203",
                    35
                ],
                [
                    "202202",
                    16
                ],
                [
                    "202201",
                    7
                ]
            ],
            "rank_gap":-19
        },
        {
            "index":583,
            "아파트명":"용산시티파크2단지",
            "투자타입":"일반",
            "전용면적(m2)":"142.71",
            "전용면적(평)":"43평",
            "법정동주소":"서울시 용산구 한강로3가 63-387",
            "도로명주소":"서울시 용산구 서빙고로 31",
            "세대수":0,
            "입주년차":40,
            "용적률점수":"--",
            "건폐율점수":"--",
            "세대당주차수":80,
            "난방방식":80,
            "공급면적":"--",
            "전용률":"--",
            "욕실수":100,
            "현관타입":100,
            "주거총점":48.0,
            "지역구공급총점":100.0,
            "역세권":80,
            "30분내 이동가능 거점":100,
            "1시간내 이동가능 거점":100,
            "교통총점":90.0,
            "백화점":0,
            "아울렛몰":80,
            "대형마트":80,
            "은행":100,
            "병원":0,
            "종합병원":100,
            "공원":100,
            "혐오시설":0,
            "인프라총점":53.0,
            "초등학군":89.97,
            "중학군":57.42,
            "학군총점":63.93,
            "인구수":24.63,
            "인구증감":-10.92,
            "인구총점":13.965,
            "일자리":21.14,
            "소득수준":78.32,
            "일자리총점":38.294,
            "가치 총점":66.5895,
            "매매실거래년":20220102.0,
            "매매실거래가":249000.0,
            "전세실거래년":20210303.0,
            "전세실거래가":130000.0,
            "전세가율":52.21,
            "장기전세가율평균":52.28,
            "전세가율거품지수":0.07,
            "검색코드":26770,
            "세대수":208.0,
            "준공년월":"2007-08-21",
            "준공년차":16.0,
            "가까운역이름":"신용산",
            "가까운역거리":407.29,
            "역세권여부":"역세권",
            "30분이내주요거점역":5,
            "30분거점역이름":"['여의도', '을지로3가', '왕십리', '홍대입구', '명동']",
            "1시간이내주요거점역":18,
            "1시간거점역이름":"['강남', '역삼', '잠실', '판교', '여의도', '을지로3가', '양재', '정자', '수원시청', '평촌', '가산디지털단지', '왕십리', '홍대입구', '수원', '구로디지털단지', '명동', '마곡', 'GTX성남(2023년)']",
            "3km이내백화점수":0,
            "5km이내아울렛몰수":1,
            "1km이내대형먀트수":1,
            "500m이내은행수":5,
            "500m이내병원수":0,
            "5km이내대형병원수":9,
            "500m이내공원수":3,
            "3km이내혐오시설수":0,
            "초등학교학업성취도":89.97,
            "중학교학업성취도":90.9,
            "용적률":548,
            "건폐율":29,
            "Y":37.525916,
            "X":126.969852,
            "rank":36.0,
            "area_info":"43평(142.71), 45평(150.51), 53평(176.72), 53평(176.99), 54평(181.62), 54평(181.06), 67평(223.87), 67평(223.85)",
            "last_sales":"2022-01-02,249000.0,43평(142.71)",
            "rank_history":[
                [
                    "202203",
                    36
                ],
                [
                    "202202",
                    45
                ],
                [
                    "202201",
                    40
                ]
            ],
            "rank_gap":9
        },
        {
            "index":525,
            "아파트명":"아스테리움용산",
            "투자타입":"일반",
            "전용면적(m2)":"155.42",
            "전용면적(평)":"47평",
            "법정동주소":"서울시 용산구 한강로2가 419",
            "도로명주소":"서울시 용산구 한강대로30길 25",
            "세대수":0,
            "입주년차":60,
            "용적률점수":"--",
            "건폐율점수":"--",
            "세대당주차수":80,
            "난방방식":30,
            "공급면적":"--",
            "전용률":"--",
            "욕실수":100,
            "현관타입":100,
            "주거총점":47.0,
            "지역구공급총점":100.0,
            "역세권":80,
            "30분내 이동가능 거점":100,
            "1시간내 이동가능 거점":100,
            "교통총점":90.0,
            "백화점":0,
            "아울렛몰":80,
            "대형마트":80,
            "은행":100,
            "병원":0,
            "종합병원":100,
            "공원":100,
            "혐오시설":0,
            "인프라총점":53.0,
            "초등학군":89.97,
            "중학군":57.42,
            "학군총점":63.93,
            "인구수":24.63,
            "인구증감":-10.92,
            "인구총점":13.965,
            "일자리":21.14,
            "소득수준":78.32,
            "일자리총점":38.294,
            "가치 총점":66.3895,
            "매매실거래년":20210414.0,
            "매매실거래가":415000.0,
            "전세실거래년":20210324.0,
            "전세실거래가":126000.0,
            "전세가율":52.07,
            "장기전세가율평균":52.28,
            "전세가율거품지수":0.21,
            "검색코드":102658,
            "세대수":128.0,
            "준공년월":"2012-12-14",
            "준공년차":11.0,
            "가까운역이름":"신용산",
            "가까운역거리":239.25,
            "역세권여부":"역세권",
            "30분이내주요거점역":7,
            "30분거점역이름":"['여의도', '을지로3가', '가산디지털단지', '왕십리', '홍대입구', '구로디지털단지', '명동']",
            "1시간이내주요거점역":18,
            "1시간거점역이름":"['강남', '역삼', '잠실', '판교', '여의도', '을지로3가', '양재', '정자', '수원시청', '평촌', '가산디지털단지', '왕십리', '홍대입구', '수원', '구로디지털단지', '명동', '대화', '마곡']",
            "3km이내백화점수":0,
            "5km이내아울렛몰수":1,
            "1km이내대형먀트수":1,
            "500m이내은행수":7,
            "500m이내병원수":0,
            "5km이내대형병원수":9,
            "500m이내공원수":2,
            "3km이내혐오시설수":0,
            "초등학교학업성취도":89.97,
            "중학교학업성취도":90.9,
            "용적률":697,
            "건폐율":37,
            "Y":37.527222,
            "X":126.968838,
            "rank":37.0,
            "area_info":"47평(155.42), 50평(166.1), 54평(179.36), 60평(198.41), 65평(216.46), 73평(241.93)",
            "last_sales":"2021-04-14,415000.0,73평(241.93)",
            "rank_history":[
                [
                    "202203",
                    37
                ],
                [
                    "202202",
                    42
                ],
                [
                    "202201",
                    38
                ]
            ],
            "rank_gap":5
        },
        {
            "index":486,
            "아파트명":"청암천년명가자이",
            "투자타입":"일반",
            "전용면적(m2)":"179.81",
            "전용면적(평)":"54평",
            "법정동주소":"서울시 용산구 청암동 181",
            "도로명주소":"서울시 용산구 삼개로 60",
            "세대수":0,
            "입주년차":40,
            "용적률점수":"--",
            "건폐율점수":"--",
            "세대당주차수":100,
            "난방방식":30,
            "공급면적":"--",
            "전용률":"--",
            "욕실수":100,
            "현관타입":100,
            "주거총점":46.0,
            "지역구공급총점":100.0,
            "역세권":50,
            "30분내 이동가능 거점":80,
            "1시간내 이동가능 거점":100,
            "교통총점":69.0,
            "백화점":100,
            "아울렛몰":80,
            "대형마트":80,
            "은행":100,
            "병원":0,
            "종합병원":100,
            "공원":0,
            "혐오시설":-50,
            "인프라총점":79.0,
            "초등학군":89.98,
            "중학군":54.82,
            "학군총점":61.852,
            "인구수":24.63,
            "인구증감":-10.92,
            "인구총점":13.965,
            "일자리":21.14,
            "소득수준":78.32,
            "일자리총점":38.294,
            "가치 총점":66.3278,
            "매매실거래년":20210826.0,
            "매매실거래가":330000.0,
            "전세실거래년":20220103.0,
            "전세실거래가":30000.0,
            "전세가율":13.95,
            "장기전세가율평균":52.28,
            "전세가율거품지수":38.33,
            "검색코드":17251,
            "세대수":170.0,
            "준공년월":"2005-08-18",
            "준공년차":18.0,
            "가까운역이름":"마포",
            "가까운역거리":530.93,
            "역세권여부":"준역세권",
            "30분이내주요거점역":4,
            "30분거점역이름":"['여의도', '을지로3가', '홍대입구', '명동']",
            "1시간이내주요거점역":16,
            "1시간거점역이름":"['강남', '역삼', '잠실', '여의도', '을지로3가', '양재', '평촌', '가산디지털단지', '왕십리', '홍대입구', '수원', '구로디지털단지', '명동', '마곡', 'GTX킨텍스(2023년)', 'GTX성남(2023년)']",
            "3km이내백화점수":2,
            "5km이내아울렛몰수":1,
            "1km이내대형먀트수":1,
            "500m이내은행수":5,
            "500m이내병원수":0,
            "5km이내대형병원수":11,
            "500m이내공원수":0,
            "3km이내혐오시설수":1,
            "초등학교학업성취도":89.98,
            "중학교학업성취도":90.3,
            "용적률":250,
            "건폐율":20,
            "Y":37.534992,
            "X":126.94764,
            "rank":38.0,
            "area_info":"54평(179.81), 54평(179.81), 69평(229.28), 75평(250.13), 82평(273.42)",
            "last_sales":"2021-08-26,330000.0,82평(273.42)",
            "rank_history":[
                [
                    "202203",
                    38
                ],
                [
                    "202202",
                    47
                ],
                [
                    "202201",
                    51
                ]
            ],
            "rank_gap":9
        },
        {
            "index":102,
            "아파트명":"용산큐브(도시형)",
            "투자타입":"일반",
            "전용면적(m2)":"20.37",
            "전용면적(평)":"6평",
            "법정동주소":"서울시 용산구 문배동 24-4",
            "도로명주소":"서울시 용산구 백범로90길 12",
            "세대수":0,
            "입주년차":60,
            "용적률점수":"--",
            "건폐율점수":"--",
            "세대당주차수":0,
            "난방방식":30,
            "공급면적":"--",
            "전용률":"--",
            "욕실수":50,
            "현관타입":10,
            "주거총점":21.0,
            "지역구공급총점":100.0,
            "역세권":80,
            "30분내 이동가능 거점":80,
            "1시간내 이동가능 거점":100,
            "교통총점":84.0,
            "백화점":100,
            "아울렛몰":100,
            "대형마트":80,
            "은행":70,
            "병원":0,
            "종합병원":100,
            "공원":100,
            "혐오시설":0,
            "인프라총점":82.0,
            "초등학군":89.97,
            "중학군":44.52,
            "학군총점":53.61,
            "인구수":24.63,
            "인구증감":-10.92,
            "인구총점":13.965,
            "일자리":21.14,
            "소득수준":78.32,
            "일자리총점":38.294,
            "가치 총점":66.2415,
            "매매실거래년":20211230.0,
            "매매실거래가":19300.0,
            "전세실거래년":20220122.0,
            "전세실거래가":18900.0,
            "전세가율":97.93,
            "장기전세가율평균":52.28,
            "전세가율거품지수":-45.65,
            "검색코드":103454,
            "세대수":99.0,
            "준공년월":"2013-03-29",
            "준공년차":10.0,
            "가까운역이름":"남영",
            "가까운역거리":459.42,
            "역세권여부":"역세권",
            "30분이내주요거점역":4,
            "30분거점역이름":"['여의도', '을지로3가', '홍대입구', '명동']",
            "1시간이내주요거점역":20,
            "1시간거점역이름":"['강남', '역삼', '잠실', '판교', '여의도', '을지로3가', '양재', '정자', '수원시청', '평촌', '가산디지털단지', '왕십리', '홍대입구', '수원', '구로디지털단지', '명동', '대화', '마곡', 'GTX킨텍스(2023년)', 'GTX성남(2023년)']",
            "3km이내백화점수":1,
            "5km이내아울렛몰수":2,
            "1km이내대형먀트수":1,
            "500m이내은행수":3,
            "500m이내병원수":0,
            "5km이내대형병원수":10,
            "500m이내공원수":6,
            "3km이내혐오시설수":0,
            "초등학교학업성취도":89.97,
            "중학교학업성취도":73.0,
            "용적률":835,
            "건폐율":59,
            "Y":37.53721,
            "X":126.968293,
            "rank":39.0,
            "area_info":"6평(20.37)",
            "last_sales":"2021-12-30,19300.0,6평(20.37)",
            "rank_history":[
                [
                    "202203",
                    39
                ],
                [
                    "202202",
                    9999
                ]
            ],
            "rank_gap":9999
        },
        {
            "index":78,
            "아파트명":"용산이안1차",
            "투자타입":"일반",
            "전용면적(m2)":"73.79",
            "전용면적(평)":"22평",
            "법정동주소":"서울시 용산구 문배동 11-14",
            "도로명주소":"서울시 용산구 백범로90길 74",
            "세대수":0,
            "입주년차":40,
            "용적률점수":"--",
            "건폐율점수":"--",
            "세대당주차수":60,
            "난방방식":30,
            "공급면적":"--",
            "전용률":"--",
            "욕실수":50,
            "현관타입":10,
            "주거총점":26.0,
            "지역구공급총점":100.0,
            "역세권":80,
            "30분내 이동가능 거점":100,
            "1시간내 이동가능 거점":100,
            "교통총점":90.0,
            "백화점":100,
            "아울렛몰":100,
            "대형마트":0,
            "은행":70,
            "병원":0,
            "종합병원":100,
            "공원":100,
            "혐오시설":0,
            "인프라총점":70.0,
            "초등학군":89.97,
            "중학군":48.52,
            "학군총점":56.81,
            "인구수":24.63,
            "인구증감":-10.92,
            "인구총점":13.965,
            "일자리":21.14,
            "소득수준":78.32,
            "일자리총점":38.294,
            "가치 총점":66.2215,
            "매매실거래년":20210326.0,
            "매매실거래가":129500.0,
            "전세실거래년":20210520.0,
            "전세실거래가":42000.0,
            "전세가율":47.73,
            "장기전세가율평균":52.28,
            "전세가율거품지수":4.55,
            "검색코드":13642,
            "세대수":266.0,
            "준공년월":"2005-11-30",
            "준공년차":18.0,
            "가까운역이름":"남영",
            "가까운역거리":289.51,
            "역세권여부":"역세권",
            "30분이내주요거점역":5,
            "30분거점역이름":"['여의도', '을지로3가', '왕십리', '홍대입구', '명동']",
            "1시간이내주요거점역":19,
            "1시간거점역이름":"['강남', '역삼', '잠실', '판교', '여의도', '을지로3가', '양재', '정자', '수원시청', '평촌', '가산디지털단지', '왕십리', '홍대입구', '수원', '구로디지털단지', '명동', '마곡', 'GTX킨텍스(2023년)', 'GTX성남(2023년)']",
            "3km이내백화점수":1,
            "5km이내아울렛몰수":2,
            "1km이내대형먀트수":0,
            "500m이내은행수":3,
            "500m이내병원수":0,
            "5km이내대형병원수":9,
            "500m이내공원수":6,
            "3km이내혐오시설수":0,
            "초등학교학업성취도":89.97,
            "중학교학업성취도":80.4,
            "용적률":607,
            "건폐율":0,
            "Y":37.538145,
            "X":126.970125,
            "rank":40.0,
            "area_info":"22평(73.79), 26평(88.95), 28평(95.27), 29평(99.13), 31평(104.84), 31평(105.48), 32평(105.96), 31평(105.3), 32평(105.79), 31평(105.46), 32평(106.01), 33평(109.95), 33평(110.24), 33평(110.32), 36평(121.27), 39평(130.77), 40평(134.13), 49평(163.99), 49평(164.74), 51평(171.35)",
            "last_sales":"2021-03-26,129500.0,40평(134.13)",
            "rank_history":[
                [
                    "202203",
                    40
                ],
                [
                    "202202",
                    26
                ],
                [
                    "202201",
                    16
                ]
            ],
            "rank_gap":-14
        },
        {
            "index":49,
            "아파트명":"삼라마이다스빌",
            "투자타입":"일반",
            "전용면적(m2)":"62.71",
            "전용면적(평)":"18평",
            "법정동주소":"서울시 용산구 문배동 40-19",
            "도로명주소":"서울시 용산구 백범로90라길 28",
            "세대수":0,
            "입주년차":40,
            "용적률점수":"--",
            "건폐율점수":"--",
            "세대당주차수":60,
            "난방방식":30,
            "공급면적":"--",
            "전용률":"--",
            "욕실수":50,
            "현관타입":100,
            "주거총점":35.0,
            "지역구공급총점":100.0,
            "역세권":80,
            "30분내 이동가능 거점":80,
            "1시간내 이동가능 거점":100,
            "교통총점":84.0,
            "백화점":100,
            "아울렛몰":100,
            "대형마트":0,
            "은행":70,
            "병원":0,
            "종합병원":100,
            "공원":100,
            "혐오시설":0,
            "인프라총점":70.0,
            "초등학군":89.97,
            "중학군":48.52,
            "학군총점":56.81,
            "인구수":24.63,
            "인구증감":-10.92,
            "인구총점":13.965,
            "일자리":21.14,
            "소득수준":78.32,
            "일자리총점":38.294,
            "가치 총점":65.9215,
            "매매실거래년":20210102.0,
            "매매실거래가":102000.0,
            "전세실거래년":20210327.0,
            "전세실거래가":34650.0,
            "전세가율":227.96,
            "장기전세가율평균":52.28,
            "전세가율거품지수":-175.68,
            "검색코드":13173,
            "세대수":95.0,
            "준공년월":"2004-06-14",
            "준공년차":19.0,
            "가까운역이름":"남영",
            "가까운역거리":292.21,
            "역세권여부":"역세권",
            "30분이내주요거점역":4,
            "30분거점역이름":"['여의도', '을지로3가', '홍대입구', '명동']",
            "1시간이내주요거점역":19,
            "1시간거점역이름":"['강남', '역삼', '잠실', '판교', '여의도', '을지로3가', '양재', '정자', '수원시청', '평촌', '가산디지털단지', '왕십리', '홍대입구', '수원', '구로디지털단지', '명동', '마곡', 'GTX킨텍스(2023년)', 'GTX성남(2023년)']",
            "3km이내백화점수":1,
            "5km이내아울렛몰수":2,
            "1km이내대형먀트수":0,
            "500m이내은행수":3,
            "500m이내병원수":0,
            "5km이내대형병원수":9,
            "500m이내공원수":7,
            "3km이내혐오시설수":0,
            "초등학교학업성취도":89.97,
            "중학교학업성취도":80.4,
            "용적률":547,
            "건폐율":58,
            "Y":37.538552,
            "X":126.969203,
            "rank":41.0,
            "area_info":"18평(62.71), 22평(74.9), 23평(77.01), 23평(78.68), 24평(79.82), 25평(82.85), 25평(84.19), 26평(88.85), 27평(91.45), 27평(91.87), 28평(95.33), 29평(96.46), 29평(98.85), 31평(103.36), 31평(104.54), 31평(105.68), 32평(106.55), 32평(106.09), 32평(107.04), 32평(107.23)",
            "last_sales":"2021-01-02,102000.0,32평(107.23)",
            "rank_history":[
                [
                    "202203",
                    41
                ],
                [
                    "202202",
                    9999
                ]
            ],
            "rank_gap":9999
        },
        {
            "index":740,
            "아파트명":"한남아이파크(도시형)",
            "투자타입":"일반",
            "전용면적(m2)":"65.41",
            "전용면적(평)":"19평",
            "법정동주소":"서울시 용산구 한남동 828",
            "도로명주소":"서울시 용산구 독서당로 46",
            "세대수":0,
            "입주년차":80,
            "용적률점수":"--",
            "건폐율점수":"--",
            "세대당주차수":0,
            "난방방식":30,
            "공급면적":"--",
            "전용률":"--",
            "욕실수":50,
            "현관타입":10,
            "주거총점":25.0,
            "지역구공급총점":100.0,
            "역세권":80,
            "30분내 이동가능 거점":100,
            "1시간내 이동가능 거점":100,
            "교통총점":90.0,
            "백화점":100,
            "아울렛몰":100,
            "대형마트":0,
            "은행":100,
            "병원":0,
            "종합병원":100,
            "공원":0,
            "혐오시설":0,
            "인프라총점":70.0,
            "초등학군":89.98,
            "중학군":47.54,
            "학군총점":56.028,
            "인구수":24.63,
            "인구증감":-10.92,
            "인구총점":13.965,
            "일자리":21.14,
            "소득수준":78.32,
            "일자리총점":38.294,
            "가치 총점":65.9042,
            "매매실거래년":20210518.0,
            "매매실거래가":98000.0,
            "전세실거래년":20210429.0,
            "전세실거래가":46200.0,
            "전세가율":57.75,
            "장기전세가율평균":52.28,
            "전세가율거품지수":-5.47,
            "검색코드":109469,
            "세대수":270.0,
            "준공년월":"2017-03-08",
            "준공년차":6.0,
            "가까운역이름":"한남",
            "가까운역거리":359.88,
            "역세권여부":"역세권",
            "30분이내주요거점역":6,
            "30분거점역이름":"['강남', '역삼', '을지로3가', '양재', '왕십리', '명동']",
            "1시간이내주요거점역":17,
            "1시간거점역이름":"['강남', '역삼', '잠실', '판교', '여의도', '을지로3가', '양재', '정자', '평촌', '가산디지털단지', '왕십리', '홍대입구', '수원', '구로디지털단지', '명동', '서현', 'GTX성남(2023년)']",
            "3km이내백화점수":2,
            "5km이내아울렛몰수":2,
            "1km이내대형먀트수":0,
            "500m이내은행수":7,
            "500m이내병원수":0,
            "5km이내대형병원수":7,
            "500m이내공원수":0,
            "3km이내혐오시설수":0,
            "초등학교학업성취도":89.98,
            "중학교학업성취도":78.9,
            "용적률":787,
            "건폐율":58,
            "Y":37.532332,
            "X":127.007405,
            "rank":42.0,
            "area_info":"19평(65.41), 19평(66.06), 20평(68.39), 21평(69.65), 21평(69.89), 21평(70.74), 21평(70.03), 21평(71.21), 21평(71.5), 21평(71.08)",
            "last_sales":"2021-05-18,98000.0,21평(71.08)",
            "rank_history":[
                [
                    "202203",
                    42
                ],
                [
                    "202202",
                    12
                ],
                [
                    "202201",
                    15
                ]
            ],
            "rank_gap":-30
        },
        {
            "index":244,
            "아파트명":"용산파크뷰",
            "투자타입":"일반",
            "전용면적(m2)":"21.73",
            "전용면적(평)":"6평",
            "법정동주소":"서울시 용산구 원효로1가 46-3",
            "도로명주소":"서울시 용산구 원효로 251",
            "세대수":0,
            "입주년차":80,
            "용적률점수":"--",
            "건폐율점수":"--",
            "세대당주차수":0,
            "난방방식":30,
            "공급면적":"--",
            "전용률":"--",
            "욕실수":50,
            "현관타입":100,
            "주거총점":34.0,
            "지역구공급총점":100.0,
            "역세권":80,
            "30분내 이동가능 거점":80,
            "1시간내 이동가능 거점":100,
            "교통총점":84.0,
            "백화점":100,
            "아울렛몰":100,
            "대형마트":0,
            "은행":70,
            "병원":0,
            "종합병원":100,
            "공원":100,
            "혐오시설":0,
            "인프라총점":70.0,
            "초등학군":89.98,
            "중학군":48.52,
            "학군총점":56.812,
            "인구수":24.63,
            "인구증감":-10.92,
            "인구총점":13.965,
            "일자리":21.14,
            "소득수준":78.32,
            "일자리총점":38.294,
            "가치 총점":65.7218,
            "매매실거래년":20210312.0,
            "매매실거래가":49000.0,
            "전세실거래년":20200601.0,
            "전세실거래가":17800.0,
            "전세가율":null,
            "장기전세가율평균":52.28,
            "전세가율거품지수":null,
            "검색코드":115961,
            "세대수":55.0,
            "준공년월":"2018-05-18",
            "준공년차":5.0,
            "가까운역이름":"남영",
            "가까운역거리":240.97,
            "역세권여부":"역세권",
            "30분이내주요거점역":4,
            "30분거점역이름":"['여의도', '을지로3가', '홍대입구', '명동']",
            "1시간이내주요거점역":21,
            "1시간거점역이름":"['강남', '역삼', '잠실', '판교', '여의도', '을지로3가', '양재', '정자', '수원시청', '평촌', '가산디지털단지', '왕십리', '홍대입구', '수원', '구로디지털단지', '명동', '서현', '대화', '마곡', 'GTX킨텍스(2023년)', 'GTX성남(2023년)']",
            "3km이내백화점수":2,
            "5km이내아울렛몰수":2,
            "1km이내대형먀트수":0,
            "500m이내은행수":4,
            "500m이내병원수":0,
            "5km이내대형병원수":9,
            "500m이내공원수":5,
            "3km이내혐오시설수":0,
            "초등학교학업성취도":89.98,
            "중학교학업성취도":80.4,
            "용적률":698,
            "건폐율":59,
            "Y":37.540236,
            "X":126.96863,
            "rank":43.0,
            "area_info":"6평(21.73), 11평(38.48), 11평(38.48), 11평(39.44), 12평(40.54), 12평(40.54), 12평(41.36)",
            "last_sales":"2021-03-12,49000.0,12평(41.36)",
            "rank_history":[
                [
                    "202203",
                    43
                ],
                [
                    "202202",
                    9999
                ]
            ],
            "rank_gap":9999
        },
        {
            "index":315,
            "아파트명":"LG한강자이",
            "투자타입":"일반",
            "전용면적(m2)":"92.11",
            "전용면적(평)":"27평",
            "법정동주소":"서울시 용산구 이촌동 430",
            "도로명주소":"서울시 용산구 이촌로64길 15",
            "세대수":50,
            "입주년차":20,
            "용적률점수":"--",
            "건폐율점수":"--",
            "세대당주차수":100,
            "난방방식":100,
            "공급면적":"--",
            "전용률":"--",
            "욕실수":50,
            "현관타입":100,
            "주거총점":61.5,
            "지역구공급총점":100.0,
            "역세권":80,
            "30분내 이동가능 거점":100,
            "1시간내 이동가능 거점":100,
            "교통총점":90.0,
            "백화점":0,
            "아울렛몰":80,
            "대형마트":0,
            "은행":100,
            "병원":0,
            "종합병원":100,
            "공원":100,
            "혐오시설":0,
            "인프라총점":41.0,
            "초등학군":89.96,
            "중학군":57.42,
            "학군총점":63.928,
            "인구수":24.63,
            "인구증감":-10.92,
            "인구총점":13.965,
            "일자리":21.14,
            "소득수준":78.32,
            "일자리총점":38.294,
            "가치 총점":65.6892,
            "매매실거래년":20210820.0,
            "매매실거래가":450000.0,
            "전세실거래년":20220105.0,
            "전세실거래가":78750.0,
            "전세가율":43.03,
            "장기전세가율평균":52.28,
            "전세가율거품지수":9.25,
            "검색코드":3143,
            "세대수":656.0,
            "준공년월":"2003-04-28",
            "준공년차":20.0,
            "가까운역이름":"이촌",
            "가까운역거리":400.77,
            "역세권여부":"역세권",
            "30분이내주요거점역":6,
            "30분거점역이름":"['여의도', '을지로3가', '왕십리', '홍대입구', '구로디지털단지', '명동']",
            "1시간이내주요거점역":18,
            "1시간거점역이름":"['강남', '역삼', '잠실', '판교', '여의도', '을지로3가', '양재', '정자', '수원시청', '평촌', '가산디지털단지', '왕십리', '홍대입구', '수원', '구로디지털단지', '명동', '마곡', 'GTX성남(2023년)']",
            "3km이내백화점수":0,
            "5km이내아울렛몰수":1,
            "1km이내대형먀트수":0,
            "500m이내은행수":6,
            "500m이내병원수":0,
            "5km이내대형병원수":5,
            "500m이내공원수":5,
            "3km이내혐오시설수":0,
            "초등학교학업성취도":89.96,
            "중학교학업성취도":90.9,
            "용적률":281,
            "건폐율":14,
            "Y":37.519589,
            "X":126.970719,
            "rank":44.0,
            "area_info":"27평(92.11), 53평(177.86), 53평(177.39), 54평(179.26), 54평(180.19), 54평(181.04), 65평(215.96), 65평(215.14), 65평(215.25), 65평(216.78), 67평(221.8), 76평(253.14), 76평(254.54), 77평(257.65), 79평(264.17), 92평(305.19), 93평(309.97)",
            "last_sales":"2021-08-20,450000.0,77평(257.65)",
            "rank_history":[
                [
                    "202203",
                    44
                ],
                [
                    "202202",
                    53
                ],
                [
                    "202201",
                    48
                ]
            ],
            "rank_gap":9
        },
        {
            "index":750,
            "아파트명":"한남하이페리온I",
            "투자타입":"일반",
            "전용면적(m2)":"234.66",
            "전용면적(평)":"70평",
            "법정동주소":"서울시 용산구 한남동 805",
            "도로명주소":"서울시 용산구 서빙고로 413",
            "세대수":0,
            "입주년차":20,
            "용적률점수":"--",
            "건폐율점수":"--",
            "세대당주차수":100,
            "난방방식":30,
            "공급면적":"--",
            "전용률":"--",
            "욕실수":100,
            "현관타입":100,
            "주거총점":42.0,
            "지역구공급총점":100.0,
            "역세권":80,
            "30분내 이동가능 거점":100,
            "1시간내 이동가능 거점":100,
            "교통총점":90.0,
            "백화점":100,
            "아울렛몰":100,
            "대형마트":0,
            "은행":0,
            "병원":0,
            "종합병원":100,
            "공원":0,
            "혐오시설":0,
            "인프라총점":60.0,
            "초등학군":89.98,
            "중학군":42.22,
            "학군총점":51.772,
            "인구수":24.63,
            "인구증감":-10.92,
            "인구총점":13.965,
            "일자리":21.14,
            "소득수준":78.32,
            "일자리총점":38.294,
            "가치 총점":65.6658,
            "매매실거래년":20211201.0,
            "매매실거래가":370000.0,
            "전세실거래년":20211125.0,
            "전세실거래가":168000.0,
            "전세가율":45.41,
            "장기전세가율평균":52.28,
            "전세가율거품지수":6.87,
            "검색코드":20017,
            "세대수":122.0,
            "준공년월":"2002-12-27",
            "준공년차":21.0,
            "가까운역이름":"한남",
            "가까운역거리":448.12,
            "역세권여부":"역세권",
            "30분이내주요거점역":6,
            "30분거점역이름":"['강남', '역삼', '을지로3가', '양재', '왕십리', '명동']",
            "1시간이내주요거점역":16,
            "1시간거점역이름":"['강남', '역삼', '잠실', '판교', '여의도', '을지로3가', '양재', '정자', '평촌', '가산디지털단지', '왕십리', '홍대입구', '수원', '구로디지털단지', '명동', 'GTX성남(2023년)']",
            "3km이내백화점수":2,
            "5km이내아울렛몰수":2,
            "1km이내대형먀트수":0,
            "500m이내은행수":1,
            "500m이내병원수":0,
            "5km이내대형병원수":7,
            "500m이내공원수":0,
            "3km이내혐오시설수":0,
            "초등학교학업성취도":89.98,
            "중학교학업성취도":69.3,
            "용적률":299,
            "건폐율":58,
            "Y":37.527665,
            "X":127.00464,
            "rank":45.0,
            "area_info":"70평(234.66), 72평(238.87), 73평(243.05), 81평(268.13), 82평(272.76)",
            "last_sales":"2021-12-01,370000.0,70평(234.66)",
            "rank_history":[
                [
                    "202203",
                    45
                ],
                [
                    "202202",
                    24
                ],
                [
                    "202201",
                    26
                ]
            ],
            "rank_gap":-21
        },
        {
            "index":139,
            "아파트명":"리버힐삼성",
            "투자타입":"일반",
            "전용면적(m2)":"75.06",
            "전용면적(평)":"22평",
            "법정동주소":"서울시 용산구 산천동 193",
            "도로명주소":"서울시 용산구 효창원로 17",
            "세대수":90,
            "입주년차":20,
            "용적률점수":"--",
            "건폐율점수":"--",
            "세대당주차수":30,
            "난방방식":30,
            "공급면적":"--",
            "전용률":"--",
            "욕실수":50,
            "현관타입":10,
            "주거총점":49.0,
            "지역구공급총점":100.0,
            "역세권":50,
            "30분내 이동가능 거점":80,
            "1시간내 이동가능 거점":100,
            "교통총점":69.0,
            "백화점":100,
            "아울렛몰":80,
            "대형마트":80,
            "은행":20,
            "병원":0,
            "종합병원":100,
            "공원":100,
            "혐오시설":-50,
            "인프라총점":74.0,
            "초등학군":89.98,
            "중학군":54.82,
            "학군총점":61.852,
            "인구수":24.63,
            "인구증감":-10.92,
            "인구총점":13.965,
            "일자리":21.14,
            "소득수준":78.32,
            "일자리총점":38.294,
            "가치 총점":65.4278,
            "매매실거래년":20211204.0,
            "매매실거래가":120000.0,
            "전세실거래년":20220209.0,
            "전세실거래가":39900.0,
            "전세가율":33.25,
            "장기전세가율평균":52.28,
            "전세가율거품지수":19.03,
            "검색코드":3803,
            "세대수":1102.0,
            "준공년월":"2001-01-10",
            "준공년차":22.0,
            "가까운역이름":"마포",
            "가까운역거리":663.96,
            "역세권여부":"준역세권",
            "30분이내주요거점역":4,
            "30분거점역이름":"['여의도', '을지로3가', '홍대입구', '명동']",
            "1시간이내주요거점역":16,
            "1시간거점역이름":"['강남', '역삼', '판교', '여의도', '을지로3가', '양재', '정자', '평촌', '가산디지털단지', '왕십리', '홍대입구', '수원', '구로디지털단지', '명동', '마곡', 'GTX킨텍스(2023년)']",
            "3km이내백화점수":2,
            "5km이내아울렛몰수":1,
            "1km이내대형먀트수":1,
            "500m이내은행수":2,
            "500m이내병원수":0,
            "5km이내대형병원수":11,
            "500m이내공원수":2,
            "3km이내혐오시설수":1,
            "초등학교학업성취도":89.98,
            "중학교학업성취도":90.3,
            "용적률":315,
            "건폐율":25,
            "Y":37.534791,
            "X":126.950404,
            "rank":46.0,
            "area_info":"22평(75.06), 22평(75.61), 32평(107.12), 43평(145.38)",
            "last_sales":"2021-12-04,120000.0,22평(75.06)",
            "rank_history":[
                [
                    "202203",
                    46
                ],
                [
                    "202202",
                    51
                ],
                [
                    "202201",
                    54
                ]
            ],
            "rank_gap":5
        },
        {
            "index":669,
            "아파트명":"동원베네스트",
            "투자타입":"일반",
            "전용면적(m2)":"69.24",
            "전용면적(평)":"20평",
            "법정동주소":"서울시 용산구 한남동 522-1",
            "도로명주소":"서울시 용산구",
            "세대수":0,
            "입주년차":60,
            "용적률점수":"--",
            "건폐율점수":"--",
            "세대당주차수":30,
            "난방방식":30,
            "공급면적":"--",
            "전용률":"--",
            "욕실수":50,
            "현관타입":50,
            "주거총점":29.5,
            "지역구공급총점":100.0,
            "역세권":80,
            "30분내 이동가능 거점":100,
            "1시간내 이동가능 거점":100,
            "교통총점":90.0,
            "백화점":100,
            "아울렛몰":100,
            "대형마트":0,
            "은행":70,
            "병원":0,
            "종합병원":100,
            "공원":0,
            "혐오시설":0,
            "인프라총점":67.0,
            "초등학군":89.98,
            "중학군":42.22,
            "학군총점":51.772,
            "인구수":24.63,
            "인구증감":-10.92,
            "인구총점":13.965,
            "일자리":21.14,
            "소득수준":78.32,
            "일자리총점":38.294,
            "가치 총점":65.2658,
            "매매실거래년":20191007.0,
            "매매실거래가":120000.0,
            "전세실거래년":20170511.0,
            "전세실거래가":45000.0,
            "전세가율":116.88,
            "장기전세가율평균":52.28,
            "전세가율거품지수":-64.6,
            "검색코드":25907,
            "세대수":129.0,
            "준공년월":"2010-03-02",
            "준공년차":13.0,
            "가까운역이름":"한남",
            "가까운역거리":155.26,
            "역세권여부":"역세권",
            "30분이내주요거점역":8,
            "30분거점역이름":"['강남', '역삼', '여의도', '을지로3가', '양재', '왕십리', '홍대입구', '명동']",
            "1시간이내주요거점역":17,
            "1시간거점역이름":"['강남', '역삼', '잠실', '판교', '여의도', '을지로3가', '양재', '정자', '수원시청', '평촌', '가산디지털단지', '왕십리', '홍대입구', '수원', '구로디지털단지', '명동', 'GTX성남(2023년)']",
            "3km이내백화점수":3,
            "5km이내아울렛몰수":2,
            "1km이내대형먀트수":0,
            "500m이내은행수":4,
            "500m이내병원수":0,
            "5km이내대형병원수":7,
            "500m이내공원수":0,
            "3km이내혐오시설수":0,
            "초등학교학업성취도":89.98,
            "중학교학업성취도":69.3,
            "용적률":508,
            "건폐율":58,
            "Y":37.530296,
            "X":127.007829,
            "rank":47.0,
            "area_info":"20평(69.24), 22평(73.67), 28평(93.43), 30평(100.5), 33평(112.22), 38평(126.0)",
            "last_sales":"2019-10-07,120000.0,38평(126.0)",
            "rank_history":[
                [
                    "202203",
                    47
                ],
                [
                    "202202",
                    14
                ],
                [
                    "202201",
                    17
                ]
            ],
            "rank_gap":-33
        },
        {
            "index":454,
            "아파트명":"현대맨숀",
            "투자타입":"재건축",
            "전용면적(m2)":"105.45",
            "전용면적(평)":"31평",
            "법정동주소":"서울시 용산구 이촌동 301-160",
            "도로명주소":"서울시 용산구 이촌로 303",
            "세대수":50,
            "입주년차":"--",
            "용적률점수":80,
            "건폐율점수":0,
            "세대당주차수":"--",
            "난방방식":"--",
            "공급면적":90,
            "전용률":60,
            "욕실수":"--",
            "현관타입":"--",
            "주거총점":54.5,
            "지역구공급총점":100.0,
            "역세권":50,
            "30분내 이동가능 거점":100,
            "1시간내 이동가능 거점":100,
            "교통총점":75.0,
            "백화점":100,
            "아울렛몰":80,
            "대형마트":0,
            "은행":0,
            "병원":0,
            "종합병원":100,
            "공원":100,
            "혐오시설":0,
            "인프라총점":61.0,
            "초등학군":89.96,
            "중학군":57.42,
            "학군총점":63.928,
            "인구수":24.63,
            "인구증감":-10.92,
            "인구총점":13.965,
            "일자리":21.14,
            "소득수준":78.32,
            "일자리총점":38.294,
            "가치 총점":65.0392,
            "매매실거래년":20210915.0,
            "매매실거래가":262000.0,
            "전세실거래년":20170609.0,
            "전세실거래가":30000.0,
            "전세가율":16.67,
            "장기전세가율평균":52.28,
            "전세가율거품지수":35.61,
            "검색코드":769,
            "세대수":653.0,
            "준공년월":"1974-12-09",
            "준공년차":49.0,
            "가까운역이름":"서빙고",
            "가까운역거리":589.7,
            "역세권여부":"준역세권",
            "30분이내주요거점역":5,
            "30분거점역이름":"['강남', '여의도', '을지로3가', '왕십리', '명동']",
            "1시간이내주요거점역":17,
            "1시간거점역이름":"['강남', '역삼', '잠실', '판교', '여의도', '을지로3가', '양재', '정자', '수원시청', '평촌', '가산디지털단지', '왕십리', '홍대입구', '수원', '구로디지털단지', '명동', 'GTX성남(2023년)']",
            "3km이내백화점수":1,
            "5km이내아울렛몰수":1,
            "1km이내대형먀트수":0,
            "500m이내은행수":0,
            "500m이내병원수":0,
            "5km이내대형병원수":5,
            "500m이내공원수":4,
            "3km이내혐오시설수":0,
            "초등학교학업성취도":89.96,
            "중학교학업성취도":90.9,
            "용적률":210,
            "건폐율":0,
            "Y":37.518811,
            "X":126.981793,
            "rank":48.0,
            "area_info":"31평(105.45), 31평(105.46), 39평(129.34), 39평(129.35), 40평(134.79), 40평(134.8), 40평(134.79), 42평(141.09), 42평(141.19), 45평(150.58), 52평(174.81), 57평(188.89), 57평(188.92)",
            "last_sales":"2021-09-15,262000.0,52평(174.81)",
            "rank_history":[
                [
                    "202203",
                    48
                ],
                [
                    "202202",
                    55
                ],
                [
                    "202201",
                    57
                ]
            ],
            "rank_gap":7
        },
        {
            "index":479,
            "아파트명":"청화",
            "투자타입":"재건축",
            "전용면적(m2)":"113.71",
            "전용면적(평)":"34평",
            "법정동주소":"서울시 용산구 이태원동 22-2",
            "도로명주소":"서울시 용산구 장문로 27",
            "세대수":50,
            "입주년차":"--",
            "용적률점수":80,
            "건폐율점수":0,
            "세대당주차수":"--",
            "난방방식":"--",
            "공급면적":90,
            "전용률":100,
            "욕실수":"--",
            "현관타입":"--",
            "주거총점":56.5,
            "지역구공급총점":100.0,
            "역세권":50,
            "30분내 이동가능 거점":100,
            "1시간내 이동가능 거점":100,
            "교통총점":75.0,
            "백화점":100,
            "아울렛몰":100,
            "대형마트":0,
            "은행":20,
            "병원":0,
            "종합병원":100,
            "공원":0,
            "혐오시설":0,
            "인프라총점":62.0,
            "초등학군":89.98,
            "중학군":51.04,
            "학군총점":58.828,
            "인구수":24.63,
            "인구증감":-10.92,
            "인구총점":13.965,
            "일자리":21.14,
            "소득수준":78.32,
            "일자리총점":38.294,
            "가치 총점":64.9742,
            "매매실거래년":20220113.0,
            "매매실거래가":290000.0,
            "전세실거래년":20211228.0,
            "전세실거래가":34650.0,
            "전세가율":18.24,
            "장기전세가율평균":52.28,
            "전세가율거품지수":34.04,
            "검색코드":775,
            "세대수":578.0,
            "준공년월":"1982-09-18",
            "준공년차":41.0,
            "가까운역이름":"이태원",
            "가까운역거리":510.18,
            "역세권여부":"준역세권",
            "30분이내주요거점역":8,
            "30분거점역이름":"['강남', '역삼', '여의도', '을지로3가', '양재', '왕십리', '홍대입구', '명동']",
            "1시간이내주요거점역":17,
            "1시간거점역이름":"['강남', '역삼', '잠실', '판교', '여의도', '을지로3가', '양재', '정자', '평촌', '가산디지털단지', '왕십리', '홍대입구', '구로디지털단지', '명동', '마곡', 'GTX킨텍스(2023년)', 'GTX성남(2023년)']",
            "3km이내백화점수":2,
            "5km이내아울렛몰수":2,
            "1km이내대형먀트수":0,
            "500m이내은행수":2,
            "500m이내병원수":0,
            "5km이내대형병원수":8,
            "500m이내공원수":0,
            "3km이내혐오시설수":0,
            "초등학교학업성취도":89.98,
            "중학교학업성취도":83.4,
            "용적률":196,
            "건폐율":0,
            "Y":37.529961,
            "X":126.994924,
            "rank":49.0,
            "area_info":"34평(113.71), 34평(115.28), 46평(154.81), 57평(189.16)",
            "last_sales":"2022-01-13,290000.0,57평(189.16)",
            "rank_history":[
                [
                    "202203",
                    49
                ],
                [
                    "202202",
                    28
                ],
                [
                    "202201",
                    28
                ]
            ],
            "rank_gap":-21
        },
        {
            "index":144,
            "아파트명":"금호베스트빌",
            "투자타입":"일반",
            "전용면적(m2)":"115.62",
            "전용면적(평)":"34평",
            "법정동주소":"서울시 용산구 서빙고동 296",
            "도로명주소":"서울시 용산구 서빙고로51길 68-14",
            "세대수":0,
            "입주년차":20,
            "용적률점수":"--",
            "건폐율점수":"--",
            "세대당주차수":60,
            "난방방식":30,
            "공급면적":"--",
            "전용률":"--",
            "욕실수":100,
            "현관타입":100,
            "주거총점":36.0,
            "지역구공급총점":100.0,
            "역세권":80,
            "30분내 이동가능 거점":100,
            "1시간내 이동가능 거점":100,
            "교통총점":90.0,
            "백화점":100,
            "아울렛몰":80,
            "대형마트":0,
            "은행":0,
            "병원":0,
            "종합병원":100,
            "공원":0,
            "혐오시설":0,
            "인프라총점":58.0,
            "초등학군":90.03,
            "중학군":51.04,
            "학군총점":58.838,
            "인구수":24.63,
            "인구증감":-10.92,
            "인구총점":13.965,
            "일자리":21.14,
            "소득수준":78.32,
            "일자리총점":38.294,
            "가치 총점":64.9257,
            "매매실거래년":20211103.0,
            "매매실거래가":200000.0,
            "전세실거래년":20220112.0,
            "전세실거래가":62000.0,
            "전세가율":35.63,
            "장기전세가율평균":52.28,
            "전세가율거품지수":16.65,
            "검색코드":3460,
            "세대수":172.0,
            "준공년월":"2002-10-14",
            "준공년차":21.0,
            "가까운역이름":"서빙고",
            "가까운역거리":492.45,
            "역세권여부":"역세권",
            "30분이내주요거점역":7,
            "30분거점역이름":"['강남', '역삼', '여의도', '양재', '왕십리', '홍대입구', '명동']",
            "1시간이내주요거점역":17,
            "1시간거점역이름":"['강남', '역삼', '잠실', '판교', '여의도', '을지로3가', '양재', '정자', '평촌', '가산디지털단지', '왕십리', '홍대입구', '수원', '구로디지털단지', '명동', '서현', 'GTX성남(2023년)']",
            "3km이내백화점수":1,
            "5km이내아울렛몰수":1,
            "1km이내대형먀트수":0,
            "500m이내은행수":0,
            "500m이내병원수":0,
            "5km이내대형병원수":6,
            "500m이내공원수":0,
            "3km이내혐오시설수":0,
            "초등학교학업성취도":90.03,
            "중학교학업성취도":83.4,
            "용적률":292,
            "건폐율":18,
            "Y":37.52314,
            "X":126.991712,
            "rank":50.0,
            "area_info":"34평(115.62), 36평(121.71), 36평(121.45), 55평(182.65), 55평(183.86), 59평(196.07), 61평(204.15)",
            "last_sales":"2021-11-03,200000.0,59평(196.07)",
            "rank_history":[
                [
                    "202203",
                    50
                ],
                [
                    "202202",
                    48
                ],
                [
                    "202201",
                    52
                ]
            ],
            "rank_gap":-2
        },
        {
            "index":163,
            "아파트명":"용산e-편한세상",
            "투자타입":"일반",
            "전용면적(m2)":"81.83",
            "전용면적(평)":"24평",
            "법정동주소":"서울시 용산구 신계동 48",
            "도로명주소":"서울시 용산구 원효로 216",
            "세대수":80,
            "입주년차":60,
            "용적률점수":"--",
            "건폐율점수":"--",
            "세대당주차수":30,
            "난방방식":80,
            "공급면적":"--",
            "전용률":"--",
            "욕실수":100,
            "현관타입":100,
            "주거총점":72.5,
            "지역구공급총점":100.0,
            "역세권":50,
            "30분내 이동가능 거점":100,
            "1시간내 이동가능 거점":100,
            "교통총점":75.0,
            "백화점":0,
            "아울렛몰":80,
            "대형마트":80,
            "은행":100,
            "병원":0,
            "종합병원":100,
            "공원":100,
            "혐오시설":0,
            "인프라총점":53.0,
            "초등학군":89.97,
            "중학군":44.52,
            "학군총점":53.61,
            "인구수":24.63,
            "인구증감":-10.92,
            "인구총점":13.965,
            "일자리":21.14,
            "소득수준":78.32,
            "일자리총점":38.294,
            "가치 총점":64.6915,
            "매매실거래년":20210727.0,
            "매매실거래가":250000.0,
            "전세실거래년":20220109.0,
            "전세실거래가":63000.0,
            "전세가율":43.45,
            "장기전세가율평균":52.28,
            "전세가율거품지수":8.83,
            "검색코드":27355,
            "세대수":867.0,
            "준공년월":"2011-04-01",
            "준공년차":12.0,
            "가까운역이름":"삼각지",
            "가까운역거리":504.55,
            "역세권여부":"준역세권",
            "30분이내주요거점역":5,
            "30분거점역이름":"['여의도', '을지로3가', '왕십리', '홍대입구', '명동']",
            "1시간이내주요거점역":20,
            "1시간거점역이름":"['강남', '역삼', '잠실', '판교', '여의도', '을지로3가', '양재', '정자', '수원시청', '평촌', '가산디지털단지', '왕십리', '홍대입구', '수원', '구로디지털단지', '명동', '대화', '마곡', 'GTX킨텍스(2023년)', 'GTX성남(2023년)']",
            "3km이내백화점수":0,
            "5km이내아울렛몰수":1,
            "1km이내대형먀트수":1,
            "500m이내은행수":6,
            "500m이내병원수":0,
            "5km이내대형병원수":10,
            "500m이내공원수":5,
            "3km이내혐오시설수":0,
            "초등학교학업성취도":89.97,
            "중학교학업성취도":73.0,
            "용적률":250,
            "건폐율":17,
            "Y":37.535906,
            "X":126.967508,
            "rank":51.0,
            "area_info":"24평(81.83), 24평(82.54), 33평(109.27), 33평(109.68), 46평(153.66), 46평(154.35), 56평(186.96)",
            "last_sales":"2021-07-27,250000.0,56평(186.96)",
            "rank_history":[
                [
                    "202203",
                    51
                ],
                [
                    "202202",
                    30
                ],
                [
                    "202201",
                    27
                ]
            ],
            "rank_gap":-21
        },
        {
            "index":210,
            "아파트명":"시온캐슬용산",
            "투자타입":"일반",
            "전용면적(m2)":"26.35",
            "전용면적(평)":"7평",
            "법정동주소":"서울시 용산구 원효로1가 28-7",
            "도로명주소":"서울시 용산구 원효로81길 3",
            "세대수":0,
            "입주년차":100,
            "용적률점수":"--",
            "건폐율점수":"--",
            "세대당주차수":0,
            "난방방식":30,
            "공급면적":"--",
            "전용률":"--",
            "욕실수":50,
            "현관타입":100,
            "주거총점":38.0,
            "지역구공급총점":100.0,
            "역세권":80,
            "30분내 이동가능 거점":80,
            "1시간내 이동가능 거점":100,
            "교통총점":84.0,
            "백화점":100,
            "아울렛몰":100,
            "대형마트":0,
            "은행":20,
            "병원":0,
            "종합병원":100,
            "공원":100,
            "혐오시설":0,
            "인프라총점":65.0,
            "초등학군":89.97,
            "중학군":44.52,
            "학군총점":53.61,
            "인구수":24.63,
            "인구증감":-10.92,
            "인구총점":13.965,
            "일자리":21.14,
            "소득수준":78.32,
            "일자리총점":38.294,
            "가치 총점":64.5415,
            "매매실거래년":"18000101",
            "매매실거래가":null,
            "전세실거래년":20210710.0,
            "전세실거래가":31000.0,
            "전세가율":null,
            "장기전세가율평균":52.28,
            "전세가율거품지수":null,
            "검색코드":126332,
            "세대수":55.0,
            "준공년월":"2021-04-29",
            "준공년차":2.0,
            "가까운역이름":"남영",
            "가까운역거리":388.35,
            "역세권여부":"역세권",
            "30분이내주요거점역":4,
            "30분거점역이름":"['여의도', '을지로3가', '홍대입구', '명동']",
            "1시간이내주요거점역":20,
            "1시간거점역이름":"['강남', '역삼', '잠실', '판교', '여의도', '을지로3가', '양재', '정자', '수원시청', '평촌', '가산디지털단지', '왕십리', '홍대입구', '수원', '구로디지털단지', '명동', '대화', '마곡', 'GTX킨텍스(2023년)', 'GTX성남(2023년)']",
            "3km이내백화점수":1,
            "5km이내아울렛몰수":2,
            "1km이내대형먀트수":0,
            "500m이내은행수":2,
            "500m이내병원수":0,
            "5km이내대형병원수":10,
            "500m이내공원수":6,
            "3km이내혐오시설수":0,
            "초등학교학업성취도":89.97,
            "중학교학업성취도":73.0,
            "용적률":799,
            "건폐율":59,
            "Y":37.539179,
            "X":126.967289,
            "rank":52.0,
            "area_info":"7평(26.35), 7평(26.35), 7평(26.35), 9평(30.09), 9평(30.09), 9평(30.09), 9평(32.68), 9평(32.68), 9평(32.16), 9평(32.16), 9평(32.16), 9평(32.68), 10평(34.02), 10평(34.02)",
            "last_sales":"1800-01-01,nan,7평(26.35)",
            "rank_history":[
                [
                    "202203",
                    52
                ],
                [
                    "202202",
                    9999
                ]
            ],
            "rank_gap":9999
        },
        {
            "index":341,
            "아파트명":"강촌",
            "투자타입":"일반",
            "전용면적(m2)":"84.06",
            "전용면적(평)":"25평",
            "법정동주소":"서울시 용산구 이촌동 402",
            "도로명주소":"서울시 용산구 이촌로87길 13",
            "세대수":90,
            "입주년차":0,
            "용적률점수":"--",
            "건폐율점수":"--",
            "세대당주차수":30,
            "난방방식":100,
            "공급면적":"--",
            "전용률":"--",
            "욕실수":50,
            "현관타입":10,
            "주거총점":52.0,
            "지역구공급총점":100.0,
            "역세권":50,
            "30분내 이동가능 거점":100,
            "1시간내 이동가능 거점":100,
            "교통총점":75.0,
            "백화점":100,
            "아울렛몰":80,
            "대형마트":0,
            "은행":0,
            "병원":0,
            "종합병원":100,
            "공원":100,
            "혐오시설":0,
            "인프라총점":61.0,
            "초등학군":89.96,
            "중학군":57.42,
            "학군총점":63.928,
            "인구수":24.63,
            "인구증감":-10.92,
            "인구총점":13.965,
            "일자리":21.14,
            "소득수준":78.32,
            "일자리총점":38.294,
            "가치 총점":64.5392,
            "매매실거래년":20211103.0,
            "매매실거래가":259500.0,
            "전세실거래년":20220219.0,
            "전세실거래가":50400.0,
            "전세가율":28.0,
            "장기전세가율평균":52.28,
            "전세가율거품지수":24.28,
            "검색코드":761,
            "세대수":1001.0,
            "준공년월":"1998-01-08",
            "준공년차":25.0,
            "가까운역이름":"이촌",
            "가까운역거리":569.07,
            "역세권여부":"준역세권",
            "30분이내주요거점역":5,
            "30분거점역이름":"['여의도', '을지로3가', '왕십리', '홍대입구', '명동']",
            "1시간이내주요거점역":18,
            "1시간거점역이름":"['강남', '역삼', '잠실', '판교', '여의도', '을지로3가', '양재', '정자', '수원시청', '평촌', '가산디지털단지', '왕십리', '홍대입구', '수원', '구로디지털단지', '명동', '마곡', 'GTX성남(2023년)']",
            "3km이내백화점수":1,
            "5km이내아울렛몰수":1,
            "1km이내대형먀트수":0,
            "500m이내은행수":0,
            "500m이내병원수":0,
            "5km이내대형병원수":4,
            "500m이내공원수":4,
            "3km이내혐오시설수":0,
            "초등학교학업성취도":89.96,
            "중학교학업성취도":90.9,
            "용적률":339,
            "건폐율":23,
            "Y":37.519188,
            "X":126.978553,
            "rank":53.0,
            "area_info":"25평(84.06), 33평(110.76), 33평(110.86), 33평(110.17), 40평(133.4), 42평(141.87)",
            "last_sales":"2021-11-03,259500.0,40평(133.4)",
            "rank_history":[
                [
                    "202203",
                    53
                ],
                [
                    "202202",
                    57
                ],
                [
                    "202201",
                    55
                ]
            ],
            "rank_gap":4
        },
        {
            "index":763,
            "아파트명":"한남힐스테이트",
            "투자타입":"일반",
            "전용면적(m2)":"111.38",
            "전용면적(평)":"33평",
            "법정동주소":"서울시 용산구 한남동 807",
            "도로명주소":"서울시 용산구 장문로 141",
            "세대수":0,
            "입주년차":20,
            "용적률점수":"--",
            "건폐율점수":"--",
            "세대당주차수":60,
            "난방방식":30,
            "공급면적":"--",
            "전용률":"--",
            "욕실수":100,
            "현관타입":100,
            "주거총점":36.0,
            "지역구공급총점":100.0,
            "역세권":80,
            "30분내 이동가능 거점":100,
            "1시간내 이동가능 거점":100,
            "교통총점":90.0,
            "백화점":100,
            "아울렛몰":100,
            "대형마트":0,
            "은행":0,
            "병원":0,
            "종합병원":100,
            "공원":0,
            "혐오시설":0,
            "인프라총점":60.0,
            "초등학군":89.98,
            "중학군":42.22,
            "학군총점":51.772,
            "인구수":24.63,
            "인구증감":-10.92,
            "인구총점":13.965,
            "일자리":21.14,
            "소득수준":78.32,
            "일자리총점":38.294,
            "가치 총점":64.4658,
            "매매실거래년":20201219.0,
            "매매실거래가":210000.0,
            "전세실거래년":20211220.0,
            "전세실거래가":57500.0,
            "전세가율":47.25,
            "장기전세가율평균":52.28,
            "전세가율거품지수":5.03,
            "검색코드":8519,
            "세대수":283.0,
            "준공년월":"2003-10-02",
            "준공년차":20.0,
            "가까운역이름":"한남",
            "가까운역거리":479.34,
            "역세권여부":"역세권",
            "30분이내주요거점역":6,
            "30분거점역이름":"['강남', '역삼', '을지로3가', '양재', '왕십리', '명동']",
            "1시간이내주요거점역":16,
            "1시간거점역이름":"['강남', '역삼', '잠실', '판교', '여의도', '을지로3가', '양재', '정자', '평촌', '가산디지털단지', '왕십리', '홍대입구', '수원', '구로디지털단지', '명동', 'GTX성남(2023년)']",
            "3km이내백화점수":2,
            "5km이내아울렛몰수":2,
            "1km이내대형먀트수":0,
            "500m이내은행수":1,
            "500m이내병원수":0,
            "5km이내대형병원수":7,
            "500m이내공원수":0,
            "3km이내혐오시설수":0,
            "초등학교학업성취도":89.98,
            "중학교학업성취도":69.3,
            "용적률":222,
            "건폐율":19,
            "Y":37.528865,
            "X":127.00382,
            "rank":54.0,
            "area_info":"33평(111.38), 33평(111.86), 33평(111.74), 45평(150.6), 46평(154.44), 46평(155.08), 47평(156.47), 47평(156.67), 55평(181.91)",
            "last_sales":"2020-12-19,210000.0,55평(181.91)",
            "rank_history":[
                [
                    "202203",
                    54
                ],
                [
                    "202202",
                    29
                ],
                [
                    "202201",
                    31
                ]
            ],
            "rank_gap":-25
        },
        {
            "index":629,
            "아파트명":"한강로우림필유",
            "투자타입":"일반",
            "전용면적(m2)":"81.46",
            "전용면적(평)":"24평",
            "법정동주소":"서울시 용산구 한강로3가 91",
            "도로명주소":"서울시 용산구 이촌로29길 21-7",
            "세대수":0,
            "입주년차":40,
            "용적률점수":"--",
            "건폐율점수":"--",
            "세대당주차수":30,
            "난방방식":30,
            "공급면적":"--",
            "전용률":"--",
            "욕실수":100,
            "현관타입":100,
            "주거총점":35.5,
            "지역구공급총점":100.0,
            "역세권":50,
            "30분내 이동가능 거점":100,
            "1시간내 이동가능 거점":100,
            "교통총점":75.0,
            "백화점":100,
            "아울렛몰":80,
            "대형마트":80,
            "은행":0,
            "병원":0,
            "종합병원":100,
            "공원":100,
            "혐오시설":-50,
            "인프라총점":72.0,
            "초등학군":89.97,
            "중학군":54.82,
            "학군총점":61.85,
            "인구수":24.63,
            "인구증감":-10.92,
            "인구총점":13.965,
            "일자리":21.14,
            "소득수준":78.32,
            "일자리총점":38.294,
            "가치 총점":64.2275,
            "매매실거래년":20210524.0,
            "매매실거래가":136000.0,
            "전세실거래년":20200406.0,
            "전세실거래가":38000.0,
            "전세가율":71.7,
            "장기전세가율평균":52.28,
            "전세가율거품지수":-19.42,
            "검색코드":22634,
            "세대수":144.0,
            "준공년월":"2006-09-15",
            "준공년차":17.0,
            "가까운역이름":"신용산",
            "가까운역거리":845.34,
            "역세권여부":"준역세권",
            "30분이내주요거점역":5,
            "30분거점역이름":"['여의도', '을지로3가', '왕십리', '홍대입구', '명동']",
            "1시간이내주요거점역":16,
            "1시간거점역이름":"['강남', '역삼', '잠실', '여의도', '을지로3가', '양재', '수원시청', '평촌', '가산디지털단지', '왕십리', '홍대입구', '수원', '구로디지털단지', '명동', '마곡', 'GTX성남(2023년)']",
            "3km이내백화점수":1,
            "5km이내아울렛몰수":1,
            "1km이내대형먀트수":1,
            "500m이내은행수":1,
            "500m이내병원수":0,
            "5km이내대형병원수":11,
            "500m이내공원수":2,
            "3km이내혐오시설수":1,
            "초등학교학업성취도":89.97,
            "중학교학업성취도":90.3,
            "용적률":199,
            "건폐율":20,
            "Y":37.525332,
            "X":126.959757,
            "rank":55.0,
            "area_info":"24평(81.46), 31평(105.63)",
            "last_sales":"2021-05-24,136000.0,31평(105.63)",
            "rank_history":[
                [
                    "202203",
                    55
                ],
                [
                    "202202",
                    52
                ],
                [
                    "202201",
                    49
                ]
            ],
            "rank_gap":-3
        },
        {
            "index":550,
            "아파트명":"한강로벽산메가트리움",
            "투자타입":"일반",
            "전용면적(m2)":"109.3",
            "전용면적(평)":"33평",
            "법정동주소":"서울시 용산구 한강로2가 2-8",
            "도로명주소":"서울시 용산구 한강대로43길 8",
            "세대수":0,
            "입주년차":40,
            "용적률점수":"--",
            "건폐율점수":"--",
            "세대당주차수":60,
            "난방방식":30,
            "공급면적":"--",
            "전용률":"--",
            "욕실수":100,
            "현관타입":100,
            "주거총점":40.0,
            "지역구공급총점":100.0,
            "역세권":80,
            "30분내 이동가능 거점":100,
            "1시간내 이동가능 거점":100,
            "교통총점":90.0,
            "백화점":0,
            "아울렛몰":80,
            "대형마트":80,
            "은행":100,
            "병원":0,
            "종합병원":100,
            "공원":100,
            "혐오시설":0,
            "인프라총점":53.0,
            "초등학군":89.97,
            "중학군":44.52,
            "학군총점":53.61,
            "인구수":24.63,
            "인구증감":-10.92,
            "인구총점":13.965,
            "일자리":21.14,
            "소득수준":78.32,
            "일자리총점":38.294,
            "가치 총점":63.4415,
            "매매실거래년":20210821.0,
            "매매실거래가":152500.0,
            "전세실거래년":20220108.0,
            "전세실거래가":65000.0,
            "전세가율":40.75,
            "장기전세가율평균":52.28,
            "전세가율거품지수":11.53,
            "검색코드":9398,
            "세대수":248.0,
            "준공년월":"2005-05-06",
            "준공년차":18.0,
            "가까운역이름":"삼각지",
            "가까운역거리":368.7,
            "역세권여부":"역세권",
            "30분이내주요거점역":7,
            "30분거점역이름":"['여의도', '을지로3가', '가산디지털단지', '왕십리', '홍대입구', '구로디지털단지', '명동']",
            "1시간이내주요거점역":19,
            "1시간거점역이름":"['강남', '역삼', '잠실', '판교', '여의도', '을지로3가', '양재', '정자', '수원시청', '평촌', '가산디지털단지', '왕십리', '홍대입구', '수원', '구로디지털단지', '명동', '마곡', 'GTX킨텍스(2023년)', 'GTX성남(2023년)']",
            "3km이내백화점수":0,
            "5km이내아울렛몰수":1,
            "1km이내대형먀트수":1,
            "500m이내은행수":7,
            "500m이내병원수":0,
            "5km이내대형병원수":10,
            "500m이내공원수":2,
            "3km이내혐오시설수":0,
            "초등학교학업성취도":89.97,
            "중학교학업성취도":73.0,
            "용적률":697,
            "건폐율":58,
            "Y":37.532365,
            "X":126.969661,
            "rank":56.0,
            "area_info":"33평(109.3), 32평(109.06), 33평(109.2), 34평(113.04), 34평(114.15), 44평(148.74), 48평(160.42)",
            "last_sales":"2021-08-21,152500.0,34평(113.04)",
            "rank_history":[
                [
                    "202203",
                    56
                ],
                [
                    "202202",
                    32
                ],
                [
                    "202201",
                    30
                ]
            ],
            "rank_gap":-24
        },
        {
            "index":912,
            "아파트명":"효창베네스",
            "투자타입":"일반",
            "전용면적(m2)":"112.87",
            "전용면적(평)":"34평",
            "법정동주소":"서울시 용산구 효창동 272",
            "도로명주소":"서울시 용산구 효창원로69길 57",
            "세대수":0,
            "입주년차":20,
            "용적률점수":"--",
            "건폐율점수":"--",
            "세대당주차수":60,
            "난방방식":30,
            "공급면적":"--",
            "전용률":"--",
            "욕실수":100,
            "현관타입":100,
            "주거총점":36.0,
            "지역구공급총점":100.0,
            "역세권":50,
            "30분내 이동가능 거점":100,
            "1시간내 이동가능 거점":100,
            "교통총점":75.0,
            "백화점":100,
            "아울렛몰":80,
            "대형마트":80,
            "은행":0,
            "병원":0,
            "종합병원":100,
            "공원":100,
            "혐오시설":0,
            "인프라총점":73.0,
            "초등학군":89.96,
            "중학군":44.52,
            "학군총점":53.608,
            "인구수":24.63,
            "인구증감":-10.92,
            "인구총점":13.965,
            "일자리":21.14,
            "소득수준":78.32,
            "일자리총점":38.294,
            "가치 총점":63.3912,
            "매매실거래년":20210301.0,
            "매매실거래가":100000.0,
            "전세실거래년":20220108.0,
            "전세실거래가":48000.0,
            "전세가율":48.0,
            "장기전세가율평균":52.28,
            "전세가율거품지수":4.28,
            "검색코드":9679,
            "세대수":87.0,
            "준공년월":"2002-03-29",
            "준공년차":21.0,
            "가까운역이름":"효창공원앞",
            "가까운역거리":516.79,
            "역세권여부":"준역세권",
            "30분이내주요거점역":5,
            "30분거점역이름":"['여의도', '을지로3가', '왕십리', '홍대입구', '명동']",
            "1시간이내주요거점역":19,
            "1시간거점역이름":"['강남', '역삼', '잠실', '판교', '여의도', '을지로3가', '양재', '수원시청', '평촌', '가산디지털단지', '왕십리', '홍대입구', '수원', '구로디지털단지', '명동', '대화', '마곡', 'GTX킨텍스(2023년)', 'GTX성남(2023년)']",
            "3km이내백화점수":2,
            "5km이내아울렛몰수":1,
            "1km이내대형먀트수":1,
            "500m이내은행수":1,
            "500m이내병원수":0,
            "5km이내대형병원수":12,
            "500m이내공원수":2,
            "3km이내혐오시설수":0,
            "초등학교학업성취도":89.96,
            "중학교학업성취도":73.0,
            "용적률":245,
            "건폐율":40,
            "Y":37.542275,
            "X":126.959227,
            "rank":57.0,
            "area_info":"34평(112.87), 34평(113.91), 47평(156.73)",
            "last_sales":"2021-03-01,100000.0,34평(112.87)",
            "rank_history":[
                [
                    "202203",
                    57
                ],
                [
                    "202202",
                    9999
                ]
            ],
            "rank_gap":9999
        },
        {
            "index":532,
            "아파트명":"용산파크e-편한세상",
            "투자타입":"일반",
            "전용면적(m2)":"102.94",
            "전용면적(평)":"31평",
            "법정동주소":"서울시 용산구 한강로2가 417",
            "도로명주소":"서울시 용산구 한강대로53길 16",
            "세대수":0,
            "입주년차":40,
            "용적률점수":"--",
            "건폐율점수":"--",
            "세대당주차수":60,
            "난방방식":30,
            "공급면적":"--",
            "전용률":"--",
            "욕실수":100,
            "현관타입":100,
            "주거총점":40.0,
            "지역구공급총점":100.0,
            "역세권":80,
            "30분내 이동가능 거점":100,
            "1시간내 이동가능 거점":100,
            "교통총점":90.0,
            "백화점":0,
            "아울렛몰":80,
            "대형마트":80,
            "은행":70,
            "병원":0,
            "종합병원":100,
            "공원":100,
            "혐오시설":0,
            "인프라총점":50.0,
            "초등학군":89.97,
            "중학군":48.52,
            "학군총점":56.81,
            "인구수":24.63,
            "인구증감":-10.92,
            "인구총점":13.965,
            "일자리":21.14,
            "소득수준":78.32,
            "일자리총점":38.294,
            "가치 총점":63.0215,
            "매매실거래년":20210124.0,
            "매매실거래가":149000.0,
            "전세실거래년":20211020.0,
            "전세실거래가":57750.0,
            "전세가율":38.76,
            "장기전세가율평균":52.28,
            "전세가율거품지수":13.52,
            "검색코드":19499,
            "세대수":146.0,
            "준공년월":"2007-06-13",
            "준공년차":16.0,
            "가까운역이름":"삼각지",
            "가까운역거리":193.53,
            "역세권여부":"역세권",
            "30분이내주요거점역":5,
            "30분거점역이름":"['여의도', '을지로3가', '왕십리', '홍대입구', '명동']",
            "1시간이내주요거점역":19,
            "1시간거점역이름":"['강남', '역삼', '잠실', '판교', '여의도', '을지로3가', '양재', '정자', '수원시청', '평촌', '가산디지털단지', '왕십리', '홍대입구', '수원', '구로디지털단지', '명동', '마곡', 'GTX킨텍스(2023년)', 'GTX성남(2023년)']",
            "3km이내백화점수":0,
            "5km이내아울렛몰수":1,
            "1km이내대형먀트수":1,
            "500m이내은행수":4,
            "500m이내병원수":0,
            "5km이내대형병원수":11,
            "500m이내공원수":5,
            "3km이내혐오시설수":0,
            "초등학교학업성취도":89.97,
            "중학교학업성취도":80.4,
            "용적률":250,
            "건폐율":12,
            "Y":37.533952,
            "X":126.970816,
            "rank":58.0,
            "area_info":"31평(102.94), 42평(138.85)",
            "last_sales":"2021-01-24,149000.0,31평(102.94)",
            "rank_history":[
                [
                    "202203",
                    58
                ],
                [
                    "202202",
                    34
                ],
                [
                    "202201",
                    29
                ]
            ],
            "rank_gap":-24
        },
        {
            "index":531,
            "아파트명":"용산아이피아대주피오레",
            "투자타입":"일반",
            "전용면적(m2)":"135.55",
            "전용면적(평)":"41평",
            "법정동주소":"서울시 용산구 한강로2가 2-185",
            "도로명주소":"서울시 용산구 청파로20길 9",
            "세대수":0,
            "입주년차":40,
            "용적률점수":"--",
            "건폐율점수":"--",
            "세대당주차수":100,
            "난방방식":30,
            "공급면적":"--",
            "전용률":"--",
            "욕실수":100,
            "현관타입":10,
            "주거총점":37.0,
            "지역구공급총점":100.0,
            "역세권":80,
            "30분내 이동가능 거점":100,
            "1시간내 이동가능 거점":100,
            "교통총점":90.0,
            "백화점":0,
            "아울렛몰":80,
            "대형마트":80,
            "은행":100,
            "병원":0,
            "종합병원":100,
            "공원":100,
            "혐오시설":0,
            "인프라총점":53.0,
            "초등학군":89.97,
            "중학군":44.52,
            "학군총점":53.61,
            "인구수":24.63,
            "인구증감":-10.92,
            "인구총점":13.965,
            "일자리":21.14,
            "소득수준":78.32,
            "일자리총점":38.294,
            "가치 총점":62.8415,
            "매매실거래년":20210224.0,
            "매매실거래가":79400.0,
            "전세실거래년":20211024.0,
            "전세실거래가":35000.0,
            "전세가율":44.08,
            "장기전세가율평균":52.28,
            "전세가율거품지수":8.2,
            "검색코드":26047,
            "세대수":56.0,
            "준공년월":"2007-05-18",
            "준공년차":16.0,
            "가까운역이름":"신용산",
            "가까운역거리":471.83,
            "역세권여부":"역세권",
            "30분이내주요거점역":7,
            "30분거점역이름":"['여의도', '을지로3가', '가산디지털단지', '왕십리', '홍대입구', '구로디지털단지', '명동']",
            "1시간이내주요거점역":19,
            "1시간거점역이름":"['강남', '역삼', '잠실', '판교', '여의도', '을지로3가', '양재', '정자', '수원시청', '평촌', '가산디지털단지', '왕십리', '홍대입구', '수원', '구로디지털단지', '명동', '대화', '마곡', 'GTX성남(2023년)']",
            "3km이내백화점수":0,
            "5km이내아울렛몰수":1,
            "1km이내대형먀트수":1,
            "500m이내은행수":7,
            "500m이내병원수":0,
            "5km이내대형병원수":10,
            "500m이내공원수":2,
            "3km이내혐오시설수":0,
            "초등학교학업성취도":89.97,
            "중학교학업성취도":73.0,
            "용적률":417,
            "건폐율":58,
            "Y":37.533471,
            "X":126.967315,
            "rank":59.0,
            "area_info":"41평(135.55)",
            "last_sales":"2021-02-24,79400.0,41평(135.55)",
            "rank_history":[
                [
                    "202203",
                    59
                ],
                [
                    "202202",
                    9999
                ]
            ],
            "rank_gap":9999
        },
        {
            "index":716,
            "아파트명":"한남리첸시아",
            "투자타입":"일반",
            "전용면적(m2)":"42.41",
            "전용면적(평)":"12평",
            "법정동주소":"서울시 용산구 한남동 72-1",
            "도로명주소":"서울시 용산구 한남대로 60",
            "세대수":30,
            "입주년차":40,
            "용적률점수":"--",
            "건폐율점수":"--",
            "세대당주차수":30,
            "난방방식":30,
            "공급면적":"--",
            "전용률":"--",
            "욕실수":50,
            "현관타입":10,
            "주거총점":32.0,
            "지역구공급총점":100.0,
            "역세권":50,
            "30분내 이동가능 거점":100,
            "1시간내 이동가능 거점":100,
            "교통총점":75.0,
            "백화점":100,
            "아울렛몰":100,
            "대형마트":0,
            "은행":100,
            "병원":0,
            "종합병원":100,
            "공원":80,
            "혐오시설":0,
            "인프라총점":72.4,
            "초등학군":89.98,
            "중학군":47.54,
            "학군총점":56.028,
            "인구수":24.63,
            "인구증감":-10.92,
            "인구총점":13.965,
            "일자리":21.14,
            "소득수준":78.32,
            "일자리총점":38.294,
            "가치 총점":62.7742,
            "매매실거래년":20210503.0,
            "매매실거래가":164500.0,
            "전세실거래년":20201018.0,
            "전세실거래가":33000.0,
            "전세가율":50.77,
            "장기전세가율평균":52.28,
            "전세가율거품지수":1.51,
            "검색코드":9575,
            "세대수":371.0,
            "준공년월":"2004-04-09",
            "준공년차":19.0,
            "가까운역이름":"한남",
            "가까운역거리":586.6,
            "역세권여부":"준역세권",
            "30분이내주요거점역":6,
            "30분거점역이름":"['강남', '역삼', '을지로3가', '양재', '왕십리', '명동']",
            "1시간이내주요거점역":17,
            "1시간거점역이름":"['강남', '역삼', '잠실', '판교', '여의도', '을지로3가', '양재', '정자', '평촌', '가산디지털단지', '왕십리', '홍대입구', '수원', '구로디지털단지', '명동', '서현', 'GTX성남(2023년)']",
            "3km이내백화점수":2,
            "5km이내아울렛몰수":2,
            "1km이내대형먀트수":0,
            "500m이내은행수":9,
            "500m이내병원수":0,
            "5km이내대형병원수":7,
            "500m이내공원수":1,
            "3km이내혐오시설수":0,
            "초등학교학업성취도":89.98,
            "중학교학업성취도":78.9,
            "용적률":499,
            "건폐율":58,
            "Y":37.534632,
            "X":127.008111,
            "rank":60.0,
            "area_info":"12평(42.41), 14평(49.4), 18평(59.91), 20평(67.24), 20평(68.36), 21평(72.34), 24평(80.17), 25평(82.86), 25평(84.01), 28평(94.86), 28평(95.65), 28평(95.1), 29평(96.61), 29평(97.44), 30평(99.77), 32평(106.56), 33평(110.14), 33평(111.42), 42평(139.85), 42평(140.13), 45평(150.34), 48평(160.76), 48평(161.78), 50평(166.51)",
            "last_sales":"2021-05-03,164500.0,32평(106.56)",
            "rank_history":[
                [
                    "202203",
                    60
                ],
                [
                    "202202",
                    19
                ],
                [
                    "202201",
                    21
                ]
            ],
            "rank_gap":-41
        },
        {
            "index":904,
            "아파트명":"효창맨션",
            "투자타입":"재건축",
            "전용면적(m2)":"66.62",
            "전용면적(평)":"20평",
            "법정동주소":"서울시 용산구 효창동 5-495",
            "도로명주소":"서울시 용산구 효창원로 157",
            "세대수":0,
            "입주년차":"--",
            "용적률점수":0,
            "건폐율점수":0,
            "세대당주차수":"--",
            "난방방식":"--",
            "공급면적":50,
            "전용률":80,
            "욕실수":"--",
            "현관타입":"--",
            "주거총점":6.5,
            "지역구공급총점":100.0,
            "역세권":80,
            "30분내 이동가능 거점":100,
            "1시간내 이동가능 거점":100,
            "교통총점":90.0,
            "백화점":100,
            "아울렛몰":80,
            "대형마트":80,
            "은행":0,
            "병원":0,
            "종합병원":100,
            "공원":100,
            "혐오시설":0,
            "인프라총점":73.0,
            "초등학군":89.96,
            "중학군":44.52,
            "학군총점":53.608,
            "인구수":24.63,
            "인구증감":-10.92,
            "인구총점":13.965,
            "일자리":21.14,
            "소득수준":78.32,
            "일자리총점":38.294,
            "가치 총점":62.7412,
            "매매실거래년":20210901.0,
            "매매실거래가":55000.0,
            "전세실거래년":20210929.0,
            "전세실거래가":30000.0,
            "전세가율":51.72,
            "장기전세가율평균":52.28,
            "전세가율거품지수":0.56,
            "검색코드":3815,
            "세대수":61.0,
            "준공년월":"1969-07-29",
            "준공년차":54.0,
            "가까운역이름":"효창공원앞",
            "가까운역거리":380.52,
            "역세권여부":"역세권",
            "30분이내주요거점역":5,
            "30분거점역이름":"['여의도', '을지로3가', '왕십리', '홍대입구', '명동']",
            "1시간이내주요거점역":19,
            "1시간거점역이름":"['강남', '역삼', '잠실', '판교', '여의도', '을지로3가', '양재', '수원시청', '평촌', '가산디지털단지', '왕십리', '홍대입구', '수원', '구로디지털단지', '명동', '대화', '마곡', 'GTX킨텍스(2023년)', 'GTX성남(2023년)']",
            "3km이내백화점수":2,
            "5km이내아울렛몰수":1,
            "1km이내대형먀트수":1,
            "500m이내은행수":1,
            "500m이내병원수":0,
            "5km이내대형병원수":11,
            "500m이내공원수":2,
            "3km이내혐오시설수":0,
            "초등학교학업성취도":89.96,
            "중학교학업성취도":73.0,
            "용적률":0,
            "건폐율":0,
            "Y":37.54195,
            "X":126.96191,
            "rank":61.0,
            "area_info":"20평(66.62), 20평(66.72), 20평(66.7), 20평(66.72), 21평(72.47), 22평(74.13), 24평(81.67), 50평(168.26)",
            "last_sales":"2021-09-01,55000.0,20평(66.72)",
            "rank_history":[
                [
                    "202203",
                    61
                ],
                [
                    "202202",
                    9999
                ]
            ],
            "rank_gap":9999
        },
        {
            "index":389,
            "아파트명":"반도",
            "투자타입":"재건축",
            "전용면적(m2)":"136.21",
            "전용면적(평)":"41평",
            "법정동주소":"서울시 용산구 이촌동 301-170",
            "도로명주소":"서울시 용산구 이촌로 324-10",
            "세대수":0,
            "입주년차":"--",
            "용적률점수":80,
            "건폐율점수":0,
            "세대당주차수":"--",
            "난방방식":"--",
            "공급면적":100,
            "전용률":100,
            "욕실수":"--",
            "현관타입":"--",
            "주거총점":42.0,
            "지역구공급총점":100.0,
            "역세권":50,
            "30분내 이동가능 거점":100,
            "1시간내 이동가능 거점":100,
            "교통총점":75.0,
            "백화점":100,
            "아울렛몰":80,
            "대형마트":0,
            "은행":0,
            "병원":0,
            "종합병원":100,
            "공원":100,
            "혐오시설":0,
            "인프라총점":61.0,
            "초등학군":89.96,
            "중학군":57.42,
            "학군총점":63.928,
            "인구수":24.63,
            "인구증감":-10.92,
            "인구총점":13.965,
            "일자리":21.14,
            "소득수준":78.32,
            "일자리총점":38.294,
            "가치 총점":62.5392,
            "매매실거래년":20210804.0,
            "매매실거래가":260000.0,
            "전세실거래년":20220111.0,
            "전세실거래가":78700.0,
            "전세가율":30.27,
            "장기전세가율평균":52.28,
            "전세가율거품지수":22.01,
            "검색코드":764,
            "세대수":192.0,
            "준공년월":"1977-01-12",
            "준공년차":46.0,
            "가까운역이름":"서빙고",
            "가까운역거리":603.98,
            "역세권여부":"준역세권",
            "30분이내주요거점역":5,
            "30분거점역이름":"['강남', '여의도', '을지로3가', '왕십리', '명동']",
            "1시간이내주요거점역":17,
            "1시간거점역이름":"['강남', '역삼', '잠실', '판교', '여의도', '을지로3가', '양재', '정자', '수원시청', '평촌', '가산디지털단지', '왕십리', '홍대입구', '수원', '구로디지털단지', '명동', 'GTX성남(2023년)']",
            "3km이내백화점수":1,
            "5km이내아울렛몰수":1,
            "1km이내대형먀트수":0,
            "500m이내은행수":0,
            "500m이내병원수":0,
            "5km이내대형병원수":5,
            "500m이내공원수":4,
            "3km이내혐오시설수":0,
            "초등학교학업성취도":89.96,
            "중학교학업성취도":90.9,
            "용적률":213,
            "건폐율":0,
            "Y":37.517148,
            "X":126.98228,
            "rank":62.0,
            "area_info":"41평(136.21), 50평(166.34), 50평(167.18), 59평(197.46)",
            "last_sales":"2021-08-04,260000.0,59평(197.46)",
            "rank_history":[
                [
                    "202203",
                    62
                ],
                [
                    "202202",
                    60
                ],
                [
                    "202201",
                    64
                ]
            ],
            "rank_gap":-2
        },
        {
            "index":116,
            "아파트명":"주미",
            "투자타입":"재건축",
            "전용면적(m2)":"49.59",
            "전용면적(평)":"15평",
            "법정동주소":"서울시 용산구 보광동 260-6",
            "도로명주소":"서울시 용산구 보광로 40",
            "세대수":0,
            "입주년차":"--",
            "용적률점수":100,
            "건폐율점수":0,
            "세대당주차수":"--",
            "난방방식":"--",
            "공급면적":50,
            "전용률":100,
            "욕실수":"--",
            "현관타입":"--",
            "주거총점":47.5,
            "지역구공급총점":100.0,
            "역세권":50,
            "30분내 이동가능 거점":100,
            "1시간내 이동가능 거점":100,
            "교통총점":75.0,
            "백화점":100,
            "아울렛몰":100,
            "대형마트":0,
            "은행":20,
            "병원":0,
            "종합병원":100,
            "공원":0,
            "혐오시설":0,
            "인프라총점":62.0,
            "초등학군":89.98,
            "중학군":42.22,
            "학군총점":51.772,
            "인구수":24.63,
            "인구증감":-10.92,
            "인구총점":13.965,
            "일자리":21.14,
            "소득수준":78.32,
            "일자리총점":38.294,
            "가치 총점":62.1158,
            "매매실거래년":20160527.0,
            "매매실거래가":64000.0,
            "전세실거래년":20210515.0,
            "전세실거래가":6000.0,
            "전세가율":16.9,
            "장기전세가율평균":52.28,
            "전세가율거품지수":35.38,
            "검색코드":13076,
            "세대수":54.0,
            "준공년월":"1973-01-31",
            "준공년차":50.0,
            "가까운역이름":"이태원",
            "가까운역거리":855.8,
            "역세권여부":"준역세권",
            "30분이내주요거점역":5,
            "30분거점역이름":"['강남', '역삼', '양재', '왕십리', '명동']",
            "1시간이내주요거점역":19,
            "1시간거점역이름":"['강남', '역삼', '잠실', '판교', '여의도', '을지로3가', '양재', '정자', '평촌', '가산디지털단지', '왕십리', '홍대입구', '수원', '구로디지털단지', '명동', '서현', '마곡', 'GTX킨텍스(2023년)', 'GTX성남(2023년)']",
            "3km이내백화점수":2,
            "5km이내아울렛몰수":2,
            "1km이내대형먀트수":0,
            "500m이내은행수":2,
            "500m이내병원수":0,
            "5km이내대형병원수":6,
            "500m이내공원수":0,
            "3km이내혐오시설수":0,
            "초등학교학업성취도":89.98,
            "중학교학업성취도":69.3,
            "용적률":138,
            "건폐율":0,
            "Y":37.52804,
            "X":126.99956,
            "rank":63.0,
            "area_info":"15평(49.59), 17평(59.5), 21평(72.06), 21평(72.06), 21평(72.06), 24평(80.66), 24평(80.67), 24평(80.66), 24평(82.32), 24평(82.31), 24평(82.31), 24평(82.31), 28평(94.48), 30평(101.82), 30평(101.82), 30평(101.82), 32평(105.79), 31평(105.78), 32평(108.08), 33평(109.19), 49평(164.76), 52평(172.23), 56평(186.46)",
            "last_sales":"2016-05-27,64000.0,32평(105.79)",
            "rank_history":[
                [
                    "202203",
                    63
                ],
                [
                    "202202",
                    9999
                ]
            ],
            "rank_gap":9999
        },
        {
            "index":861,
            "아파트명":"현대안성타워",
            "투자타입":"일반",
            "전용면적(m2)":"40.49",
            "전용면적(평)":"12평",
            "법정동주소":"서울시 용산구 한남동 737-28",
            "도로명주소":"서울시 용산구 이태원로 217",
            "세대수":0,
            "입주년차":0,
            "용적률점수":"--",
            "건폐율점수":"--",
            "세대당주차수":30,
            "난방방식":30,
            "공급면적":"--",
            "전용률":"--",
            "욕실수":50,
            "현관타입":10,
            "주거총점":13.5,
            "지역구공급총점":100.0,
            "역세권":80,
            "30분내 이동가능 거점":100,
            "1시간내 이동가능 거점":100,
            "교통총점":90.0,
            "백화점":100,
            "아울렛몰":100,
            "대형마트":0,
            "은행":70,
            "병원":0,
            "종합병원":100,
            "공원":0,
            "혐오시설":0,
            "인프라총점":67.0,
            "초등학군":89.98,
            "중학군":42.22,
            "학군총점":51.772,
            "인구수":24.63,
            "인구증감":-10.92,
            "인구총점":13.965,
            "일자리":21.14,
            "소득수준":78.32,
            "일자리총점":38.294,
            "가치 총점":62.0658,
            "매매실거래년":20210617.0,
            "매매실거래가":105000.0,
            "전세실거래년":20141118.0,
            "전세실거래가":12000.0,
            "전세가율":43.64,
            "장기전세가율평균":52.28,
            "전세가율거품지수":8.64,
            "검색코드":9659,
            "세대수":54.0,
            "준공년월":"1998-09-16",
            "준공년차":25.0,
            "가까운역이름":"이태원",
            "가까운역거리":328.89,
            "역세권여부":"역세권",
            "30분이내주요거점역":8,
            "30분거점역이름":"['강남', '역삼', '여의도', '을지로3가', '양재', '왕십리', '홍대입구', '명동']",
            "1시간이내주요거점역":18,
            "1시간거점역이름":"['강남', '역삼', '잠실', '판교', '여의도', '을지로3가', '양재', '정자', '평촌', '가산디지털단지', '왕십리', '홍대입구', '구로디지털단지', '명동', '서현', '마곡', 'GTX킨텍스(2023년)', 'GTX성남(2023년)']",
            "3km이내백화점수":1,
            "5km이내아울렛몰수":2,
            "1km이내대형먀트수":0,
            "500m이내은행수":3,
            "500m이내병원수":0,
            "5km이내대형병원수":10,
            "500m이내공원수":0,
            "3km이내혐오시설수":0,
            "초등학교학업성취도":89.98,
            "중학교학업성취도":69.3,
            "용적률":726,
            "건폐율":61,
            "Y":37.53507,
            "X":126.998,
            "rank":64.0,
            "area_info":"12평(40.49), 15평(51.01), 16평(54.55), 19평(64.95), 20평(66.15), 20평(67.6), 20평(68.08), 24평(82.5), 28평(95.32), 30평(99.62), 31평(102.55), 31평(103.03), 33평(111.1), 34평(113.78), 34평(113.51), 49평(163.03), 49평(164.94), 52평(172.56)",
            "last_sales":"2021-06-17,105000.0,34평(113.78)",
            "rank_history":[
                [
                    "202203",
                    64
                ],
                [
                    "202202",
                    9999
                ]
            ],
            "rank_gap":9999
        },
        {
            "index":170,
            "아파트명":"세방리버하이빌",
            "투자타입":"일반",
            "전용면적(m2)":"78.56",
            "전용면적(평)":"23평",
            "법정동주소":"서울시 용산구 신창동 102",
            "도로명주소":"서울시 용산구 효창원로15길 16",
            "세대수":0,
            "입주년차":40,
            "용적률점수":"--",
            "건폐율점수":"--",
            "세대당주차수":30,
            "난방방식":30,
            "공급면적":"--",
            "전용률":"--",
            "욕실수":50,
            "현관타입":100,
            "주거총점":30.5,
            "지역구공급총점":100.0,
            "역세권":50,
            "30분내 이동가능 거점":80,
            "1시간내 이동가능 거점":100,
            "교통총점":69.0,
            "백화점":100,
            "아울렛몰":80,
            "대형마트":80,
            "은행":20,
            "병원":0,
            "종합병원":100,
            "공원":100,
            "혐오시설":-50,
            "인프라총점":74.0,
            "초등학군":89.98,
            "중학군":54.82,
            "학군총점":61.852,
            "인구수":24.63,
            "인구증감":-10.92,
            "인구총점":13.965,
            "일자리":21.14,
            "소득수준":78.32,
            "일자리총점":38.294,
            "가치 총점":61.7278,
            "매매실거래년":20210512.0,
            "매매실거래가":104000.0,
            "전세실거래년":20210703.0,
            "전세실거래가":60000.0,
            "전세가율":63.16,
            "장기전세가율평균":52.28,
            "전세가율거품지수":-10.88,
            "검색코드":13855,
            "세대수":176.0,
            "준공년월":"2005-04-11",
            "준공년차":18.0,
            "가까운역이름":"공덕",
            "가까운역거리":692.46,
            "역세권여부":"준역세권",
            "30분이내주요거점역":4,
            "30분거점역이름":"['여의도', '을지로3가', '홍대입구', '명동']",
            "1시간이내주요거점역":16,
            "1시간거점역이름":"['강남', '역삼', '잠실', '판교', '여의도', '을지로3가', '양재', '평촌', '가산디지털단지', '왕십리', '홍대입구', '수원', '구로디지털단지', '명동', '마곡', 'GTX킨텍스(2023년)']",
            "3km이내백화점수":2,
            "5km이내아울렛몰수":1,
            "1km이내대형먀트수":1,
            "500m이내은행수":2,
            "500m이내병원수":0,
            "5km이내대형병원수":11,
            "500m이내공원수":3,
            "3km이내혐오시설수":1,
            "초등학교학업성취도":89.98,
            "중학교학업성취도":90.3,
            "용적률":249,
            "건폐율":26,
            "Y":37.536288,
            "X":126.95363,
            "rank":65.0,
            "area_info":"23평(78.56), 27평(90.58), 32평(105.8), 32평(106.34), 32평(106.34)",
            "last_sales":"2021-05-12,104000.0,32평(106.34)",
            "rank_history":[
                [
                    "202203",
                    65
                ],
                [
                    "202202",
                    63
                ],
                [
                    "202201",
                    67
                ]
            ],
            "rank_gap":-2
        },
        {
            "index":491,
            "아파트명":"삼각",
            "투자타입":"재건축",
            "전용면적(m2)":"32.4",
            "전용면적(평)":"9평",
            "법정동주소":"서울시 용산구 한강로1가 231-24",
            "도로명주소":"서울시 용산구 한강대로62길 32",
            "세대수":0,
            "입주년차":"--",
            "용적률점수":0,
            "건폐율점수":0,
            "세대당주차수":"--",
            "난방방식":"--",
            "공급면적":50,
            "전용률":100,
            "욕실수":"--",
            "현관타입":"--",
            "주거총점":7.5,
            "지역구공급총점":100.0,
            "역세권":100,
            "30분내 이동가능 거점":100,
            "1시간내 이동가능 거점":100,
            "교통총점":100.0,
            "백화점":0,
            "아울렛몰":100,
            "대형마트":80,
            "은행":100,
            "병원":0,
            "종합병원":100,
            "공원":100,
            "혐오시설":0,
            "인프라총점":55.0,
            "초등학군":89.97,
            "중학군":48.52,
            "학군총점":56.81,
            "인구수":24.63,
            "인구증감":-10.92,
            "인구총점":13.965,
            "일자리":21.14,
            "소득수준":78.32,
            "일자리총점":38.294,
            "가치 총점":61.5215,
            "매매실거래년":20200128.0,
            "매매실거래가":100000.0,
            "전세실거래년":20210125.0,
            "전세실거래가":10000.0,
            "전세가율":16.67,
            "장기전세가율평균":52.28,
            "전세가율거품지수":35.61,
            "검색코드":11802,
            "세대수":130.0,
            "준공년월":"1970-07-31",
            "준공년차":53.0,
            "가까운역이름":"삼각지",
            "가까운역거리":85.76,
            "역세권여부":"초역세권",
            "30분이내주요거점역":6,
            "30분거점역이름":"['강남', '여의도', '을지로3가', '왕십리', '홍대입구', '명동']",
            "1시간이내주요거점역":20,
            "1시간거점역이름":"['강남', '역삼', '잠실', '판교', '여의도', '을지로3가', '양재', '정자', '수원시청', '평촌', '가산디지털단지', '왕십리', '홍대입구', '수원', '구로디지털단지', '명동', '대화', '마곡', 'GTX킨텍스(2023년)', 'GTX성남(2023년)']",
            "3km이내백화점수":0,
            "5km이내아울렛몰수":2,
            "1km이내대형먀트수":1,
            "500m이내은행수":5,
            "500m이내병원수":0,
            "5km이내대형병원수":10,
            "500m이내공원수":3,
            "3km이내혐오시설수":0,
            "초등학교학업성취도":89.97,
            "중학교학업성취도":80.4,
            "용적률":0,
            "건폐율":0,
            "Y":37.533694,
            "X":126.973173,
            "rank":66.0,
            "area_info":"9평(32.4), 10평(35.37), 13평(43.64), 14평(48.93), 17평(56.2), 17평(56.53), 21평(70.74), 21평(70.75), 24평(79.34), 25평(85.95)",
            "last_sales":"2020-01-28,100000.0,24평(79.34)",
            "rank_history":[
                [
                    "202203",
                    66
                ],
                [
                    "202202",
                    41
                ],
                [
                    "202201",
                    42
                ]
            ],
            "rank_gap":-25
        },
        {
            "index":600,
            "아파트명":"원효전자",
            "투자타입":"재건축",
            "전용면적(m2)":"61.09",
            "전용면적(평)":"18평",
            "법정동주소":"서울시 용산구 한강로3가 16-20",
            "도로명주소":"서울시 용산구 청파로 83",
            "세대수":0,
            "입주년차":"--",
            "용적률점수":0,
            "건폐율점수":0,
            "세대당주차수":"--",
            "난방방식":"--",
            "공급면적":50,
            "전용률":100,
            "욕실수":"--",
            "현관타입":"--",
            "주거총점":7.5,
            "지역구공급총점":100.0,
            "역세권":50,
            "30분내 이동가능 거점":100,
            "1시간내 이동가능 거점":100,
            "교통총점":75.0,
            "백화점":100,
            "아울렛몰":80,
            "대형마트":80,
            "은행":100,
            "병원":0,
            "종합병원":100,
            "공원":80,
            "혐오시설":-50,
            "인프라총점":81.4,
            "초등학군":89.97,
            "중학군":54.82,
            "학군총점":61.85,
            "인구수":24.63,
            "인구증감":-10.92,
            "인구총점":13.965,
            "일자리":21.14,
            "소득수준":78.32,
            "일자리총점":38.294,
            "가치 총점":61.4475,
            "매매실거래년":20210825.0,
            "매매실거래가":60000.0,
            "전세실거래년":null,
            "전세실거래가":null,
            "전세가율":null,
            "장기전세가율평균":52.28,
            "전세가율거품지수":null,
            "검색코드":122063,
            "세대수":66.0,
            "준공년월":"1974-10-15",
            "준공년차":49.0,
            "가까운역이름":"효창공원앞",
            "가까운역거리":613.22,
            "역세권여부":"준역세권",
            "30분이내주요거점역":6,
            "30분거점역이름":"['여의도', '을지로3가', '가산디지털단지', '왕십리', '홍대입구', '명동']",
            "1시간이내주요거점역":17,
            "1시간거점역이름":"['강남', '역삼', '잠실', '여의도', '을지로3가', '양재', '수원시청', '평촌', '가산디지털단지', '왕십리', '홍대입구', '수원', '구로디지털단지', '명동', '대화', '마곡', 'GTX성남(2023년)']",
            "3km이내백화점수":1,
            "5km이내아울렛몰수":1,
            "1km이내대형먀트수":1,
            "500m이내은행수":6,
            "500m이내병원수":0,
            "5km이내대형병원수":10,
            "500m이내공원수":1,
            "3km이내혐오시설수":1,
            "초등학교학업성취도":89.97,
            "중학교학업성취도":90.3,
            "용적률":0,
            "건폐율":0,
            "Y":37.533441,
            "X":126.960385,
            "rank":67.0,
            "area_info":"18평(61.09), 18평(61.08), 18평(61.98), 19평(63.79), 19평(63.59), 19평(64.58), 19평(64.84), 20평(67.42), 20평(67.48), 21평(71.89), 22평(72.78), 25평(82.74), 29평(96.61)",
            "last_sales":"2021-08-25,60000.0,18평(61.09)",
            "rank_history":[
                [
                    "202203",
                    67
                ],
                [
                    "202202",
                    9999
                ]
            ],
            "rank_gap":9999
        },
        {
            "index":355,
            "아파트명":"동부센트레빌",
            "투자타입":"일반",
            "전용면적(m2)":"78.73",
            "전용면적(평)":"23평",
            "법정동주소":"서울시 용산구 이촌동 418",
            "도로명주소":"서울시 용산구 이촌로 174",
            "세대수":30,
            "입주년차":20,
            "용적률점수":"--",
            "건폐율점수":"--",
            "세대당주차수":60,
            "난방방식":100,
            "공급면적":"--",
            "전용률":"--",
            "욕실수":50,
            "현관타입":100,
            "주거총점":48.5,
            "지역구공급총점":100.0,
            "역세권":50,
            "30분내 이동가능 거점":100,
            "1시간내 이동가능 거점":100,
            "교통총점":75.0,
            "백화점":0,
            "아울렛몰":80,
            "대형마트":80,
            "은행":100,
            "병원":0,
            "종합병원":100,
            "공원":100,
            "혐오시설":0,
            "인프라총점":53.0,
            "초등학군":89.97,
            "중학군":57.42,
            "학군총점":63.93,
            "인구수":24.63,
            "인구증감":-10.92,
            "인구총점":13.965,
            "일자리":21.14,
            "소득수준":78.32,
            "일자리총점":38.294,
            "가치 총점":61.4395,
            "매매실거래년":20190928.0,
            "매매실거래가":149000.0,
            "전세실거래년":20150903.0,
            "전세실거래가":44000.0,
            "전세가율":57.14,
            "장기전세가율평균":52.28,
            "전세가율거품지수":-4.86,
            "검색코드":3881,
            "세대수":309.0,
            "준공년월":"2001-06-02",
            "준공년차":22.0,
            "가까운역이름":"이촌",
            "가까운역거리":649.86,
            "역세권여부":"준역세권",
            "30분이내주요거점역":5,
            "30분거점역이름":"['여의도', '을지로3가', '왕십리', '홍대입구', '명동']",
            "1시간이내주요거점역":18,
            "1시간거점역이름":"['강남', '역삼', '잠실', '판교', '여의도', '을지로3가', '양재', '수원시청', '평촌', '가산디지털단지', '왕십리', '홍대입구', '수원', '구로디지털단지', '명동', '마곡', 'GTX킨텍스(2023년)', 'GTX성남(2023년)']",
            "3km이내백화점수":0,
            "5km이내아울렛몰수":1,
            "1km이내대형먀트수":1,
            "500m이내은행수":5,
            "500m이내병원수":0,
            "5km이내대형병원수":6,
            "500m이내공원수":5,
            "3km이내혐오시설수":0,
            "초등학교학업성취도":89.97,
            "중학교학업성취도":90.9,
            "용적률":295,
            "건폐율":21,
            "Y":37.521047,
            "X":126.966378,
            "rank":68.0,
            "area_info":"23평(78.73), 23평(78.75), 33평(111.12), 40평(132.48), 40평(132.48), 40평(132.33), 40평(132.33), 40평(132.78), 40평(132.33), 40평(132.33)",
            "last_sales":"2019-09-28,149000.0,40평(132.78)",
            "rank_history":[
                [
                    "202203",
                    68
                ],
                [
                    "202202",
                    62
                ],
                [
                    "202201",
                    63
                ]
            ],
            "rank_gap":-6
        },
        {
            "index":936,
            "아파트명":"후암미주",
            "투자타입":"재건축",
            "전용면적(m2)":"64.76",
            "전용면적(평)":"19평",
            "법정동주소":"서울시 용산구 후암동 423-1",
            "도로명주소":"서울시 용산구 후암로 71-1",
            "세대수":0,
            "입주년차":"--",
            "용적률점수":0,
            "건폐율점수":0,
            "세대당주차수":"--",
            "난방방식":"--",
            "공급면적":50,
            "전용률":100,
            "욕실수":"--",
            "현관타입":"--",
            "주거총점":7.5,
            "지역구공급총점":100.0,
            "역세권":50,
            "30분내 이동가능 거점":100,
            "1시간내 이동가능 거점":100,
            "교통총점":75.0,
            "백화점":100,
            "아울렛몰":100,
            "대형마트":80,
            "은행":100,
            "병원":0,
            "종합병원":100,
            "공원":100,
            "혐오시설":0,
            "인프라총점":85.0,
            "초등학군":89.99,
            "중학군":45.24,
            "학군총점":54.19,
            "인구수":24.63,
            "인구증감":-10.92,
            "인구총점":13.965,
            "일자리":21.14,
            "소득수준":78.32,
            "일자리총점":38.294,
            "가치 총점":61.3785,
            "매매실거래년":20210531.0,
            "매매실거래가":105000.0,
            "전세실거래년":20211126.0,
            "전세실거래가":22000.0,
            "전세가율":20.0,
            "장기전세가율평균":52.28,
            "전세가율거품지수":32.28,
            "검색코드":9957,
            "세대수":226.0,
            "준공년월":"1980-07-22",
            "준공년차":43.0,
            "가까운역이름":"서울",
            "가까운역거리":684.59,
            "역세권여부":"준역세권",
            "30분이내주요거점역":5,
            "30분거점역이름":"['여의도', '을지로3가', '왕십리', '홍대입구', '명동']",
            "1시간이내주요거점역":18,
            "1시간거점역이름":"['강남', '역삼', '잠실', '판교', '여의도', '을지로3가', '양재', '수원시청', '평촌', '가산디지털단지', '왕십리', '홍대입구', '수원', '구로디지털단지', '명동', '서현', '마곡', 'GTX성남(2023년)']",
            "3km이내백화점수":2,
            "5km이내아울렛몰수":2,
            "1km이내대형먀트수":1,
            "500m이내은행수":6,
            "500m이내병원수":0,
            "5km이내대형병원수":9,
            "500m이내공원수":4,
            "3km이내혐오시설수":0,
            "초등학교학업성취도":89.99,
            "중학교학업성취도":74.4,
            "용적률":0,
            "건폐율":0,
            "Y":37.55181,
            "X":126.97562,
            "rank":69.0,
            "area_info":"19평(64.76), 19평(65.36), 21평(69.92), 21평(69.82), 21평(70.38), 21평(70.53), 21평(71.68), 21평(72.49), 21평(72.21), 22평(73.12)",
            "last_sales":"2021-05-31,105000.0,21평(69.92)",
            "rank_history":[
                [
                    "202203",
                    69
                ],
                [
                    "202202",
                    44
                ],
                [
                    "202201",
                    46
                ]
            ],
            "rank_gap":-25
        },
        {
            "index":5,
            "아파트명":"동자",
            "투자타입":"재건축",
            "전용면적(m2)":"13.22",
            "전용면적(평)":"3평",
            "법정동주소":"서울시 용산구 동자동 19-8",
            "도로명주소":"서울시 용산구 한강대로104마길 30",
            "세대수":0,
            "입주년차":"--",
            "용적률점수":0,
            "건폐율점수":0,
            "세대당주차수":"--",
            "난방방식":"--",
            "공급면적":50,
            "전용률":100,
            "욕실수":"--",
            "현관타입":"--",
            "주거총점":7.5,
            "지역구공급총점":100.0,
            "역세권":50,
            "30분내 이동가능 거점":100,
            "1시간내 이동가능 거점":100,
            "교통총점":75.0,
            "백화점":100,
            "아울렛몰":100,
            "대형마트":80,
            "은행":100,
            "병원":0,
            "종합병원":100,
            "공원":100,
            "혐오시설":0,
            "인프라총점":85.0,
            "초등학군":89.99,
            "중학군":45.24,
            "학군총점":54.19,
            "인구수":24.63,
            "인구증감":-10.92,
            "인구총점":13.965,
            "일자리":21.14,
            "소득수준":78.32,
            "일자리총점":38.294,
            "가치 총점":61.3785,
            "매매실거래년":20201114.0,
            "매매실거래가":66000.0,
            "전세실거래년":20130507.0,
            "전세실거래가":3000.0,
            "전세가율":15.38,
            "장기전세가율평균":52.28,
            "전세가율거품지수":36.9,
            "검색코드":17235,
            "세대수":59.0,
            "준공년월":"1969-12-20",
            "준공년차":54.0,
            "가까운역이름":"서울",
            "가까운역거리":719.13,
            "역세권여부":"준역세권",
            "30분이내주요거점역":5,
            "30분거점역이름":"['여의도', '을지로3가', '왕십리', '홍대입구', '명동']",
            "1시간이내주요거점역":20,
            "1시간거점역이름":"['강남', '역삼', '잠실', '판교', '여의도', '을지로3가', '양재', '정자', '수원시청', '평촌', '가산디지털단지', '왕십리', '홍대입구', '수원', '구로디지털단지', '명동', '서현', '마곡', 'GTX킨텍스(2023년)', 'GTX성남(2023년)']",
            "3km이내백화점수":2,
            "5km이내아울렛몰수":2,
            "1km이내대형먀트수":1,
            "500m이내은행수":7,
            "500m이내병원수":0,
            "5km이내대형병원수":10,
            "500m이내공원수":4,
            "3km이내혐오시설수":0,
            "초등학교학업성취도":89.99,
            "중학교학업성취도":74.4,
            "용적률":0,
            "건폐율":0,
            "Y":37.551153,
            "X":126.974971,
            "rank":69.0,
            "area_info":"3평(13.22), 7평(24.43), 8평(27.34), 8평(28.46), 9평(31.93), 10평(33.52), 10평(34.61), 10평(35.44), 13평(44.0), 13평(44.5), 13평(44.79), 13평(45.02), 15평(51.47), 16평(56.0), 17평(56.79), 16평(56.03), 17평(58.51), 18평(60.0), 18평(60.6), 19평(64.0), 26평(89.22)",
            "last_sales":"2020-11-14,66000.0,18평(60.6)",
            "rank_history":[
                [
                    "202203",
                    69
                ],
                [
                    "202202",
                    9999
                ]
            ],
            "rank_gap":9999
        },
        {
            "index":151,
            "아파트명":"서빙고그린파크",
            "투자타입":"일반",
            "전용면적(m2)":"85.42",
            "전용면적(평)":"25평",
            "법정동주소":"서울시 용산구 서빙고동 293",
            "도로명주소":"서울시 용산구 서빙고로51길 64",
            "세대수":0,
            "입주년차":20,
            "용적률점수":"--",
            "건폐율점수":"--",
            "세대당주차수":30,
            "난방방식":30,
            "공급면적":"--",
            "전용률":"--",
            "욕실수":50,
            "현관타입":10,
            "주거총점":17.5,
            "지역구공급총점":100.0,
            "역세권":80,
            "30분내 이동가능 거점":100,
            "1시간내 이동가능 거점":100,
            "교통총점":90.0,
            "백화점":100,
            "아울렛몰":80,
            "대형마트":0,
            "은행":0,
            "병원":0,
            "종합병원":100,
            "공원":0,
            "혐오시설":0,
            "인프라총점":58.0,
            "초등학군":90.03,
            "중학군":51.04,
            "학군총점":58.838,
            "인구수":24.63,
            "인구증감":-10.92,
            "인구총점":13.965,
            "일자리":21.14,
            "소득수준":78.32,
            "일자리총점":38.294,
            "가치 총점":61.2257,
            "매매실거래년":20210619.0,
            "매매실거래가":125000.0,
            "전세실거래년":20220205.0,
            "전세실거래가":41895.0,
            "전세가율":33.52,
            "장기전세가율평균":52.28,
            "전세가율거품지수":18.76,
            "검색코드":13356,
            "세대수":123.0,
            "준공년월":"2000-03-31",
            "준공년차":23.0,
            "가까운역이름":"서빙고",
            "가까운역거리":479.75,
            "역세권여부":"역세권",
            "30분이내주요거점역":7,
            "30분거점역이름":"['강남', '역삼', '여의도', '양재', '왕십리', '홍대입구', '명동']",
            "1시간이내주요거점역":17,
            "1시간거점역이름":"['강남', '역삼', '잠실', '판교', '여의도', '을지로3가', '양재', '정자', '평촌', '가산디지털단지', '왕십리', '홍대입구', '수원', '구로디지털단지', '명동', '서현', 'GTX성남(2023년)']",
            "3km이내백화점수":1,
            "5km이내아울렛몰수":1,
            "1km이내대형먀트수":0,
            "500m이내은행수":0,
            "500m이내병원수":0,
            "5km이내대형병원수":6,
            "500m이내공원수":0,
            "3km이내혐오시설수":0,
            "초등학교학업성취도":90.03,
            "중학교학업성취도":83.4,
            "용적률":298,
            "건폐율":28,
            "Y":37.523244,
            "X":126.991259,
            "rank":70.0,
            "area_info":"25평(85.42), 33평(110.26), 36평(120.98), 41평(135.85), 44평(146.82)",
            "last_sales":"2021-06-19,125000.0,25평(85.42)",
            "rank_history":[
                [
                    "202203",
                    70
                ],
                [
                    "202202",
                    59
                ],
                [
                    "202201",
                    62
                ]
            ],
            "rank_gap":-11
        },
        {
            "index":661,
            "아파트명":"대림아르빌",
            "투자타입":"일반",
            "전용면적(m2)":"88.25",
            "전용면적(평)":"26평",
            "법정동주소":"서울시 용산구 한남동 808",
            "도로명주소":"서울시 용산구 대사관로11길 21",
            "세대수":0,
            "입주년차":40,
            "용적률점수":"--",
            "건폐율점수":"--",
            "세대당주차수":30,
            "난방방식":30,
            "공급면적":"--",
            "전용률":"--",
            "욕실수":50,
            "현관타입":100,
            "주거총점":30.5,
            "지역구공급총점":100.0,
            "역세권":50,
            "30분내 이동가능 거점":100,
            "1시간내 이동가능 거점":100,
            "교통총점":75.0,
            "백화점":100,
            "아울렛몰":100,
            "대형마트":0,
            "은행":100,
            "병원":0,
            "종합병원":100,
            "공원":0,
            "혐오시설":0,
            "인프라총점":70.0,
            "초등학군":89.98,
            "중학군":42.22,
            "학군총점":51.772,
            "인구수":24.63,
            "인구증감":-10.92,
            "인구총점":13.965,
            "일자리":21.14,
            "소득수준":78.32,
            "일자리총점":38.294,
            "가치 총점":61.1158,
            "매매실거래년":20211112.0,
            "매매실거래가":161000.0,
            "전세실거래년":20210625.0,
            "전세실거래가":55650.0,
            "전세가율":62.18,
            "장기전세가율평균":52.28,
            "전세가율거품지수":-9.9,
            "검색코드":14220,
            "세대수":66.0,
            "준공년월":"2005-05-18",
            "준공년차":18.0,
            "가까운역이름":"한강진",
            "가까운역거리":588.07,
            "역세권여부":"준역세권",
            "30분이내주요거점역":6,
            "30분거점역이름":"['강남', '역삼', '을지로3가', '양재', '왕십리', '명동']",
            "1시간이내주요거점역":18,
            "1시간거점역이름":"['강남', '역삼', '잠실', '판교', '여의도', '을지로3가', '양재', '정자', '평촌', '가산디지털단지', '왕십리', '홍대입구', '구로디지털단지', '명동', '서현', '마곡', 'GTX킨텍스(2023년)', 'GTX성남(2023년)']",
            "3km이내백화점수":1,
            "5km이내아울렛몰수":2,
            "1km이내대형먀트수":0,
            "500m이내은행수":7,
            "500m이내병원수":0,
            "5km이내대형병원수":9,
            "500m이내공원수":0,
            "3km이내혐오시설수":0,
            "초등학교학업성취도":89.98,
            "중학교학업성취도":69.3,
            "용적률":198,
            "건폐율":33,
            "Y":37.534512,
            "X":127.001358,
            "rank":71.0,
            "area_info":"26평(88.25), 30평(99.99), 31평(103.39), 31평(103.31), 31평(103.51), 31평(103.55), 49평(162.33), 56평(185.49)",
            "last_sales":"2021-11-12,161000.0,49평(162.33)",
            "rank_history":[
                [
                    "202203",
                    71
                ],
                [
                    "202202",
                    9999
                ]
            ],
            "rank_gap":9999
        },
        {
            "index":469,
            "아파트명":"남산대림",
            "투자타입":"일반",
            "전용면적(m2)":"72.95",
            "전용면적(평)":"22평",
            "법정동주소":"서울시 용산구 이태원동 729",
            "도로명주소":"서울시 용산구 녹사평대로 254",
            "세대수":50,
            "입주년차":0,
            "용적률점수":"--",
            "건폐율점수":"--",
            "세대당주차수":30,
            "난방방식":80,
            "공급면적":"--",
            "전용률":"--",
            "욕실수":50,
            "현관타입":100,
            "주거총점":45.0,
            "지역구공급총점":100.0,
            "역세권":50,
            "30분내 이동가능 거점":60,
            "1시간내 이동가능 거점":100,
            "교통총점":63.0,
            "백화점":100,
            "아울렛몰":100,
            "대형마트":0,
            "은행":100,
            "병원":0,
            "종합병원":100,
            "공원":100,
            "혐오시설":0,
            "인프라총점":73.0,
            "초등학군":89.99,
            "중학군":45.4,
            "학군총점":54.318,
            "인구수":24.63,
            "인구증감":-10.92,
            "인구총점":13.965,
            "일자리":21.14,
            "소득수준":78.32,
            "일자리총점":38.294,
            "가치 총점":61.0977,
            "매매실거래년":20210628.0,
            "매매실거래가":130000.0,
            "전세실거래년":20220223.0,
            "전세실거래가":43000.0,
            "전세가율":33.08,
            "장기전세가율평균":52.28,
            "전세가율거품지수":19.2,
            "검색코드":772,
            "세대수":400.0,
            "준공년월":"1994-12-31",
            "준공년차":29.0,
            "가까운역이름":"녹사평",
            "가까운역거리":739.66,
            "역세권여부":"준역세권",
            "30분이내주요거점역":3,
            "30분거점역이름":"['강남', '을지로3가', '명동']",
            "1시간이내주요거점역":17,
            "1시간거점역이름":"['강남', '역삼', '잠실', '판교', '여의도', '을지로3가', '양재', '정자', '평촌', '가산디지털단지', '왕십리', '홍대입구', '구로디지털단지', '명동', '마곡', 'GTX킨텍스(2023년)', 'GTX성남(2023년)']",
            "3km이내백화점수":2,
            "5km이내아울렛몰수":2,
            "1km이내대형먀트수":0,
            "500m이내은행수":5,
            "500m이내병원수":0,
            "5km이내대형병원수":10,
            "500m이내공원수":3,
            "3km이내혐오시설수":0,
            "초등학교학업성취도":89.99,
            "중학교학업성취도":74.8,
            "용적률":106,
            "건폐율":47,
            "Y":37.541136,
            "X":126.988777,
            "rank":72.0,
            "area_info":"22평(72.95), 30평(101.29), 47평(156.42), 52평(173.08)",
            "last_sales":"2021-06-28,130000.0,22평(72.95)",
            "rank_history":[
                [
                    "202203",
                    72
                ],
                [
                    "202202",
                    33
                ],
                [
                    "202201",
                    37
                ]
            ],
            "rank_gap":-39
        },
        {
            "index":412,
            "아파트명":"이촌우성",
            "투자타입":"일반",
            "전용면적(m2)":"80.88",
            "전용면적(평)":"24평",
            "법정동주소":"서울시 용산구 이촌동 399-1",
            "도로명주소":"서울시 용산구 이촌로 193",
            "세대수":0,
            "입주년차":0,
            "용적률점수":"--",
            "건폐율점수":"--",
            "세대당주차수":30,
            "난방방식":100,
            "공급면적":"--",
            "전용률":"--",
            "욕실수":50,
            "현관타입":10,
            "주거총점":20.5,
            "지역구공급총점":100.0,
            "역세권":80,
            "30분내 이동가능 거점":100,
            "1시간내 이동가능 거점":100,
            "교통총점":90.0,
            "백화점":0,
            "아울렛몰":80,
            "대형마트":80,
            "은행":100,
            "병원":0,
            "종합병원":100,
            "공원":100,
            "혐오시설":0,
            "인프라총점":53.0,
            "초등학군":89.97,
            "중학군":57.42,
            "학군총점":63.93,
            "인구수":24.63,
            "인구증감":-10.92,
            "인구총점":13.965,
            "일자리":21.14,
            "소득수준":78.32,
            "일자리총점":38.294,
            "가치 총점":61.0895,
            "매매실거래년":20210914.0,
            "매매실거래가":165000.0,
            "전세실거래년":20211230.0,
            "전세실거래가":14000.0,
            "전세가율":8.48,
            "장기전세가율평균":52.28,
            "전세가율거품지수":43.8,
            "검색코드":766,
            "세대수":243.0,
            "준공년월":"1995-12-23",
            "준공년차":28.0,
            "가까운역이름":"이촌",
            "가까운역거리":426.02,
            "역세권여부":"역세권",
            "30분이내주요거점역":5,
            "30분거점역이름":"['여의도', '을지로3가', '왕십리', '홍대입구', '명동']",
            "1시간이내주요거점역":18,
            "1시간거점역이름":"['강남', '역삼', '잠실', '판교', '여의도', '을지로3가', '양재', '정자', '수원시청', '평촌', '가산디지털단지', '왕십리', '홍대입구', '수원', '구로디지털단지', '명동', '마곡', 'GTX성남(2023년)']",
            "3km이내백화점수":0,
            "5km이내아울렛몰수":1,
            "1km이내대형먀트수":1,
            "500m이내은행수":6,
            "500m이내병원수":0,
            "5km이내대형병원수":5,
            "500m이내공원수":6,
            "3km이내혐오시설수":0,
            "초등학교학업성취도":89.97,
            "중학교학업성취도":90.9,
            "용적률":322,
            "건폐율":23,
            "Y":37.521681,
            "X":126.968801,
            "rank":73.0,
            "area_info":"24평(80.88), 32평(106.91), 43평(144.52)",
            "last_sales":"2021-09-14,165000.0,24평(80.88)",
            "rank_history":[
                [
                    "202203",
                    73
                ],
                [
                    "202202",
                    64
                ],
                [
                    "202201",
                    60
                ]
            ],
            "rank_gap":-9
        },
        {
            "index":879,
            "아파트명":"힐탑트레져",
            "투자타입":"일반",
            "전용면적(m2)":"90.02",
            "전용면적(평)":"27평",
            "법정동주소":"서울시 용산구 한남동 1-44",
            "도로명주소":"서울시 용산구 유엔빌리지길 200-16",
            "세대수":0,
            "입주년차":20,
            "용적률점수":"--",
            "건폐율점수":"--",
            "세대당주차수":60,
            "난방방식":30,
            "공급면적":"--",
            "전용률":"--",
            "욕실수":100,
            "현관타입":100,
            "주거총점":36.0,
            "지역구공급총점":100.0,
            "역세권":50,
            "30분내 이동가능 거점":100,
            "1시간내 이동가능 거점":100,
            "교통총점":75.0,
            "백화점":100,
            "아울렛몰":100,
            "대형마트":0,
            "은행":0,
            "병원":0,
            "종합병원":100,
            "공원":100,
            "혐오시설":0,
            "인프라총점":63.0,
            "초등학군":89.96,
            "중학군":47.54,
            "학군총점":56.024,
            "인구수":24.63,
            "인구증감":-10.92,
            "인구총점":13.965,
            "일자리":21.14,
            "소득수준":78.32,
            "일자리총점":38.294,
            "가치 총점":60.7536,
            "매매실거래년":20201028.0,
            "매매실거래가":338000.0,
            "전세실거래년":null,
            "전세실거래가":null,
            "전세가율":null,
            "장기전세가율평균":52.28,
            "전세가율거품지수":null,
            "검색코드":17757,
            "세대수":84.0,
            "준공년월":"2003-12-05",
            "준공년차":20.0,
            "가까운역이름":"옥수",
            "가까운역거리":525.49,
            "역세권여부":"준역세권",
            "30분이내주요거점역":6,
            "30분거점역이름":"['강남', '역삼', '을지로3가', '양재', '왕십리', '명동']",
            "1시간이내주요거점역":17,
            "1시간거점역이름":"['강남', '역삼', '잠실', '판교', '여의도', '을지로3가', '양재', '정자', '평촌', '가산디지털단지', '왕십리', '홍대입구', '구로디지털단지', '명동', '서현', '마곡', 'GTX성남(2023년)']",
            "3km이내백화점수":2,
            "5km이내아울렛몰수":2,
            "1km이내대형먀트수":0,
            "500m이내은행수":1,
            "500m이내병원수":0,
            "5km이내대형병원수":8,
            "500m이내공원수":2,
            "3km이내혐오시설수":0,
            "초등학교학업성취도":89.96,
            "중학교학업성취도":78.9,
            "용적률":216,
            "건폐율":23,
            "Y":37.538281,
            "X":127.013494,
            "rank":74.0,
            "area_info":"27평(90.02), 27평(90.81), 59평(196.33), 67평(222.22), 67평(224.28), 69평(230.29), 72평(240.74), 74평(247.89), 75평(248.23), 82평(272.44)",
            "last_sales":"2020-10-28,338000.0,75평(248.23)",
            "rank_history":[
                [
                    "202203",
                    74
                ],
                [
                    "202202",
                    9999
                ]
            ],
            "rank_gap":9999
        },
        {
            "index":407,
            "아파트명":"이촌삼성리버스위트",
            "투자타입":"일반",
            "전용면적(m2)":"134.95",
            "전용면적(평)":"40평",
            "법정동주소":"서울시 용산구 이촌동 426",
            "도로명주소":"서울시 용산구 이촌로88길 30",
            "세대수":0,
            "입주년차":20,
            "용적률점수":"--",
            "건폐율점수":"--",
            "세대당주차수":80,
            "난방방식":30,
            "공급면적":"--",
            "전용률":"--",
            "욕실수":100,
            "현관타입":100,
            "주거총점":39.0,
            "지역구공급총점":100.0,
            "역세권":50,
            "30분내 이동가능 거점":80,
            "1시간내 이동가능 거점":100,
            "교통총점":69.0,
            "백화점":100,
            "아울렛몰":80,
            "대형마트":0,
            "은행":0,
            "병원":0,
            "종합병원":100,
            "공원":100,
            "혐오시설":0,
            "인프라총점":61.0,
            "초등학군":89.96,
            "중학군":57.42,
            "학군총점":63.928,
            "인구수":24.63,
            "인구증감":-10.92,
            "인구총점":13.965,
            "일자리":21.14,
            "소득수준":78.32,
            "일자리총점":38.294,
            "가치 총점":59.8392,
            "매매실거래년":20210906.0,
            "매매실거래가":360000.0,
            "전세실거래년":20201106.0,
            "전세실거래가":130000.0,
            "전세가율":70.27,
            "장기전세가율평균":52.28,
            "전세가율거품지수":-17.99,
            "검색코드":3142,
            "세대수":244.0,
            "준공년월":"2002-04-30",
            "준공년차":21.0,
            "가까운역이름":"이촌",
            "가까운역거리":607.68,
            "역세권여부":"준역세권",
            "30분이내주요거점역":4,
            "30분거점역이름":"['을지로3가', '왕십리', '홍대입구', '명동']",
            "1시간이내주요거점역":18,
            "1시간거점역이름":"['강남', '역삼', '잠실', '판교', '여의도', '을지로3가', '양재', '수원시청', '평촌', '가산디지털단지', '왕십리', '홍대입구', '수원', '구로디지털단지', '명동', '마곡', 'GTX킨텍스(2023년)', 'GTX성남(2023년)']",
            "3km이내백화점수":1,
            "5km이내아울렛몰수":1,
            "1km이내대형먀트수":0,
            "500m이내은행수":0,
            "500m이내병원수":0,
            "5km이내대형병원수":5,
            "500m이내공원수":4,
            "3km이내혐오시설수":0,
            "초등학교학업성취도":89.96,
            "중학교학업성취도":90.9,
            "용적률":290,
            "건폐율":21,
            "Y":37.517587,
            "X":126.976776,
            "rank":75.0,
            "area_info":"40평(134.95), 50평(166.19), 51평(168.83), 65평(216.12), 85평(281.25)",
            "last_sales":"2021-09-06,360000.0,85평(281.25)",
            "rank_history":[
                [
                    "202203",
                    75
                ],
                [
                    "202202",
                    61
                ],
                [
                    "202201",
                    61
                ]
            ],
            "rank_gap":-14
        },
        {
            "index":143,
            "아파트명":"한강타운",
            "투자타입":"일반",
            "전용면적(m2)":"80.58",
            "전용면적(평)":"24평",
            "법정동주소":"서울시 용산구 산천동 204",
            "도로명주소":"서울시 용산구 새창로8길 157",
            "세대수":0,
            "입주년차":20,
            "용적률점수":"--",
            "건폐율점수":"--",
            "세대당주차수":0,
            "난방방식":30,
            "공급면적":"--",
            "전용률":"--",
            "욕실수":50,
            "현관타입":10,
            "주거총점":13.0,
            "지역구공급총점":100.0,
            "역세권":50,
            "30분내 이동가능 거점":80,
            "1시간내 이동가능 거점":100,
            "교통총점":69.0,
            "백화점":100,
            "아울렛몰":80,
            "대형마트":80,
            "은행":70,
            "병원":0,
            "종합병원":100,
            "공원":100,
            "혐오시설":-50,
            "인프라총점":79.0,
            "초등학군":89.98,
            "중학군":54.82,
            "학군총점":61.852,
            "인구수":24.63,
            "인구증감":-10.92,
            "인구총점":13.965,
            "일자리":21.14,
            "소득수준":78.32,
            "일자리총점":38.294,
            "가치 총점":59.7278,
            "매매실거래년":20211203.0,
            "매매실거래가":92000.0,
            "전세실거래년":20220121.0,
            "전세실거래가":48000.0,
            "전세가율":52.17,
            "장기전세가율평균":52.28,
            "전세가율거품지수":0.11,
            "검색코드":3804,
            "세대수":289.0,
            "준공년월":"2001-02-22",
            "준공년차":22.0,
            "가까운역이름":"마포",
            "가까운역거리":589.25,
            "역세권여부":"준역세권",
            "30분이내주요거점역":4,
            "30분거점역이름":"['여의도', '을지로3가', '홍대입구', '명동']",
            "1시간이내주요거점역":15,
            "1시간거점역이름":"['강남', '역삼', '잠실', '여의도', '을지로3가', '양재', '평촌', '가산디지털단지', '왕십리', '홍대입구', '수원', '구로디지털단지', '명동', '마곡', 'GTX킨텍스(2023년)']",
            "3km이내백화점수":2,
            "5km이내아울렛몰수":1,
            "1km이내대형먀트수":1,
            "500m이내은행수":3,
            "500m이내병원수":0,
            "5km이내대형병원수":11,
            "500m이내공원수":2,
            "3km이내혐오시설수":1,
            "초등학교학업성취도":89.98,
            "중학교학업성취도":90.3,
            "용적률":215,
            "건폐율":26,
            "Y":37.535802,
            "X":126.950582,
            "rank":76.0,
            "area_info":"24평(80.58)",
            "last_sales":"2021-12-03,92000.0,24평(80.58)",
            "rank_history":[
                [
                    "202203",
                    76
                ],
                [
                    "202202",
                    66
                ],
                [
                    "202201",
                    68
                ]
            ],
            "rank_gap":-10
        },
        {
            "index":640,
            "아파트명":"남산맨션",
            "투자타입":"재건축",
            "전용면적(m2)":"27.7",
            "전용면적(평)":"8평",
            "법정동주소":"서울시 용산구 한남동 726-74",
            "도로명주소":"서울시 용산구 소월로 377",
            "세대수":0,
            "입주년차":"--",
            "용적률점수":60,
            "건폐율점수":0,
            "세대당주차수":"--",
            "난방방식":"--",
            "공급면적":50,
            "전용률":100,
            "욕실수":"--",
            "현관타입":"--",
            "주거총점":31.5,
            "지역구공급총점":100.0,
            "역세권":50,
            "30분내 이동가능 거점":100,
            "1시간내 이동가능 거점":100,
            "교통총점":75.0,
            "백화점":100,
            "아울렛몰":100,
            "대형마트":0,
            "은행":0,
            "병원":0,
            "종합병원":100,
            "공원":80,
            "혐오시설":0,
            "인프라총점":62.4,
            "초등학군":89.98,
            "중학군":47.54,
            "학군총점":56.028,
            "인구수":24.63,
            "인구증감":-10.92,
            "인구총점":13.965,
            "일자리":21.14,
            "소득수준":78.32,
            "일자리총점":38.294,
            "가치 총점":59.6742,
            "매매실거래년":20141004.0,
            "매매실거래가":110000.0,
            "전세실거래년":null,
            "전세실거래가":null,
            "전세가율":null,
            "장기전세가율평균":52.28,
            "전세가율거품지수":null,
            "검색코드":11151,
            "세대수":138.0,
            "준공년월":"1972-04-15",
            "준공년차":51.0,
            "가까운역이름":"한강진",
            "가까운역거리":500.46,
            "역세권여부":"준역세권",
            "30분이내주요거점역":6,
            "30분거점역이름":"['강남', '역삼', '을지로3가', '양재', '왕십리', '명동']",
            "1시간이내주요거점역":18,
            "1시간거점역이름":"['강남', '역삼', '잠실', '판교', '여의도', '을지로3가', '양재', '정자', '평촌', '가산디지털단지', '왕십리', '홍대입구', '구로디지털단지', '명동', '서현', '마곡', 'GTX킨텍스(2023년)', 'GTX성남(2023년)']",
            "3km이내백화점수":3,
            "5km이내아울렛몰수":2,
            "1km이내대형먀트수":0,
            "500m이내은행수":0,
            "500m이내병원수":0,
            "5km이내대형병원수":9,
            "500m이내공원수":1,
            "3km이내혐오시설수":0,
            "초등학교학업성취도":89.98,
            "중학교학업성취도":78.9,
            "용적률":227,
            "건폐율":0,
            "Y":37.544287,
            "X":127.001511,
            "rank":77.0,
            "area_info":"8평(27.7), 8평(29.05), 9평(32.4), 9평(32.63), 10평(33.55), 10평(35.44), 18평(62.51), 22평(73.66), 23평(76.27), 28평(94.14), 28평(95.57), 29평(98.22), 34평(113.26), 34평(113.21), 39평(131.01), 45평(149.92), 47평(155.71), 56평(186.84), 63평(208.89), 69평(229.22), 147평(487.11)",
            "last_sales":"2014-10-04,110000.0,56평(186.84)",
            "rank_history":[
                [
                    "202203",
                    77
                ],
                [
                    "202202",
                    31
                ],
                [
                    "202201",
                    36
                ]
            ],
            "rank_gap":-46
        },
        {
            "index":332,
            "아파트명":"강변",
            "투자타입":"재건축",
            "전용면적(m2)":"58.58",
            "전용면적(평)":"17평",
            "법정동주소":"서울시 용산구 이촌동 193-3",
            "도로명주소":"서울시 용산구 이촌로 104",
            "세대수":0,
            "입주년차":"--",
            "용적률점수":0,
            "건폐율점수":0,
            "세대당주차수":"--",
            "난방방식":"--",
            "공급면적":50,
            "전용률":100,
            "욕실수":"--",
            "현관타입":"--",
            "주거총점":7.5,
            "지역구공급총점":100.0,
            "역세권":50,
            "30분내 이동가능 거점":100,
            "1시간내 이동가능 거점":100,
            "교통총점":75.0,
            "백화점":100,
            "아울렛몰":80,
            "대형마트":80,
            "은행":0,
            "병원":0,
            "종합병원":100,
            "공원":80,
            "혐오시설":0,
            "인프라총점":72.4,
            "초등학군":89.97,
            "중학군":54.82,
            "학군총점":61.85,
            "인구수":24.63,
            "인구증감":-10.92,
            "인구총점":13.965,
            "일자리":21.14,
            "소득수준":78.32,
            "일자리총점":38.294,
            "가치 총점":58.7475,
            "매매실거래년":20210915.0,
            "매매실거래가":103000.0,
            "전세실거래년":20210728.0,
            "전세실거래가":25000.0,
            "전세가율":30.49,
            "장기전세가율평균":52.28,
            "전세가율거품지수":21.79,
            "검색코드":1223,
            "세대수":146.0,
            "준공년월":"1971-01-20",
            "준공년차":52.0,
            "가까운역이름":"신용산",
            "가까운역거리":999.65,
            "역세권여부":"준역세권",
            "30분이내주요거점역":5,
            "30분거점역이름":"['여의도', '을지로3가', '왕십리', '홍대입구', '명동']",
            "1시간이내주요거점역":17,
            "1시간거점역이름":"['강남', '역삼', '잠실', '판교', '여의도', '을지로3가', '양재', '수원시청', '평촌', '가산디지털단지', '왕십리', '홍대입구', '수원', '구로디지털단지', '명동', '마곡', 'GTX성남(2023년)']",
            "3km이내백화점수":1,
            "5km이내아울렛몰수":1,
            "1km이내대형먀트수":1,
            "500m이내은행수":1,
            "500m이내병원수":0,
            "5km이내대형병원수":11,
            "500m이내공원수":1,
            "3km이내혐오시설수":0,
            "초등학교학업성취도":89.97,
            "중학교학업성취도":90.3,
            "용적률":0,
            "건폐율":0,
            "Y":37.523445,
            "X":126.959319,
            "rank":78.0,
            "area_info":"17평(58.58), 17평(59.44), 18평(60.4), 18평(61.26), 18평(61.25), 19평(63.93), 19평(64.43), 19평(65.55), 19평(66.08)",
            "last_sales":"2021-09-15,103000.0,19평(66.08)",
            "rank_history":[
                [
                    "202203",
                    78
                ],
                [
                    "202202",
                    50
                ],
                [
                    "202201",
                    50
                ]
            ],
            "rank_gap":-28
        },
        {
            "index":544,
            "아파트명":"한강로대우아이빌",
            "투자타입":"일반",
            "전용면적(m2)":"40.27",
            "전용면적(평)":"12평",
            "법정동주소":"서울시 용산구 한강로2가 2-11",
            "도로명주소":"서울시 용산구 한강대로43길 13",
            "세대수":0,
            "입주년차":40,
            "용적률점수":"--",
            "건폐율점수":"--",
            "세대당주차수":0,
            "난방방식":30,
            "공급면적":"--",
            "전용률":"--",
            "욕실수":50,
            "현관타입":10,
            "주거총점":17.0,
            "지역구공급총점":100.0,
            "역세권":80,
            "30분내 이동가능 거점":100,
            "1시간내 이동가능 거점":100,
            "교통총점":90.0,
            "백화점":0,
            "아울렛몰":80,
            "대형마트":80,
            "은행":100,
            "병원":0,
            "종합병원":100,
            "공원":80,
            "혐오시설":0,
            "인프라총점":52.4,
            "초등학군":89.97,
            "중학군":44.52,
            "학군총점":53.61,
            "인구수":24.63,
            "인구증감":-10.92,
            "인구총점":13.965,
            "일자리":21.14,
            "소득수준":78.32,
            "일자리총점":38.294,
            "가치 총점":58.6615,
            "매매실거래년":20211016.0,
            "매매실거래가":33000.0,
            "전세실거래년":20211104.0,
            "전세실거래가":28900.0,
            "전세가율":87.58,
            "장기전세가율평균":52.28,
            "전세가율거품지수":-35.3,
            "검색코드":10583,
            "세대수":110.0,
            "준공년월":"2004-09-22",
            "준공년차":19.0,
            "가까운역이름":"신용산",
            "가까운역거리":283.25,
            "역세권여부":"역세권",
            "30분이내주요거점역":6,
            "30분거점역이름":"['여의도', '을지로3가', '가산디지털단지', '왕십리', '홍대입구', '명동']",
            "1시간이내주요거점역":19,
            "1시간거점역이름":"['강남', '역삼', '잠실', '판교', '여의도', '을지로3가', '양재', '정자', '수원시청', '평촌', '가산디지털단지', '왕십리', '홍대입구', '수원', '구로디지털단지', '명동', '대화', '마곡', 'GTX성남(2023년)']",
            "3km이내백화점수":0,
            "5km이내아울렛몰수":1,
            "1km이내대형먀트수":1,
            "500m이내은행수":8,
            "500m이내병원수":0,
            "5km이내대형병원수":10,
            "500m이내공원수":1,
            "3km이내혐오시설수":0,
            "초등학교학업성취도":89.97,
            "중학교학업성취도":73.0,
            "용적률":799,
            "건폐율":59,
            "Y":37.531657,
            "X":126.969049,
            "rank":79.0,
            "area_info":"12평(40.27), 12평(42.15), 12평(42.35), 13평(44.32), 13평(46.23), 14평(48.55)",
            "last_sales":"2021-10-16,33000.0,12평(40.27)",
            "rank_history":[
                [
                    "202203",
                    79
                ],
                [
                    "202202",
                    46
                ],
                [
                    "202201",
                    43
                ]
            ],
            "rank_gap":-33
        },
        {
            "index":613,
            "아파트명":"한강대우트럼프월드III",
            "투자타입":"일반",
            "전용면적(m2)":"156.28",
            "전용면적(평)":"47평",
            "법정동주소":"서울시 용산구 한강로3가 65-230",
            "도로명주소":"서울시 용산구 한강대로 26",
            "세대수":0,
            "입주년차":40,
            "용적률점수":"--",
            "건폐율점수":"--",
            "세대당주차수":100,
            "난방방식":80,
            "공급면적":"--",
            "전용률":"--",
            "욕실수":100,
            "현관타입":50,
            "주거총점":46.0,
            "지역구공급총점":100.0,
            "역세권":50,
            "30분내 이동가능 거점":100,
            "1시간내 이동가능 거점":100,
            "교통총점":75.0,
            "백화점":0,
            "아울렛몰":80,
            "대형마트":80,
            "은행":20,
            "병원":0,
            "종합병원":100,
            "공원":100,
            "혐오시설":0,
            "인프라총점":45.0,
            "초등학군":89.97,
            "중학군":57.42,
            "학군총점":63.93,
            "인구수":24.63,
            "인구증감":-10.92,
            "인구총점":13.965,
            "일자리":21.14,
            "소득수준":78.32,
            "일자리총점":38.294,
            "가치 총점":58.5395,
            "매매실거래년":20211208.0,
            "매매실거래가":300000.0,
            "전세실거래년":20220218.0,
            "전세실거래가":119000.0,
            "전세가율":60.41,
            "장기전세가율평균":52.28,
            "전세가율거품지수":-8.13,
            "검색코드":9891,
            "세대수":123.0,
            "준공년월":"2004-04-28",
            "준공년차":19.0,
            "가까운역이름":"신용산",
            "가까운역거리":773.83,
            "역세권여부":"준역세권",
            "30분이내주요거점역":6,
            "30분거점역이름":"['여의도', '을지로3가', '왕십리', '홍대입구', '구로디지털단지', '명동']",
            "1시간이내주요거점역":18,
            "1시간거점역이름":"['강남', '역삼', '잠실', '판교', '여의도', '을지로3가', '양재', '정자', '수원시청', '평촌', '가산디지털단지', '왕십리', '홍대입구', '수원', '구로디지털단지', '명동', '마곡', 'GTX성남(2023년)']",
            "3km이내백화점수":0,
            "5km이내아울렛몰수":1,
            "1km이내대형먀트수":1,
            "500m이내은행수":2,
            "500m이내병원수":0,
            "5km이내대형병원수":9,
            "500m이내공원수":3,
            "3km이내혐오시설수":0,
            "초등학교학업성취도":89.97,
            "중학교학업성취도":90.9,
            "용적률":632,
            "건폐율":58,
            "Y":37.523469,
            "X":126.963097,
            "rank":80.0,
            "area_info":"47평(156.28), 53평(177.83), 57평(190.24), 59평(197.87), 64평(214.51), 96평(319.39), 98평(325.39), 99평(329.99)",
            "last_sales":"2021-12-08,300000.0,59평(197.87)",
            "rank_history":[
                [
                    "202203",
                    80
                ],
                [
                    "202202",
                    71
                ],
                [
                    "202201",
                    69
                ]
            ],
            "rank_gap":-9
        },
        {
            "index":405,
            "아파트명":"이촌두산위브트레지움",
            "투자타입":"일반",
            "전용면적(m2)":"69.11",
            "전용면적(평)":"20평",
            "법정동주소":"서울시 용산구 이촌동 301-155",
            "도로명주소":"서울시 용산구 이촌로 177",
            "세대수":0,
            "입주년차":40,
            "용적률점수":"--",
            "건폐율점수":"--",
            "세대당주차수":0,
            "난방방식":100,
            "공급면적":"--",
            "전용률":"--",
            "욕실수":50,
            "현관타입":100,
            "주거총점":33.0,
            "지역구공급총점":100.0,
            "역세권":50,
            "30분내 이동가능 거점":100,
            "1시간내 이동가능 거점":100,
            "교통총점":75.0,
            "백화점":0,
            "아울렛몰":80,
            "대형마트":80,
            "은행":100,
            "병원":0,
            "종합병원":100,
            "공원":100,
            "혐오시설":0,
            "인프라총점":53.0,
            "초등학군":89.97,
            "중학군":57.42,
            "학군총점":63.93,
            "인구수":24.63,
            "인구증감":-10.92,
            "인구총점":13.965,
            "일자리":21.14,
            "소득수준":78.32,
            "일자리총점":38.294,
            "가치 총점":58.3395,
            "매매실거래년":20210509.0,
            "매매실거래가":156000.0,
            "전세실거래년":null,
            "전세실거래가":null,
            "전세가율":null,
            "장기전세가율평균":52.28,
            "전세가율거품지수":null,
            "검색코드":863,
            "세대수":84.0,
            "준공년월":"2008-09-01",
            "준공년차":15.0,
            "가까운역이름":"이촌",
            "가까운역거리":579.92,
            "역세권여부":"준역세권",
            "30분이내주요거점역":5,
            "30분거점역이름":"['여의도', '을지로3가', '왕십리', '홍대입구', '명동']",
            "1시간이내주요거점역":19,
            "1시간거점역이름":"['강남', '역삼', '잠실', '판교', '여의도', '을지로3가', '양재', '정자', '수원시청', '평촌', '가산디지털단지', '왕십리', '홍대입구', '수원', '구로디지털단지', '명동', '마곡', 'GTX킨텍스(2023년)', 'GTX성남(2023년)']",
            "3km이내백화점수":0,
            "5km이내아울렛몰수":1,
            "1km이내대형먀트수":1,
            "500m이내은행수":7,
            "500m이내병원수":0,
            "5km이내대형병원수":6,
            "500m이내공원수":7,
            "3km이내혐오시설수":0,
            "초등학교학업성취도":89.97,
            "중학교학업성취도":90.9,
            "용적률":297,
            "건폐율":51,
            "Y":37.521899,
            "X":126.966999,
            "rank":81.0,
            "area_info":"20평(69.11), 33평(112.33)",
            "last_sales":"2021-05-09,156000.0,33평(112.33)",
            "rank_history":[
                [
                    "202203",
                    81
                ],
                [
                    "202202",
                    9999
                ]
            ],
            "rank_gap":9999
        },
        {
            "index":772,
            "아파트명":"한성",
            "투자타입":"재건축",
            "전용면적(m2)":"20.1",
            "전용면적(평)":"6평",
            "법정동주소":"서울시 용산구 한남동 29-4",
            "도로명주소":"서울시 용산구 독서당로 73-4",
            "세대수":0,
            "입주년차":"--",
            "용적률점수":0,
            "건폐율점수":0,
            "세대당주차수":"--",
            "난방방식":"--",
            "공급면적":50,
            "전용률":100,
            "욕실수":"--",
            "현관타입":"--",
            "주거총점":7.5,
            "지역구공급총점":100.0,
            "역세권":50,
            "30분내 이동가능 거점":100,
            "1시간내 이동가능 거점":100,
            "교통총점":75.0,
            "백화점":100,
            "아울렛몰":100,
            "대형마트":0,
            "은행":100,
            "병원":0,
            "종합병원":100,
            "공원":100,
            "혐오시설":0,
            "인프라총점":73.0,
            "초등학군":89.98,
            "중학군":47.54,
            "학군총점":56.028,
            "인구수":24.63,
            "인구증감":-10.92,
            "인구총점":13.965,
            "일자리":21.14,
            "소득수준":78.32,
            "일자리총점":38.294,
            "가치 총점":58.0542,
            "매매실거래년":20210527.0,
            "매매실거래가":175000.0,
            "전세실거래년":null,
            "전세실거래가":null,
            "전세가율":null,
            "장기전세가율평균":52.28,
            "전세가율거품지수":null,
            "검색코드":11553,
            "세대수":125.0,
            "준공년월":"1974-08-08",
            "준공년차":49.0,
            "가까운역이름":"한남",
            "가까운역거리":583.91,
            "역세권여부":"준역세권",
            "30분이내주요거점역":6,
            "30분거점역이름":"['강남', '역삼', '을지로3가', '양재', '왕십리', '명동']",
            "1시간이내주요거점역":17,
            "1시간거점역이름":"['강남', '역삼', '잠실', '판교', '여의도', '을지로3가', '양재', '정자', '평촌', '가산디지털단지', '왕십리', '홍대입구', '수원', '구로디지털단지', '명동', '서현', 'GTX성남(2023년)']",
            "3km이내백화점수":2,
            "5km이내아울렛몰수":2,
            "1km이내대형먀트수":0,
            "500m이내은행수":9,
            "500m이내병원수":0,
            "5km이내대형병원수":7,
            "500m이내공원수":2,
            "3km이내혐오시설수":0,
            "초등학교학업성취도":89.98,
            "중학교학업성취도":78.9,
            "용적률":0,
            "건폐율":0,
            "Y":37.53468,
            "X":127.00926,
            "rank":82.0,
            "area_info":"6평(20.1), 7평(24.76), 8평(28.79), 8평(28.13), 8평(28.3), 8평(29.45), 8평(29.16), 8평(29.42), 9평(30.28), 9평(30.94), 9평(31.47), 9평(31.7), 9평(31.01), 9평(31.64), 9평(32.17), 9평(32.73), 9평(32.79), 10평(33.45), 10평(34.12), 10평(35.47), 11평(36.79), 10평(36.13), 11평(38.18), 11평(39.38), 12평(39.83), 12평(39.87), 12평(40.1), 12평(40.36), 12평(40.63), 12평(40.79), 12평(41.02), 12평(41.06), 13평(43.74), 13평(43.07), 13평(44.4), 13평(44.43), 13평(45.42), 13평(46.18), 14평(46.55), 14평(47.24), 14평(47.9), 14평(48.69), 15평(51.74), 15평(51.34), 16평(54.38), 16평(54.71), 16평(55.37), 16평(55.57), 17평(56.43), 17평(57.12), 17평(57.22), 18평(60.43), 18평(61.36), 18평(61.69), 18평(61.75), 18평(61.82), 18평(62.48), 19평(64.26), 19평(65.16), 19평(65.26), 19평(65.49), 20평(66.81), 20평(66.22), 20평(66.61), 20평(67.14), 20평(67.21), 21평(69.88), 21평(70.18), 21평(71.77), 22평(73.85), 22평(74.41), 22평(75.07), 23평(76.5), 23평(77.16), 26평(88.13), 34평(115.54), 35평(118.05), 35평(118.55), 35평(118.88), 42평(140.93), 42평(141.26)",
            "last_sales":"2021-05-27,175000.0,42평(141.26)",
            "rank_history":[
                [
                    "202203",
                    82
                ],
                [
                    "202202",
                    35
                ],
                [
                    "202201",
                    35
                ]
            ],
            "rank_gap":-47
        },
        {
            "index":251,
            "아파트명":"원효",
            "투자타입":"재건축",
            "전용면적(m2)":"13.22",
            "전용면적(평)":"3평",
            "법정동주소":"서울시 용산구 원효로2가 94-2",
            "도로명주소":"서울시 용산구 원효로 166",
            "세대수":0,
            "입주년차":"--",
            "용적률점수":0,
            "건폐율점수":0,
            "세대당주차수":"--",
            "난방방식":"--",
            "공급면적":50,
            "전용률":100,
            "욕실수":"--",
            "현관타입":"--",
            "주거총점":7.5,
            "지역구공급총점":100.0,
            "역세권":80,
            "30분내 이동가능 거점":100,
            "1시간내 이동가능 거점":100,
            "교통총점":90.0,
            "백화점":0,
            "아울렛몰":80,
            "대형마트":80,
            "은행":100,
            "병원":0,
            "종합병원":100,
            "공원":100,
            "혐오시설":-50,
            "인프라총점":52.0,
            "초등학군":89.97,
            "중학군":54.82,
            "학군총점":61.85,
            "인구수":24.63,
            "인구증감":-10.92,
            "인구총점":13.965,
            "일자리":21.14,
            "소득수준":78.32,
            "일자리총점":38.294,
            "가치 총점":57.8775,
            "매매실거래년":20200103.0,
            "매매실거래가":51500.0,
            "전세실거래년":null,
            "전세실거래가":null,
            "전세가율":null,
            "장기전세가율평균":52.28,
            "전세가율거품지수":null,
            "검색코드":10087,
            "세대수":75.0,
            "준공년월":"1970-12-24",
            "준공년차":53.0,
            "가까운역이름":"효창공원앞",
            "가까운역거리":418.95,
            "역세권여부":"역세권",
            "30분이내주요거점역":5,
            "30분거점역이름":"['여의도', '을지로3가', '왕십리', '홍대입구', '명동']",
            "1시간이내주요거점역":21,
            "1시간거점역이름":"['강남', '역삼', '잠실', '판교', '여의도', '을지로3가', '양재', '정자', '수원시청', '평촌', '가산디지털단지', '왕십리', '홍대입구', '수원', '구로디지털단지', '명동', '서현', '대화', '마곡', 'GTX킨텍스(2023년)', 'GTX성남(2023년)']",
            "3km이내백화점수":0,
            "5km이내아울렛몰수":1,
            "1km이내대형먀트수":1,
            "500m이내은행수":6,
            "500m이내병원수":0,
            "5km이내대형병원수":10,
            "500m이내공원수":2,
            "3km이내혐오시설수":1,
            "초등학교학업성취도":89.97,
            "중학교학업성취도":90.3,
            "용적률":0,
            "건폐율":0,
            "Y":37.535023,
            "X":126.961353,
            "rank":83.0,
            "area_info":"3평(13.22), 6평(20.14), 8평(28.03), 8평(29.75), 10평(33.06), 10평(33.85), 10평(35.97), 11평(37.19), 11평(37.29), 11평(38.38), 11평(38.48), 12평(39.97), 12평(41.36), 12평(41.06), 12평(41.26), 12평(41.29), 13평(42.98), 13평(43.07), 13평(43.97), 13평(44.63), 13평(44.43), 13평(44.36), 13평(45.55), 13평(45.98), 13평(46.28), 14평(47.47), 15평(49.59), 14평(49.19), 14평(49.29), 15평(52.89), 16평(53.42), 16평(53.59), 16평(54.55), 16평(55.77), 16평(55.07), 17평(59.5), 18평(61.16), 18평(61.15), 18평(62.58), 19평(64.46), 22평(72.73), 22평(75.07), 23평(76.5), 22평(76.03), 23평(77.89), 24평(79.34), 24평(81.98), 25평(83.11), 34평(115.67)",
            "last_sales":"2020-01-03,51500.0,22평(72.73)",
            "rank_history":[
                [
                    "202203",
                    83
                ],
                [
                    "202202",
                    9999
                ]
            ],
            "rank_gap":9999
        },
        {
            "index":679,
            "아파트명":"성아맨숀",
            "투자타입":"재건축",
            "전용면적(m2)":"28.36",
            "전용면적(평)":"8평",
            "법정동주소":"서울시 용산구 한남동 263-10",
            "도로명주소":"서울시 용산구 독서당로 73",
            "세대수":0,
            "입주년차":"--",
            "용적률점수":0,
            "건폐율점수":0,
            "세대당주차수":"--",
            "난방방식":"--",
            "공급면적":50,
            "전용률":100,
            "욕실수":"--",
            "현관타입":"--",
            "주거총점":7.5,
            "지역구공급총점":100.0,
            "역세권":50,
            "30분내 이동가능 거점":100,
            "1시간내 이동가능 거점":100,
            "교통총점":75.0,
            "백화점":100,
            "아울렛몰":100,
            "대형마트":0,
            "은행":100,
            "병원":0,
            "종합병원":100,
            "공원":80,
            "혐오시설":0,
            "인프라총점":72.4,
            "초등학군":89.98,
            "중학군":47.54,
            "학군총점":56.028,
            "인구수":24.63,
            "인구증감":-10.92,
            "인구총점":13.965,
            "일자리":21.14,
            "소득수준":78.32,
            "일자리총점":38.294,
            "가치 총점":57.8742,
            "매매실거래년":20210823.0,
            "매매실거래가":95000.0,
            "전세실거래년":20150627.0,
            "전세실거래가":8000.0,
            "전세가율":30.77,
            "장기전세가율평균":52.28,
            "전세가율거품지수":21.51,
            "검색코드":3813,
            "세대수":93.0,
            "준공년월":"1970-10-27",
            "준공년차":53.0,
            "가까운역이름":"한남",
            "가까운역거리":537.72,
            "역세권여부":"준역세권",
            "30분이내주요거점역":6,
            "30분거점역이름":"['강남', '역삼', '을지로3가', '양재', '왕십리', '명동']",
            "1시간이내주요거점역":17,
            "1시간거점역이름":"['강남', '역삼', '잠실', '판교', '여의도', '을지로3가', '양재', '정자', '평촌', '가산디지털단지', '왕십리', '홍대입구', '수원', '구로디지털단지', '명동', '서현', 'GTX성남(2023년)']",
            "3km이내백화점수":2,
            "5km이내아울렛몰수":2,
            "1km이내대형먀트수":0,
            "500m이내은행수":9,
            "500m이내병원수":0,
            "5km이내대형병원수":7,
            "500m이내공원수":1,
            "3km이내혐오시설수":0,
            "초등학교학업성취도":89.98,
            "중학교학업성취도":78.9,
            "용적률":0,
            "건폐율":0,
            "Y":37.53423,
            "X":127.008479,
            "rank":84.0,
            "area_info":"8평(28.36), 12평(40.4), 12평(41.26), 13평(43.07), 13평(43.6), 13평(44.73), 13평(45.92), 14평(48.3), 15평(51.24), 15평(52.0), 16평(54.78), 17평(56.6), 17평(56.43), 17평(57.39), 24평(82.61), 27평(90.71), 27평(91.11), 27평(92.07), 29평(97.98), 29평(98.38), 30평(101.62), 35평(118.65)",
            "last_sales":"2021-08-23,95000.0,29평(98.38)",
            "rank_history":[
                [
                    "202203",
                    84
                ],
                [
                    "202202",
                    9999
                ]
            ],
            "rank_gap":9999
        },
        {
            "index":467,
            "아파트명":"현대한강",
            "투자타입":"일반",
            "전용면적(m2)":"76.65",
            "전용면적(평)":"23평",
            "법정동주소":"서울시 용산구 이촌동 400",
            "도로명주소":"서울시 용산구 이촌로34길 29",
            "세대수":50,
            "입주년차":0,
            "용적률점수":"--",
            "건폐율점수":"--",
            "세대당주차수":0,
            "난방방식":100,
            "공급면적":"--",
            "전용률":"--",
            "욕실수":50,
            "현관타입":100,
            "주거총점":42.5,
            "지역구공급총점":100.0,
            "역세권":0,
            "30분내 이동가능 거점":100,
            "1시간내 이동가능 거점":100,
            "교통총점":50.0,
            "백화점":100,
            "아울렛몰":80,
            "대형마트":80,
            "은행":0,
            "병원":0,
            "종합병원":100,
            "공원":80,
            "혐오시설":0,
            "인프라총점":72.4,
            "초등학군":89.97,
            "중학군":54.82,
            "학군총점":61.85,
            "인구수":24.63,
            "인구증감":-10.92,
            "인구총점":13.965,
            "일자리":21.14,
            "소득수준":78.32,
            "일자리총점":38.294,
            "가치 총점":56.9975,
            "매매실거래년":20211121.0,
            "매매실거래가":170000.0,
            "전세실거래년":20220108.0,
            "전세실거래가":40000.0,
            "전세가율":23.53,
            "장기전세가율평균":52.28,
            "전세가율거품지수":28.75,
            "검색코드":3811,
            "세대수":516.0,
            "준공년월":"1997-03-07",
            "준공년차":26.0,
            "가까운역이름":"신용산",
            "가까운역거리":1075.94,
            "역세권여부":"비역세권",
            "30분이내주요거점역":5,
            "30분거점역이름":"['여의도', '을지로3가', '왕십리', '홍대입구', '명동']",
            "1시간이내주요거점역":17,
            "1시간거점역이름":"['강남', '역삼', '잠실', '판교', '여의도', '을지로3가', '양재', '수원시청', '평촌', '가산디지털단지', '왕십리', '홍대입구', '수원', '구로디지털단지', '명동', '마곡', 'GTX성남(2023년)']",
            "3km이내백화점수":1,
            "5km이내아울렛몰수":1,
            "1km이내대형먀트수":1,
            "500m이내은행수":0,
            "500m이내병원수":0,
            "5km이내대형병원수":11,
            "500m이내공원수":1,
            "3km이내혐오시설수":0,
            "초등학교학업성취도":89.97,
            "중학교학업성취도":90.3,
            "용적률":383,
            "건폐율":10,
            "Y":37.523167,
            "X":126.958486,
            "rank":85.0,
            "area_info":"23평(76.65), 31평(103.3)",
            "last_sales":"2021-11-21,170000.0,23평(76.65)",
            "rank_history":[
                [
                    "202203",
                    85
                ],
                [
                    "202202",
                    58
                ],
                [
                    "202201",
                    58
                ]
            ],
            "rank_gap":-27
        },
        {
            "index":347,
            "아파트명":"그린",
            "투자타입":"일반",
            "전용면적(m2)":"61.35",
            "전용면적(평)":"18평",
            "법정동주소":"서울시 용산구 이촌동 411",
            "도로명주소":"서울시 용산구 이촌로 100-8",
            "세대수":50,
            "입주년차":20,
            "용적률점수":"--",
            "건폐율점수":"--",
            "세대당주차수":30,
            "난방방식":100,
            "공급면적":"--",
            "전용률":"--",
            "욕실수":50,
            "현관타입":10,
            "주거총점":42.0,
            "지역구공급총점":100.0,
            "역세권":0,
            "30분내 이동가능 거점":100,
            "1시간내 이동가능 거점":100,
            "교통총점":50.0,
            "백화점":100,
            "아울렛몰":80,
            "대형마트":80,
            "은행":0,
            "병원":0,
            "종합병원":100,
            "공원":100,
            "혐오시설":-50,
            "인프라총점":72.0,
            "초등학군":89.97,
            "중학군":54.82,
            "학군총점":61.85,
            "인구수":24.63,
            "인구증감":-10.92,
            "인구총점":13.965,
            "일자리":21.14,
            "소득수준":78.32,
            "일자리총점":38.294,
            "가치 총점":56.7775,
            "매매실거래년":20211103.0,
            "매매실거래가":197000.0,
            "전세실거래년":20220211.0,
            "전세실거래가":35000.0,
            "전세가율":35.0,
            "장기전세가율평균":52.28,
            "전세가율거품지수":17.28,
            "검색코드":968,
            "세대수":499.0,
            "준공년월":"1999-05-31",
            "준공년차":24.0,
            "가까운역이름":"신용산",
            "가까운역거리":1052.55,
            "역세권여부":"비역세권",
            "30분이내주요거점역":5,
            "30분거점역이름":"['여의도', '을지로3가', '왕십리', '홍대입구', '명동']",
            "1시간이내주요거점역":16,
            "1시간거점역이름":"['강남', '역삼', '잠실', '판교', '여의도', '을지로3가', '양재', '수원시청', '평촌', '가산디지털단지', '왕십리', '홍대입구', '수원', '구로디지털단지', '명동', '마곡']",
            "3km이내백화점수":1,
            "5km이내아울렛몰수":1,
            "1km이내대형먀트수":1,
            "500m이내은행수":0,
            "500m이내병원수":0,
            "5km이내대형병원수":11,
            "500m이내공원수":2,
            "3km이내혐오시설수":1,
            "초등학교학업성취도":89.97,
            "중학교학업성취도":90.3,
            "용적률":384,
            "건폐율":23,
            "Y":37.524037,
            "X":126.95801,
            "rank":86.0,
            "area_info":"18평(61.35), 21평(69.55), 25평(83.37), 33평(111.82), 43평(144.03)",
            "last_sales":"2021-11-03,197000.0,43평(144.03)",
            "rank_history":[
                [
                    "202203",
                    86
                ],
                [
                    "202202",
                    56
                ],
                [
                    "202201",
                    56
                ]
            ],
            "rank_gap":-30
        },
        {
            "index":300,
            "아파트명":"강변삼성스위트",
            "투자타입":"일반",
            "전용면적(m2)":"79.82",
            "전용면적(평)":"24평",
            "법정동주소":"서울시 용산구 원효로4가 178",
            "도로명주소":"서울시 용산구 원효로 40",
            "세대수":30,
            "입주년차":20,
            "용적률점수":"--",
            "건폐율점수":"--",
            "세대당주차수":30,
            "난방방식":30,
            "공급면적":"--",
            "전용률":"--",
            "욕실수":50,
            "현관타입":10,
            "주거총점":28.0,
            "지역구공급총점":100.0,
            "역세권":50,
            "30분내 이동가능 거점":80,
            "1시간내 이동가능 거점":100,
            "교통총점":69.0,
            "백화점":100,
            "아울렛몰":80,
            "대형마트":0,
            "은행":20,
            "병원":0,
            "종합병원":100,
            "공원":0,
            "혐오시설":-50,
            "인프라총점":59.0,
            "초등학군":89.98,
            "중학군":54.82,
            "학군총점":61.852,
            "인구수":24.63,
            "인구증감":-10.92,
            "인구총점":13.965,
            "일자리":21.14,
            "소득수준":78.32,
            "일자리총점":38.294,
            "가치 총점":56.7278,
            "매매실거래년":20210803.0,
            "매매실거래가":170000.0,
            "전세실거래년":20210906.0,
            "전세실거래가":63000.0,
            "전세가율":56.35,
            "장기전세가율평균":52.28,
            "전세가율거품지수":-4.07,
            "검색코드":1222,
            "세대수":300.0,
            "준공년월":"1999-12-24",
            "준공년차":24.0,
            "가까운역이름":"마포",
            "가까운역거리":656.47,
            "역세권여부":"준역세권",
            "30분이내주요거점역":4,
            "30분거점역이름":"['여의도', '을지로3가', '홍대입구', '명동']",
            "1시간이내주요거점역":17,
            "1시간거점역이름":"['강남', '역삼', '잠실', '판교', '여의도', '을지로3가', '양재', '정자', '평촌', '가산디지털단지', '왕십리', '홍대입구', '수원', '구로디지털단지', '명동', '마곡', 'GTX킨텍스(2023년)']",
            "3km이내백화점수":2,
            "5km이내아울렛몰수":1,
            "1km이내대형먀트수":0,
            "500m이내은행수":2,
            "500m이내병원수":0,
            "5km이내대형병원수":11,
            "500m이내공원수":0,
            "3km이내혐오시설수":1,
            "초등학교학업성취도":89.98,
            "중학교학업성취도":90.3,
            "용적률":358,
            "건폐율":23,
            "Y":37.534044,
            "X":126.948536,
            "rank":87.0,
            "area_info":"24평(79.82), 24평(80.32), 29평(98.23), 34평(112.52), 34평(112.58)",
            "last_sales":"2021-08-03,170000.0,34평(112.52)",
            "rank_history":[
                [
                    "202203",
                    87
                ],
                [
                    "202202",
                    72
                ],
                [
                    "202201",
                    74
                ]
            ],
            "rank_gap":-15
        },
        {
            "index":477,
            "아파트명":"이태원주공",
            "투자타입":"일반",
            "전용면적(m2)":"106.54",
            "전용면적(평)":"32평",
            "법정동주소":"서울시 용산구 이태원동 728",
            "도로명주소":"서울시 용산구 녹사평대로 286",
            "세대수":0,
            "입주년차":0,
            "용적률점수":"--",
            "건폐율점수":"--",
            "세대당주차수":0,
            "난방방식":30,
            "공급면적":"--",
            "전용률":"--",
            "욕실수":100,
            "현관타입":100,
            "주거총점":23.0,
            "지역구공급총점":100.0,
            "역세권":50,
            "30분내 이동가능 거점":80,
            "1시간내 이동가능 거점":100,
            "교통총점":69.0,
            "백화점":100,
            "아울렛몰":100,
            "대형마트":0,
            "은행":20,
            "병원":0,
            "종합병원":100,
            "공원":100,
            "혐오시설":0,
            "인프라총점":65.0,
            "초등학군":89.99,
            "중학군":45.4,
            "학군총점":54.318,
            "인구수":24.63,
            "인구증감":-10.92,
            "인구총점":13.965,
            "일자리":21.14,
            "소득수준":78.32,
            "일자리총점":38.294,
            "가치 총점":56.3977,
            "매매실거래년":20210226.0,
            "매매실거래가":140000.0,
            "전세실거래년":20210524.0,
            "전세실거래가":60000.0,
            "전세가율":42.86,
            "장기전세가율평균":52.28,
            "전세가율거품지수":9.42,
            "검색코드":774,
            "세대수":130.0,
            "준공년월":"1993-04-24",
            "준공년차":30.0,
            "가까운역이름":"녹사평",
            "가까운역거리":917.92,
            "역세권여부":"준역세권",
            "30분이내주요거점역":4,
            "30분거점역이름":"['강남', '을지로3가', '왕십리', '명동']",
            "1시간이내주요거점역":15,
            "1시간거점역이름":"['강남', '역삼', '잠실', '판교', '여의도', '을지로3가', '양재', '정자', '평촌', '가산디지털단지', '왕십리', '홍대입구', '구로디지털단지', '명동', 'GTX성남(2023년)']",
            "3km이내백화점수":2,
            "5km이내아울렛몰수":2,
            "1km이내대형먀트수":0,
            "500m이내은행수":2,
            "500m이내병원수":0,
            "5km이내대형병원수":10,
            "500m이내공원수":3,
            "3km이내혐오시설수":0,
            "초등학교학업성취도":89.99,
            "중학교학업성취도":74.8,
            "용적률":0,
            "건폐율":0,
            "Y":37.542603,
            "X":126.989651,
            "rank":88.0,
            "area_info":"32평(106.54), 32평(106.65)",
            "last_sales":"2021-02-26,140000.0,32평(106.54)",
            "rank_history":[
                [
                    "202203",
                    88
                ],
                [
                    "202202",
                    49
                ],
                [
                    "202201",
                    47
                ]
            ],
            "rank_gap":-39
        },
        {
            "index":113,
            "아파트명":"리버빌",
            "투자타입":"일반",
            "전용면적(m2)":"81.3",
            "전용면적(평)":"24평",
            "법정동주소":"서울시 용산구 보광동 151",
            "도로명주소":"서울시 용산구 보광로5길 40",
            "세대수":0,
            "입주년차":20,
            "용적률점수":"--",
            "건폐율점수":"--",
            "세대당주차수":30,
            "난방방식":30,
            "공급면적":"--",
            "전용률":"--",
            "욕실수":50,
            "현관타입":10,
            "주거총점":17.5,
            "지역구공급총점":100.0,
            "역세권":50,
            "30분내 이동가능 거점":100,
            "1시간내 이동가능 거점":100,
            "교통총점":75.0,
            "백화점":100,
            "아울렛몰":100,
            "대형마트":0,
            "은행":20,
            "병원":0,
            "종합병원":100,
            "공원":0,
            "혐오시설":0,
            "인프라총점":62.0,
            "초등학군":90.03,
            "중학군":42.22,
            "학군총점":51.782,
            "인구수":24.63,
            "인구증감":-10.92,
            "인구총점":13.965,
            "일자리":21.14,
            "소득수준":78.32,
            "일자리총점":38.294,
            "가치 총점":56.1173,
            "매매실거래년":20210822.0,
            "매매실거래가":118000.0,
            "전세실거래년":20210706.0,
            "전세실거래가":36500.0,
            "전세가율":30.93,
            "장기전세가율평균":52.28,
            "전세가율거품지수":21.35,
            "검색코드":3802,
            "세대수":242.0,
            "준공년월":"2000-10-31",
            "준공년차":23.0,
            "가까운역이름":"한남",
            "가까운역거리":918.91,
            "역세권여부":"준역세권",
            "30분이내주요거점역":5,
            "30분거점역이름":"['강남', '을지로3가', '양재', '왕십리', '명동']",
            "1시간이내주요거점역":18,
            "1시간거점역이름":"['강남', '역삼', '잠실', '판교', '여의도', '을지로3가', '양재', '정자', '평촌', '가산디지털단지', '왕십리', '홍대입구', '수원', '구로디지털단지', '명동', '마곡', 'GTX킨텍스(2023년)', 'GTX성남(2023년)']",
            "3km이내백화점수":2,
            "5km이내아울렛몰수":2,
            "1km이내대형먀트수":0,
            "500m이내은행수":2,
            "500m이내병원수":0,
            "5km이내대형병원수":6,
            "500m이내공원수":0,
            "3km이내혐오시설수":0,
            "초등학교학업성취도":90.03,
            "중학교학업성취도":69.3,
            "용적률":305,
            "건폐율":27,
            "Y":37.52439,
            "X":127.00095,
            "rank":89.0,
            "area_info":"24평(81.3), 34평(115.42)",
            "last_sales":"2021-08-22,118000.0,24평(81.3)",
            "rank_history":[
                [
                    "202203",
                    89
                ],
                [
                    "202202",
                    73
                ],
                [
                    "202201",
                    72
                ]
            ],
            "rank_gap":-16
        },
        {
            "index":425,
            "아파트명":"점보",
            "투자타입":"재건축",
            "전용면적(m2)":"191.99",
            "전용면적(평)":"58평",
            "법정동주소":"서울시 용산구 이촌동 300-10",
            "도로명주소":"서울시 용산구 이촌로88길 3",
            "세대수":0,
            "입주년차":"--",
            "용적률점수":0,
            "건폐율점수":0,
            "세대당주차수":"--",
            "난방방식":"--",
            "공급면적":90,
            "전용률":100,
            "욕실수":"--",
            "현관타입":"--",
            "주거총점":9.5,
            "지역구공급총점":100.0,
            "역세권":50,
            "30분내 이동가능 거점":100,
            "1시간내 이동가능 거점":100,
            "교통총점":75.0,
            "백화점":100,
            "아울렛몰":80,
            "대형마트":0,
            "은행":0,
            "병원":0,
            "종합병원":100,
            "공원":100,
            "혐오시설":0,
            "인프라총점":61.0,
            "초등학군":89.96,
            "중학군":57.42,
            "학군총점":63.928,
            "인구수":24.63,
            "인구증감":-10.92,
            "인구총점":13.965,
            "일자리":21.14,
            "소득수준":78.32,
            "일자리총점":38.294,
            "가치 총점":56.0392,
            "매매실거래년":20211103.0,
            "매매실거래가":217000.0,
            "전세실거래년":20211225.0,
            "전세실거래가":95000.0,
            "전세가율":43.78,
            "장기전세가율평균":52.28,
            "전세가율거품지수":8.5,
            "검색코드":864,
            "세대수":144.0,
            "준공년월":"1974-07-08",
            "준공년차":49.0,
            "가까운역이름":"이촌",
            "가까운역거리":659.3,
            "역세권여부":"준역세권",
            "30분이내주요거점역":5,
            "30분거점역이름":"['강남', '을지로3가', '왕십리', '홍대입구', '명동']",
            "1시간이내주요거점역":18,
            "1시간거점역이름":"['강남', '역삼', '잠실', '판교', '여의도', '을지로3가', '양재', '정자', '수원시청', '평촌', '가산디지털단지', '왕십리', '홍대입구', '수원', '구로디지털단지', '명동', '마곡', 'GTX성남(2023년)']",
            "3km이내백화점수":1,
            "5km이내아울렛몰수":1,
            "1km이내대형먀트수":0,
            "500m이내은행수":0,
            "500m이내병원수":0,
            "5km이내대형병원수":5,
            "500m이내공원수":5,
            "3km이내혐오시설수":0,
            "초등학교학업성취도":89.96,
            "중학교학업성취도":90.9,
            "용적률":0,
            "건폐율":0,
            "Y":37.518081,
            "X":126.978647,
            "rank":90.0,
            "area_info":"58평(191.99), 60평(199.22), 60평(199.2), 60평(201.05), 69평(230.91), 69평(231.21), 70평(232.86)",
            "last_sales":"2021-11-03,217000.0,58평(191.99)",
            "rank_history":[
                [
                    "202203",
                    90
                ],
                [
                    "202202",
                    74
                ],
                [
                    "202201",
                    73
                ]
            ],
            "rank_gap":-16
        },
        {
            "index":557,
            "아파트명":"GS한강에클라트",
            "투자타입":"일반",
            "전용면적(m2)":"90.18",
            "전용면적(평)":"27평",
            "법정동주소":"서울시 용산구 한강로3가 16-85",
            "도로명주소":"서울시 용산구 이촌로 1",
            "세대수":0,
            "입주년차":40,
            "용적률점수":"--",
            "건폐율점수":"--",
            "세대당주차수":100,
            "난방방식":30,
            "공급면적":"--",
            "전용률":"--",
            "욕실수":50,
            "현관타입":50,
            "주거총점":36.0,
            "지역구공급총점":100.0,
            "역세권":0,
            "30분내 이동가능 거점":100,
            "1시간내 이동가능 거점":100,
            "교통총점":50.0,
            "백화점":100,
            "아울렛몰":80,
            "대형마트":80,
            "은행":20,
            "병원":0,
            "종합병원":100,
            "공원":80,
            "혐오시설":-50,
            "인프라총점":73.4,
            "초등학군":89.98,
            "중학군":54.82,
            "학군총점":61.852,
            "인구수":24.63,
            "인구증감":-10.92,
            "인구총점":13.965,
            "일자리":21.14,
            "소득수준":78.32,
            "일자리총점":38.294,
            "가치 총점":55.9978,
            "매매실거래년":20211029.0,
            "매매실거래가":125000.0,
            "전세실거래년":20210717.0,
            "전세실거래가":59000.0,
            "전세가율":51.3,
            "장기전세가율평균":52.28,
            "전세가율거품지수":0.98,
            "검색코드":13759,
            "세대수":89.0,
            "준공년월":"2006-07-26",
            "준공년차":17.0,
            "가까운역이름":"효창공원앞",
            "가까운역거리":1022.0,
            "역세권여부":"비역세권",
            "30분이내주요거점역":7,
            "30분거점역이름":"['여의도', '을지로3가', '가산디지털단지', '왕십리', '홍대입구', '구로디지털단지', '명동']",
            "1시간이내주요거점역":17,
            "1시간거점역이름":"['강남', '역삼', '잠실', '여의도', '을지로3가', '양재', '수원시청', '평촌', '가산디지털단지', '왕십리', '홍대입구', '수원', '구로디지털단지', '명동', '마곡', 'GTX킨텍스(2023년)', 'GTX성남(2023년)']",
            "3km이내백화점수":1,
            "5km이내아울렛몰수":1,
            "1km이내대형먀트수":1,
            "500m이내은행수":2,
            "500m이내병원수":0,
            "5km이내대형병원수":11,
            "500m이내공원수":1,
            "3km이내혐오시설수":1,
            "초등학교학업성취도":89.98,
            "중학교학업성취도":90.3,
            "용적률":748,
            "건폐율":42,
            "Y":37.531529,
            "X":126.955428,
            "rank":91.0,
            "area_info":"27평(90.18), 31평(104.82), 32평(106.18), 32평(108.17), 33평(111.4), 41평(136.16)",
            "last_sales":"2021-10-29,125000.0,32평(106.18)",
            "rank_history":[
                [
                    "202203",
                    91
                ],
                [
                    "202202",
                    9999
                ]
            ],
            "rank_gap":9999
        },
        {
            "index":591,
            "아파트명":"용산시티하우스(도시형)",
            "투자타입":"일반",
            "전용면적(m2)":"23.63",
            "전용면적(평)":"7평",
            "법정동주소":"서울시 용산구 한강로3가 65-7",
            "도로명주소":"서울시 용산구 한강대로14길 37",
            "세대수":0,
            "입주년차":60,
            "용적률점수":"--",
            "건폐율점수":"--",
            "세대당주차수":0,
            "난방방식":30,
            "공급면적":"--",
            "전용률":"--",
            "욕실수":50,
            "현관타입":10,
            "주거총점":21.0,
            "지역구공급총점":100.0,
            "역세권":50,
            "30분내 이동가능 거점":100,
            "1시간내 이동가능 거점":100,
            "교통총점":75.0,
            "백화점":0,
            "아울렛몰":80,
            "대형마트":80,
            "은행":100,
            "병원":0,
            "종합병원":100,
            "공원":100,
            "혐오시설":0,
            "인프라총점":53.0,
            "초등학군":89.97,
            "중학군":57.42,
            "학군총점":63.93,
            "인구수":24.63,
            "인구증감":-10.92,
            "인구총점":13.965,
            "일자리":21.14,
            "소득수준":78.32,
            "일자리총점":38.294,
            "가치 총점":55.9395,
            "매매실거래년":20131230.0,
            "매매실거래가":22793.0,
            "전세실거래년":20210209.0,
            "전세실거래가":19425.0,
            "전세가율":94.05,
            "장기전세가율평균":52.28,
            "전세가율거품지수":-41.77,
            "검색코드":104256,
            "세대수":62.0,
            "준공년월":"2011-12-02",
            "준공년차":12.0,
            "가까운역이름":"신용산",
            "가까운역거리":558.52,
            "역세권여부":"준역세권",
            "30분이내주요거점역":6,
            "30분거점역이름":"['여의도', '을지로3가', '왕십리', '홍대입구', '구로디지털단지', '명동']",
            "1시간이내주요거점역":18,
            "1시간거점역이름":"['강남', '역삼', '잠실', '판교', '여의도', '을지로3가', '양재', '정자', '수원시청', '평촌', '가산디지털단지', '왕십리', '홍대입구', '수원', '구로디지털단지', '명동', '마곡', 'GTX성남(2023년)']",
            "3km이내백화점수":0,
            "5km이내아울렛몰수":1,
            "1km이내대형먀트수":1,
            "500m이내은행수":7,
            "500m이내병원수":0,
            "5km이내대형병원수":10,
            "500m이내공원수":5,
            "3km이내혐오시설수":0,
            "초등학교학업성취도":89.97,
            "중학교학업성취도":90.9,
            "용적률":199,
            "건폐율":31,
            "Y":37.524416,
            "X":126.966286,
            "rank":92.0,
            "area_info":"7평(23.63), 7평(25.73), 7평(25.62), 7평(25.0), 8평(26.88), 7평(26.24), 8평(26.56), 9평(30.28), 9평(31.17)",
            "last_sales":"2013-12-30,22793.0,9평(30.28)",
            "rank_history":[
                [
                    "202203",
                    92
                ],
                [
                    "202202",
                    9999
                ]
            ],
            "rank_gap":9999
        },
        {
            "index":387,
            "아파트명":"미주맨션B동",
            "투자타입":"재건축",
            "전용면적(m2)":"159.37",
            "전용면적(평)":"48평",
            "법정동주소":"서울시 용산구 이촌동 302-48",
            "도로명주소":"서울시 용산구 이촌로62길 9",
            "세대수":0,
            "입주년차":"--",
            "용적률점수":0,
            "건폐율점수":0,
            "세대당주차수":"--",
            "난방방식":"--",
            "공급면적":100,
            "전용률":100,
            "욕실수":"--",
            "현관타입":"--",
            "주거총점":10.0,
            "지역구공급총점":100.0,
            "역세권":80,
            "30분내 이동가능 거점":100,
            "1시간내 이동가능 거점":100,
            "교통총점":90.0,
            "백화점":0,
            "아울렛몰":80,
            "대형마트":0,
            "은행":100,
            "병원":0,
            "종합병원":100,
            "공원":100,
            "혐오시설":0,
            "인프라총점":41.0,
            "초등학군":89.96,
            "중학군":57.42,
            "학군총점":63.928,
            "인구수":24.63,
            "인구증감":-10.92,
            "인구총점":13.965,
            "일자리":21.14,
            "소득수준":78.32,
            "일자리총점":38.294,
            "가치 총점":55.3892,
            "매매실거래년":20200627.0,
            "매매실거래가":135000.0,
            "전세실거래년":20201102.0,
            "전세실거래가":83000.0,
            "전세가율":66.4,
            "장기전세가율평균":52.28,
            "전세가율거품지수":-14.12,
            "검색코드":101074,
            "세대수":50.0,
            "준공년월":"1976-08-09",
            "준공년차":47.0,
            "가까운역이름":"이촌",
            "가까운역거리":397.59,
            "역세권여부":"역세권",
            "30분이내주요거점역":6,
            "30분거점역이름":"['여의도', '을지로3가', '왕십리', '홍대입구', '구로디지털단지', '명동']",
            "1시간이내주요거점역":18,
            "1시간거점역이름":"['강남', '역삼', '잠실', '판교', '여의도', '을지로3가', '양재', '정자', '수원시청', '평촌', '가산디지털단지', '왕십리', '홍대입구', '수원', '구로디지털단지', '명동', '마곡', 'GTX성남(2023년)']",
            "3km이내백화점수":0,
            "5km이내아울렛몰수":1,
            "1km이내대형먀트수":0,
            "500m이내은행수":6,
            "500m이내병원수":0,
            "5km이내대형병원수":5,
            "500m이내공원수":6,
            "3km이내혐오시설수":0,
            "초등학교학업성취도":89.96,
            "중학교학업성취도":90.9,
            "용적률":0,
            "건폐율":0,
            "Y":37.520652,
            "X":126.969619,
            "rank":93.0,
            "area_info":"48평(159.37), 48평(161.29)",
            "last_sales":"2020-06-27,135000.0,48평(161.29)",
            "rank_history":[
                [
                    "202203",
                    93
                ],
                [
                    "202202",
                    9999
                ]
            ],
            "rank_gap":9999
        },
        {
            "index":701,
            "아파트명":"시범",
            "투자타입":"재건축",
            "전용면적(m2)":"82.64",
            "전용면적(평)":"24평",
            "법정동주소":"서울시 용산구 한남동 1-349",
            "도로명주소":"서울시 용산구 독서당로34길 22",
            "세대수":0,
            "입주년차":"--",
            "용적률점수":0,
            "건폐율점수":0,
            "세대당주차수":"--",
            "난방방식":"--",
            "공급면적":70,
            "전용률":60,
            "욕실수":"--",
            "현관타입":"--",
            "주거총점":6.5,
            "지역구공급총점":100.0,
            "역세권":50,
            "30분내 이동가능 거점":100,
            "1시간내 이동가능 거점":100,
            "교통총점":75.0,
            "백화점":100,
            "아울렛몰":100,
            "대형마트":0,
            "은행":20,
            "병원":0,
            "종합병원":100,
            "공원":80,
            "혐오시설":0,
            "인프라총점":64.4,
            "초등학군":89.96,
            "중학군":47.54,
            "학군총점":56.024,
            "인구수":24.63,
            "인구증감":-10.92,
            "인구총점":13.965,
            "일자리":21.14,
            "소득수준":78.32,
            "일자리총점":38.294,
            "가치 총점":55.2736,
            "매매실거래년":20200715.0,
            "매매실거래가":85000.0,
            "전세실거래년":20210821.0,
            "전세실거래가":20000.0,
            "전세가율":23.53,
            "장기전세가율평균":52.28,
            "전세가율거품지수":28.75,
            "검색코드":8389,
            "세대수":120.0,
            "준공년월":"1970-10-30",
            "준공년차":53.0,
            "가까운역이름":"옥수",
            "가까운역거리":550.34,
            "역세권여부":"준역세권",
            "30분이내주요거점역":6,
            "30분거점역이름":"['강남', '역삼', '을지로3가', '양재', '왕십리', '명동']",
            "1시간이내주요거점역":16,
            "1시간거점역이름":"['강남', '역삼', '잠실', '판교', '여의도', '을지로3가', '양재', '정자', '평촌', '가산디지털단지', '왕십리', '홍대입구', '구로디지털단지', '명동', '서현', 'GTX성남(2023년)']",
            "3km이내백화점수":2,
            "5km이내아울렛몰수":2,
            "1km이내대형먀트수":0,
            "500m이내은행수":2,
            "500m이내병원수":0,
            "5km이내대형병원수":8,
            "500m이내공원수":1,
            "3km이내혐오시설수":0,
            "초등학교학업성취도":89.96,
            "중학교학업성취도":78.9,
            "용적률":0,
            "건폐율":0,
            "Y":37.539149,
            "X":127.012747,
            "rank":94.0,
            "area_info":"24평(82.64), 27평(92.56)",
            "last_sales":"2020-07-15,85000.0,24평(82.64)",
            "rank_history":[
                [
                    "202203",
                    94
                ],
                [
                    "202202",
                    39
                ],
                [
                    "202201",
                    45
                ]
            ],
            "rank_gap":-55
        },
        {
            "index":401,
            "아파트명":"월드메르디앙",
            "투자타입":"재건축",
            "전용면적(m2)":"93.38",
            "전용면적(평)":"28평",
            "법정동주소":"서울시 용산구 이촌동 302-53",
            "도로명주소":"서울시 용산구 이촌로62길 14",
            "세대수":0,
            "입주년차":"--",
            "용적률점수":0,
            "건폐율점수":0,
            "세대당주차수":"--",
            "난방방식":"--",
            "공급면적":70,
            "전용률":100,
            "욕실수":"--",
            "현관타입":"--",
            "주거총점":8.5,
            "지역구공급총점":100.0,
            "역세권":80,
            "30분내 이동가능 거점":100,
            "1시간내 이동가능 거점":100,
            "교통총점":90.0,
            "백화점":0,
            "아울렛몰":80,
            "대형마트":0,
            "은행":100,
            "병원":0,
            "종합병원":100,
            "공원":100,
            "혐오시설":0,
            "인프라총점":41.0,
            "초등학군":89.97,
            "중학군":57.42,
            "학군총점":63.93,
            "인구수":24.63,
            "인구증감":-10.92,
            "인구총점":13.965,
            "일자리":21.14,
            "소득수준":78.32,
            "일자리총점":38.294,
            "가치 총점":55.0895,
            "매매실거래년":20210828.0,
            "매매실거래가":153500.0,
            "전세실거래년":20211217.0,
            "전세실거래가":90000.0,
            "전세가율":62.28,
            "장기전세가율평균":52.28,
            "전세가율거품지수":-10.0,
            "검색코드":10633,
            "세대수":55.0,
            "준공년월":"1971-11-20",
            "준공년차":52.0,
            "가까운역이름":"이촌",
            "가까운역거리":439.06,
            "역세권여부":"역세권",
            "30분이내주요거점역":5,
            "30분거점역이름":"['여의도', '을지로3가', '왕십리', '홍대입구', '명동']",
            "1시간이내주요거점역":18,
            "1시간거점역이름":"['강남', '역삼', '잠실', '판교', '여의도', '을지로3가', '양재', '정자', '수원시청', '평촌', '가산디지털단지', '왕십리', '홍대입구', '수원', '구로디지털단지', '명동', '마곡', 'GTX성남(2023년)']",
            "3km이내백화점수":0,
            "5km이내아울렛몰수":1,
            "1km이내대형먀트수":0,
            "500m이내은행수":6,
            "500m이내병원수":0,
            "5km이내대형병원수":5,
            "500m이내공원수":5,
            "3km이내혐오시설수":0,
            "초등학교학업성취도":89.97,
            "중학교학업성취도":90.9,
            "용적률":322,
            "건폐율":53,
            "Y":37.520808,
            "X":126.968994,
            "rank":95.0,
            "area_info":"28평(93.38), 38평(128.11), 42평(141.4), 56평(186.76)",
            "last_sales":"2021-08-28,153500.0,38평(128.11)",
            "rank_history":[
                [
                    "202203",
                    95
                ],
                [
                    "202202",
                    9999
                ]
            ],
            "rank_gap":9999
        },
        {
            "index":370,
            "아파트명":"로얄맨숀",
            "투자타입":"재건축",
            "전용면적(m2)":"87.02",
            "전용면적(평)":"26평",
            "법정동주소":"서울시 용산구 이촌동 301-10",
            "도로명주소":"서울시 용산구 이촌로75길 6",
            "세대수":0,
            "입주년차":"--",
            "용적률점수":0,
            "건폐율점수":0,
            "세대당주차수":"--",
            "난방방식":"--",
            "공급면적":70,
            "전용률":100,
            "욕실수":"--",
            "현관타입":"--",
            "주거총점":8.5,
            "지역구공급총점":100.0,
            "역세권":80,
            "30분내 이동가능 거점":100,
            "1시간내 이동가능 거점":100,
            "교통총점":90.0,
            "백화점":0,
            "아울렛몰":80,
            "대형마트":0,
            "은행":100,
            "병원":0,
            "종합병원":100,
            "공원":100,
            "혐오시설":0,
            "인프라총점":41.0,
            "초등학군":89.96,
            "중학군":57.42,
            "학군총점":63.928,
            "인구수":24.63,
            "인구증감":-10.92,
            "인구총점":13.965,
            "일자리":21.14,
            "소득수준":78.32,
            "일자리총점":38.294,
            "가치 총점":55.0892,
            "매매실거래년":20220127.0,
            "매매실거래가":237500.0,
            "전세실거래년":null,
            "전세실거래가":null,
            "전세가율":null,
            "장기전세가율평균":52.28,
            "전세가율거품지수":null,
            "검색코드":3807,
            "세대수":72.0,
            "준공년월":"1972-09-19",
            "준공년차":51.0,
            "가까운역이름":"이촌",
            "가까운역거리":270.17,
            "역세권여부":"역세권",
            "30분이내주요거점역":6,
            "30분거점역이름":"['여의도', '을지로3가', '왕십리', '홍대입구', '구로디지털단지', '명동']",
            "1시간이내주요거점역":19,
            "1시간거점역이름":"['강남', '역삼', '잠실', '판교', '여의도', '을지로3가', '양재', '정자', '수원시청', '평촌', '가산디지털단지', '왕십리', '홍대입구', '수원', '구로디지털단지', '명동', '대화', '마곡', 'GTX성남(2023년)']",
            "3km이내백화점수":0,
            "5km이내아울렛몰수":1,
            "1km이내대형먀트수":0,
            "500m이내은행수":5,
            "500m이내병원수":0,
            "5km이내대형병원수":5,
            "500m이내공원수":5,
            "3km이내혐오시설수":0,
            "초등학교학업성취도":89.96,
            "중학교학업성취도":90.9,
            "용적률":443,
            "건폐율":51,
            "Y":37.520127,
            "X":126.974581,
            "rank":96.0,
            "area_info":"26평(87.02), 43평(142.16), 45평(149.46), 48평(159.03), 56평(188.2), 58평(193.27)",
            "last_sales":"2022-01-27,237500.0,56평(188.2)",
            "rank_history":[
                [
                    "202203",
                    96
                ],
                [
                    "202202",
                    9999
                ]
            ],
            "rank_gap":9999
        },
        {
            "index":376,
            "아파트명":"리버뷰",
            "투자타입":"재건축",
            "전용면적(m2)":"39.37",
            "전용면적(평)":"11평",
            "법정동주소":"서울시 용산구 이촌동 300-27",
            "도로명주소":"서울시 용산구 이촌로 224",
            "세대수":0,
            "입주년차":"--",
            "용적률점수":0,
            "건폐율점수":0,
            "세대당주차수":"--",
            "난방방식":"--",
            "공급면적":50,
            "전용률":100,
            "욕실수":"--",
            "현관타입":"--",
            "주거총점":7.5,
            "지역구공급총점":100.0,
            "역세권":80,
            "30분내 이동가능 거점":100,
            "1시간내 이동가능 거점":100,
            "교통총점":90.0,
            "백화점":0,
            "아울렛몰":80,
            "대형마트":0,
            "은행":100,
            "병원":0,
            "종합병원":100,
            "공원":100,
            "혐오시설":0,
            "인프라총점":41.0,
            "초등학군":89.96,
            "중학군":57.42,
            "학군총점":63.928,
            "인구수":24.63,
            "인구증감":-10.92,
            "인구총점":13.965,
            "일자리":21.14,
            "소득수준":78.32,
            "일자리총점":38.294,
            "가치 총점":54.8892,
            "매매실거래년":20210616.0,
            "매매실거래가":146500.0,
            "전세실거래년":null,
            "전세실거래가":null,
            "전세가율":null,
            "장기전세가율평균":52.28,
            "전세가율거품지수":null,
            "검색코드":9328,
            "세대수":56.0,
            "준공년월":"1970-10-20",
            "준공년차":53.0,
            "가까운역이름":"이촌",
            "가까운역거리":287.52,
            "역세권여부":"역세권",
            "30분이내주요거점역":5,
            "30분거점역이름":"['여의도', '을지로3가', '왕십리', '홍대입구', '명동']",
            "1시간이내주요거점역":19,
            "1시간거점역이름":"['강남', '역삼', '잠실', '판교', '여의도', '을지로3가', '양재', '정자', '수원시청', '평촌', '가산디지털단지', '왕십리', '홍대입구', '수원', '구로디지털단지', '명동', '대화', '마곡', 'GTX성남(2023년)']",
            "3km이내백화점수":0,
            "5km이내아울렛몰수":1,
            "1km이내대형먀트수":0,
            "500m이내은행수":6,
            "500m이내병원수":0,
            "5km이내대형병원수":5,
            "500m이내공원수":4,
            "3km이내혐오시설수":0,
            "초등학교학업성취도":89.96,
            "중학교학업성취도":90.9,
            "용적률":0,
            "건폐율":0,
            "Y":37.520247,
            "X":126.971762,
            "rank":97.0,
            "area_info":"11평(39.37), 39평(131.44), 41평(135.77), 42평(138.94), 42평(141.55), 44평(145.92), 44평(146.28), 44평(147.8), 45평(151.08), 46평(152.3), 51평(170.31)",
            "last_sales":"2021-06-16,146500.0,46평(152.3)",
            "rank_history":[
                [
                    "202203",
                    97
                ],
                [
                    "202202",
                    9999
                ]
            ],
            "rank_gap":9999
        },
        {
            "index":473,
            "아파트명":"용산",
            "투자타입":"재건축",
            "전용면적(m2)":"44.76",
            "전용면적(평)":"13평",
            "법정동주소":"서울시 용산구 이태원동 669",
            "도로명주소":"서울시 용산구 녹사평대로 250-1",
            "세대수":0,
            "입주년차":"--",
            "용적률점수":0,
            "건폐율점수":0,
            "세대당주차수":"--",
            "난방방식":"--",
            "공급면적":50,
            "전용률":100,
            "욕실수":"--",
            "현관타입":"--",
            "주거총점":7.5,
            "지역구공급총점":100.0,
            "역세권":50,
            "30분내 이동가능 거점":80,
            "1시간내 이동가능 거점":100,
            "교통총점":69.0,
            "백화점":100,
            "아울렛몰":100,
            "대형마트":0,
            "은행":70,
            "병원":0,
            "종합병원":100,
            "공원":100,
            "혐오시설":0,
            "인프라총점":70.0,
            "초등학군":89.96,
            "중학군":45.4,
            "학군총점":54.312,
            "인구수":24.63,
            "인구증감":-10.92,
            "인구총점":13.965,
            "일자리":21.14,
            "소득수준":78.32,
            "일자리총점":38.294,
            "가치 총점":54.7968,
            "매매실거래년":20211125.0,
            "매매실거래가":60000.0,
            "전세실거래년":20220209.0,
            "전세실거래가":15750.0,
            "전세가율":26.25,
            "장기전세가율평균":52.28,
            "전세가율거품지수":26.03,
            "검색코드":773,
            "세대수":96.0,
            "준공년월":"1969-11-21",
            "준공년차":54.0,
            "가까운역이름":"녹사평",
            "가까운역거리":589.92,
            "역세권여부":"준역세권",
            "30분이내주요거점역":4,
            "30분거점역이름":"['강남', '을지로3가', '왕십리', '명동']",
            "1시간이내주요거점역":17,
            "1시간거점역이름":"['강남', '역삼', '잠실', '판교', '여의도', '을지로3가', '양재', '정자', '평촌', '가산디지털단지', '왕십리', '홍대입구', '구로디지털단지', '명동', '마곡', 'GTX킨텍스(2023년)', 'GTX성남(2023년)']",
            "3km이내백화점수":2,
            "5km이내아울렛몰수":2,
            "1km이내대형먀트수":0,
            "500m이내은행수":4,
            "500m이내병원수":0,
            "5km이내대형병원수":10,
            "500m이내공원수":4,
            "3km이내혐오시설수":0,
            "초등학교학업성취도":89.96,
            "중학교학업성취도":74.8,
            "용적률":0,
            "건폐율":0,
            "Y":37.53993,
            "X":126.98783,
            "rank":98.0,
            "area_info":"13평(44.76), 15평(50.51), 15평(51.27), 17평(58.28)",
            "last_sales":"2021-11-25,60000.0,13평(44.76)",
            "rank_history":[
                [
                    "202203",
                    98
                ],
                [
                    "202202",
                    9999
                ]
            ],
            "rank_gap":9999
        },
        {
            "index":621,
            "아파트명":"한강로쌍용스윗닷홈",
            "투자타입":"일반",
            "전용면적(m2)":"84.81",
            "전용면적(평)":"25평",
            "법정동주소":"서울시 용산구 한강로3가 89",
            "도로명주소":"서울시 용산구 한강대로10길 14",
            "세대수":0,
            "입주년차":20,
            "용적률점수":"--",
            "건폐율점수":"--",
            "세대당주차수":30,
            "난방방식":30,
            "공급면적":"--",
            "전용률":"--",
            "욕실수":50,
            "현관타입":100,
            "주거총점":26.5,
            "지역구공급총점":100.0,
            "역세권":50,
            "30분내 이동가능 거점":100,
            "1시간내 이동가능 거점":100,
            "교통총점":75.0,
            "백화점":0,
            "아울렛몰":80,
            "대형마트":80,
            "은행":20,
            "병원":0,
            "종합병원":100,
            "공원":100,
            "혐오시설":0,
            "인프라총점":45.0,
            "초등학군":89.97,
            "중학군":57.42,
            "학군총점":63.93,
            "인구수":24.63,
            "인구증감":-10.92,
            "인구총점":13.965,
            "일자리":21.14,
            "소득수준":78.32,
            "일자리총점":38.294,
            "가치 총점":54.6395,
            "매매실거래년":20160903.0,
            "매매실거래가":75500.0,
            "전세실거래년":20190407.0,
            "전세실거래가":38000.0,
            "전세가율":76.0,
            "장기전세가율평균":52.28,
            "전세가율거품지수":-23.72,
            "검색코드":9167,
            "세대수":98.0,
            "준공년월":"2003-09-30",
            "준공년차":20.0,
            "가까운역이름":"신용산",
            "가까운역거리":727.03,
            "역세권여부":"준역세권",
            "30분이내주요거점역":6,
            "30분거점역이름":"['여의도', '을지로3가', '왕십리', '홍대입구', '구로디지털단지', '명동']",
            "1시간이내주요거점역":17,
            "1시간거점역이름":"['강남', '역삼', '잠실', '판교', '여의도', '을지로3가', '양재', '수원시청', '평촌', '가산디지털단지', '왕십리', '홍대입구', '수원', '구로디지털단지', '명동', '마곡', 'GTX성남(2023년)']",
            "3km이내백화점수":0,
            "5km이내아울렛몰수":1,
            "1km이내대형먀트수":1,
            "500m이내은행수":2,
            "500m이내병원수":0,
            "5km이내대형병원수":9,
            "500m이내공원수":3,
            "3km이내혐오시설수":0,
            "초등학교학업성취도":89.97,
            "중학교학업성취도":90.9,
            "용적률":249,
            "건폐율":23,
            "Y":37.523531,
            "X":126.96399,
            "rank":99.0,
            "area_info":"25평(84.81), 31평(103.66), 34평(114.86), 34평(115.3), 34평(115.19), 38평(126.06), 39평(131.52), 55평(182.96)",
            "last_sales":"2016-09-03,75500.0,39평(131.52)",
            "rank_history":[
                [
                    "202203",
                    99
                ],
                [
                    "202202",
                    9999
                ]
            ],
            "rank_gap":9999
        },
        {
            "index":115,
            "아파트명":"신동아",
            "투자타입":"재건축",
            "전용면적(m2)":"102.22",
            "전용면적(평)":"30평",
            "법정동주소":"서울시 용산구 보광동 448",
            "도로명주소":"서울시 용산구 보광로 14",
            "세대수":0,
            "입주년차":"--",
            "용적률점수":0,
            "건폐율점수":0,
            "세대당주차수":"--",
            "난방방식":"--",
            "공급면적":90,
            "전용률":80,
            "욕실수":"--",
            "현관타입":"--",
            "주거총점":8.5,
            "지역구공급총점":100.0,
            "역세권":50,
            "30분내 이동가능 거점":100,
            "1시간내 이동가능 거점":100,
            "교통총점":75.0,
            "백화점":100,
            "아울렛몰":100,
            "대형마트":0,
            "은행":20,
            "병원":0,
            "종합병원":100,
            "공원":0,
            "혐오시설":0,
            "인프라총점":62.0,
            "초등학군":89.98,
            "중학군":42.22,
            "학군총점":51.772,
            "인구수":24.63,
            "인구증감":-10.92,
            "인구총점":13.965,
            "일자리":21.14,
            "소득수준":78.32,
            "일자리총점":38.294,
            "가치 총점":54.3158,
            "매매실거래년":20210729.0,
            "매매실거래가":220000.0,
            "전세실거래년":20220214.0,
            "전세실거래가":40000.0,
            "전세가율":18.18,
            "장기전세가율평균":52.28,
            "전세가율거품지수":34.1,
            "검색코드":756,
            "세대수":226.0,
            "준공년월":"1992-09-19",
            "준공년차":31.0,
            "가까운역이름":"한남",
            "가까운역거리":740.96,
            "역세권여부":"준역세권",
            "30분이내주요거점역":6,
            "30분거점역이름":"['강남', '역삼', '을지로3가', '양재', '왕십리', '명동']",
            "1시간이내주요거점역":19,
            "1시간거점역이름":"['강남', '역삼', '잠실', '판교', '여의도', '을지로3가', '양재', '정자', '평촌', '가산디지털단지', '왕십리', '홍대입구', '수원', '구로디지털단지', '명동', '서현', '마곡', 'GTX킨텍스(2023년)', 'GTX성남(2023년)']",
            "3km이내백화점수":2,
            "5km이내아울렛몰수":2,
            "1km이내대형먀트수":0,
            "500m이내은행수":2,
            "500m이내병원수":0,
            "5km이내대형병원수":6,
            "500m이내공원수":0,
            "3km이내혐오시설수":0,
            "초등학교학업성취도":89.98,
            "중학교학업성취도":69.3,
            "용적률":0,
            "건폐율":0,
            "Y":37.525868,
            "X":127.002107,
            "rank":100.0,
            "area_info":"30평(102.22)",
            "last_sales":"2021-07-29,220000.0,30평(102.22)",
            "rank_history":[
                [
                    "202203",
                    100
                ],
                [
                    "202202",
                    65
                ],
                [
                    "202201",
                    66
                ]
            ],
            "rank_gap":-35
        },
        {
            "index":420,
            "아파트명":"장미맨션",
            "투자타입":"재건축",
            "전용면적(m2)":"91.56",
            "전용면적(평)":"27평",
            "법정동주소":"서울시 용산구 이촌동 302-64",
            "도로명주소":"서울시 용산구 이촌로64길 61",
            "세대수":0,
            "입주년차":"--",
            "용적률점수":20,
            "건폐율점수":100,
            "세대당주차수":"--",
            "난방방식":"--",
            "공급면적":70,
            "전용률":100,
            "욕실수":"--",
            "현관타입":"--",
            "주거총점":36.5,
            "지역구공급총점":100.0,
            "역세권":50,
            "30분내 이동가능 거점":80,
            "1시간내 이동가능 거점":100,
            "교통총점":69.0,
            "백화점":0,
            "아울렛몰":80,
            "대형마트":0,
            "은행":100,
            "병원":0,
            "종합병원":100,
            "공원":100,
            "혐오시설":0,
            "인프라총점":41.0,
            "초등학군":89.97,
            "중학군":57.42,
            "학군총점":63.93,
            "인구수":24.63,
            "인구증감":-10.92,
            "인구총점":13.965,
            "일자리":21.14,
            "소득수준":78.32,
            "일자리총점":38.294,
            "가치 총점":53.3395,
            "매매실거래년":20210713.0,
            "매매실거래가":253000.0,
            "전세실거래년":null,
            "전세실거래가":null,
            "전세가율":null,
            "장기전세가율평균":52.28,
            "전세가율거품지수":null,
            "검색코드":11190,
            "세대수":66.0,
            "준공년월":"1975-03-15",
            "준공년차":48.0,
            "가까운역이름":"이촌",
            "가까운역거리":569.88,
            "역세권여부":"준역세권",
            "30분이내주요거점역":4,
            "30분거점역이름":"['을지로3가', '왕십리', '홍대입구', '명동']",
            "1시간이내주요거점역":18,
            "1시간거점역이름":"['강남', '역삼', '잠실', '판교', '여의도', '을지로3가', '양재', '정자', '수원시청', '평촌', '가산디지털단지', '왕십리', '홍대입구', '수원', '구로디지털단지', '명동', '마곡', 'GTX성남(2023년)']",
            "3km이내백화점수":0,
            "5km이내아울렛몰수":1,
            "1km이내대형먀트수":0,
            "500m이내은행수":6,
            "500m이내병원수":0,
            "5km이내대형병원수":6,
            "500m이내공원수":4,
            "3km이내혐오시설수":0,
            "초등학교학업성취도":89.97,
            "중학교학업성취도":90.9,
            "용적률":279,
            "건폐율":15,
            "Y":37.520184,
            "X":126.967724,
            "rank":101.0,
            "area_info":"27평(91.56), 31평(104.8), 31평(104.79), 35평(118.03), 62평(207.19)",
            "last_sales":"2021-07-13,253000.0,62평(207.19)",
            "rank_history":[
                [
                    "202203",
                    101
                ],
                [
                    "202202",
                    9999
                ]
            ],
            "rank_gap":9999
        },
        {
            "index":432,
            "아파트명":"타워맨션",
            "투자타입":"재건축",
            "전용면적(m2)":"149.35",
            "전용면적(평)":"45평",
            "법정동주소":"서울시 용산구 이촌동 302-28",
            "도로명주소":"서울시 용산구 이촌로46길 2",
            "세대수":0,
            "입주년차":"--",
            "용적률점수":0,
            "건폐율점수":0,
            "세대당주차수":"--",
            "난방방식":"--",
            "공급면적":100,
            "전용률":100,
            "욕실수":"--",
            "현관타입":"--",
            "주거총점":10.0,
            "지역구공급총점":100.0,
            "역세권":50,
            "30분내 이동가능 거점":80,
            "1시간내 이동가능 거점":100,
            "교통총점":69.0,
            "백화점":0,
            "아울렛몰":80,
            "대형마트":80,
            "은행":100,
            "병원":0,
            "종합병원":100,
            "공원":100,
            "혐오시설":0,
            "인프라총점":53.0,
            "초등학군":89.97,
            "중학군":57.42,
            "학군총점":63.93,
            "인구수":24.63,
            "인구증감":-10.92,
            "인구총점":13.965,
            "일자리":21.14,
            "소득수준":78.32,
            "일자리총점":38.294,
            "가치 총점":51.6395,
            "매매실거래년":20210209.0,
            "매매실거래가":220000.0,
            "전세실거래년":20111117.0,
            "전세실거래가":35000.0,
            "전세가율":null,
            "장기전세가율평균":52.28,
            "전세가율거품지수":null,
            "검색코드":866,
            "세대수":60.0,
            "준공년월":"1973-09-21",
            "준공년차":50.0,
            "가까운역이름":"이촌",
            "가까운역거리":776.01,
            "역세권여부":"준역세권",
            "30분이내주요거점역":4,
            "30분거점역이름":"['여의도', '을지로3가', '왕십리', '명동']",
            "1시간이내주요거점역":17,
            "1시간거점역이름":"['강남', '역삼', '잠실', '판교', '여의도', '을지로3가', '양재', '수원시청', '평촌', '가산디지털단지', '왕십리', '홍대입구', '수원', '구로디지털단지', '명동', '마곡', 'GTX성남(2023년)']",
            "3km이내백화점수":0,
            "5km이내아울렛몰수":1,
            "1km이내대형먀트수":1,
            "500m이내은행수":6,
            "500m이내병원수":0,
            "5km이내대형병원수":8,
            "500m이내공원수":3,
            "3km이내혐오시설수":0,
            "초등학교학업성취도":89.97,
            "중학교학업성취도":90.9,
            "용적률":0,
            "건폐율":0,
            "Y":37.52098,
            "X":126.964931,
            "rank":102.0,
            "area_info":"45평(149.35), 47평(155.47), 51평(168.96), 50평(168.53), 51평(170.78), 66평(221.33), 67평(223.68)",
            "last_sales":"2021-02-09,220000.0,67평(223.68)",
            "rank_history":[
                [
                    "202203",
                    102
                ],
                [
                    "202202",
                    9999
                ]
            ],
            "rank_gap":9999
        },
        {
            "index":483,
            "아파트명":"양지맨션",
            "투자타입":"재건축",
            "전용면적(m2)":"60.61",
            "전용면적(평)":"18평",
            "법정동주소":"서울시 용산구 주성동 1-7",
            "도로명주소":"서울시 용산구 서빙고로91나길 48",
            "세대수":0,
            "입주년차":"--",
            "용적률점수":0,
            "건폐율점수":0,
            "세대당주차수":"--",
            "난방방식":"--",
            "공급면적":50,
            "전용률":80,
            "욕실수":"--",
            "현관타입":"--",
            "주거총점":6.5,
            "지역구공급총점":100.0,
            "역세권":50,
            "30분내 이동가능 거점":80,
            "1시간내 이동가능 거점":100,
            "교통총점":69.0,
            "백화점":100,
            "아울렛몰":80,
            "대형마트":0,
            "은행":20,
            "병원":0,
            "종합병원":100,
            "공원":0,
            "혐오시설":0,
            "인프라총점":60.0,
            "초등학군":90.03,
            "중학군":42.22,
            "학군총점":51.782,
            "인구수":24.63,
            "인구증감":-10.92,
            "인구총점":13.965,
            "일자리":21.14,
            "소득수준":78.32,
            "일자리총점":38.294,
            "가치 총점":51.2173,
            "매매실거래년":"18000101",
            "매매실거래가":null,
            "전세실거래년":null,
            "전세실거래가":null,
            "전세가율":null,
            "장기전세가율평균":52.28,
            "전세가율거품지수":null,
            "검색코드":16748,
            "세대수":70.0,
            "준공년월":"1976-08-24",
            "준공년차":47.0,
            "가까운역이름":"서빙고",
            "가까운역거리":978.43,
            "역세권여부":"준역세권",
            "30분이내주요거점역":4,
            "30분거점역이름":"['강남', '양재', '왕십리', '명동']",
            "1시간이내주요거점역":16,
            "1시간거점역이름":"['강남', '역삼', '잠실', '판교', '여의도', '을지로3가', '양재', '정자', '평촌', '가산디지털단지', '왕십리', '홍대입구', '수원', '구로디지털단지', '명동', 'GTX성남(2023년)']",
            "3km이내백화점수":2,
            "5km이내아울렛몰수":1,
            "1km이내대형먀트수":0,
            "500m이내은행수":2,
            "500m이내병원수":0,
            "5km이내대형병원수":6,
            "500m이내공원수":0,
            "3km이내혐오시설수":0,
            "초등학교학업성취도":90.03,
            "중학교학업성취도":69.3,
            "용적률":0,
            "건폐율":0,
            "Y":37.524174,
            "X":126.997864,
            "rank":103.0,
            "area_info":"18평(60.61), 22평(73.09), 27평(92.1)",
            "last_sales":"1800-01-01,nan,18평(60.61)",
            "rank_history":[
                [
                    "202203",
                    103
                ],
                [
                    "202202",
                    9999
                ]
            ],
            "rank_gap":9999
        },
        {
            "index":394,
            "아파트명":"빌라(빌라맨션)",
            "투자타입":"재건축",
            "전용면적(m2)":"20.26",
            "전용면적(평)":"6평",
            "법정동주소":"서울시 용산구 이촌동 302-86",
            "도로명주소":"서울시 용산구 이촌로 156",
            "세대수":0,
            "입주년차":"--",
            "용적률점수":0,
            "건폐율점수":0,
            "세대당주차수":"--",
            "난방방식":"--",
            "공급면적":50,
            "전용률":100,
            "욕실수":"--",
            "현관타입":"--",
            "주거총점":7.5,
            "지역구공급총점":100.0,
            "역세권":50,
            "30분내 이동가능 거점":80,
            "1시간내 이동가능 거점":100,
            "교통총점":69.0,
            "백화점":0,
            "아울렛몰":80,
            "대형마트":80,
            "은행":100,
            "병원":0,
            "종합병원":100,
            "공원":100,
            "혐오시설":0,
            "인프라총점":53.0,
            "초등학군":89.97,
            "중학군":57.42,
            "학군총점":63.93,
            "인구수":24.63,
            "인구증감":-10.92,
            "인구총점":13.965,
            "일자리":21.14,
            "소득수준":78.32,
            "일자리총점":38.294,
            "가치 총점":51.1395,
            "매매실거래년":20210316.0,
            "매매실거래가":215000.0,
            "전세실거래년":20210114.0,
            "전세실거래가":20000.0,
            "전세가율":66.67,
            "장기전세가율평균":52.28,
            "전세가율거품지수":-14.39,
            "검색코드":11318,
            "세대수":70.0,
            "준공년월":"1974-04-04",
            "준공년차":49.0,
            "가까운역이름":"이촌",
            "가까운역거리":832.82,
            "역세권여부":"준역세권",
            "30분이내주요거점역":4,
            "30분거점역이름":"['여의도', '을지로3가', '홍대입구', '명동']",
            "1시간이내주요거점역":17,
            "1시간거점역이름":"['강남', '역삼', '잠실', '판교', '여의도', '을지로3가', '양재', '수원시청', '평촌', '가산디지털단지', '왕십리', '홍대입구', '수원', '구로디지털단지', '명동', '마곡', 'GTX성남(2023년)']",
            "3km이내백화점수":0,
            "5km이내아울렛몰수":1,
            "1km이내대형먀트수":1,
            "500m이내은행수":5,
            "500m이내병원수":0,
            "5km이내대형병원수":8,
            "500m이내공원수":3,
            "3km이내혐오시설수":0,
            "초등학교학업성취도":89.97,
            "중학교학업성취도":90.9,
            "용적률":0,
            "건폐율":0,
            "Y":37.52127,
            "X":126.96421,
            "rank":104.0,
            "area_info":"6평(20.26), 6평(20.3), 52평(174.48), 69평(229.75)",
            "last_sales":"2021-03-16,215000.0,52평(174.48)",
            "rank_history":[
                [
                    "202203",
                    104
                ],
                [
                    "202202",
                    9999
                ]
            ],
            "rank_gap":9999
        },
        {
            "index":393,
            "아파트명":"북한강(성원)",
            "투자타입":"일반",
            "전용면적(m2)":"91.48",
            "전용면적(평)":"27평",
            "법정동주소":"서울시 용산구 이촌동 422",
            "도로명주소":"서울시 용산구 이촌로2가길 66",
            "세대수":30,
            "입주년차":20,
            "용적률점수":"--",
            "건폐율점수":"--",
            "세대당주차수":0,
            "난방방식":100,
            "공급면적":"--",
            "전용률":"--",
            "욕실수":50,
            "현관타입":100,
            "주거총점":39.5,
            "지역구공급총점":100.0,
            "역세권":0,
            "30분내 이동가능 거점":80,
            "1시간내 이동가능 거점":100,
            "교통총점":44.0,
            "백화점":100,
            "아울렛몰":80,
            "대형마트":0,
            "은행":0,
            "병원":0,
            "종합병원":100,
            "공원":80,
            "혐오시설":-50,
            "인프라총점":59.4,
            "초등학군":89.98,
            "중학군":54.82,
            "학군총점":61.852,
            "인구수":24.63,
            "인구증감":-10.92,
            "인구총점":13.965,
            "일자리":21.14,
            "소득수준":78.32,
            "일자리총점":38.294,
            "가치 총점":50.3978,
            "매매실거래년":20211029.0,
            "매매실거래가":188000.0,
            "전세실거래년":20220224.0,
            "전세실거래가":43000.0,
            "전세가율":22.87,
            "장기전세가율평균":52.28,
            "전세가율거품지수":29.41,
            "검색코드":1224,
            "세대수":340.0,
            "준공년월":"2001-08-07",
            "준공년차":22.0,
            "가까운역이름":"신용산",
            "가까운역거리":1261.87,
            "역세권여부":"비역세권",
            "30분이내주요거점역":4,
            "30분거점역이름":"['여의도', '을지로3가', '홍대입구', '명동']",
            "1시간이내주요거점역":16,
            "1시간거점역이름":"['강남', '역삼', '잠실', '여의도', '을지로3가', '양재', '수원시청', '평촌', '가산디지털단지', '왕십리', '홍대입구', '수원', '구로디지털단지', '명동', '마곡', 'GTX킨텍스(2023년)']",
            "3km이내백화점수":1,
            "5km이내아울렛몰수":1,
            "1km이내대형먀트수":0,
            "500m이내은행수":0,
            "500m이내병원수":0,
            "5km이내대형병원수":10,
            "500m이내공원수":1,
            "3km이내혐오시설수":1,
            "초등학교학업성취도":89.98,
            "중학교학업성취도":90.3,
            "용적률":376,
            "건폐율":23,
            "Y":37.527361,
            "X":126.953857,
            "rank":105.0,
            "area_info":"27평(91.48)",
            "last_sales":"2021-10-29,188000.0,27평(91.48)",
            "rank_history":[
                [
                    "202203",
                    105
                ],
                [
                    "202202",
                    68
                ],
                [
                    "202201",
                    70
                ]
            ],
            "rank_gap":-37
        },
        {
            "index":365,
            "아파트명":"동원베네스트",
            "투자타입":"일반",
            "전용면적(m2)":"106.1",
            "전용면적(평)":"32평",
            "법정동주소":"서울시 용산구 이촌동 434",
            "도로명주소":"서울시 용산구 이촌로14길 7",
            "세대수":0,
            "입주년차":40,
            "용적률점수":"--",
            "건폐율점수":"--",
            "세대당주차수":30,
            "난방방식":30,
            "공급면적":"--",
            "전용률":"--",
            "욕실수":100,
            "현관타입":100,
            "주거총점":35.5,
            "지역구공급총점":100.0,
            "역세권":0,
            "30분내 이동가능 거점":80,
            "1시간내 이동가능 거점":100,
            "교통총점":44.0,
            "백화점":100,
            "아울렛몰":80,
            "대형마트":0,
            "은행":0,
            "병원":0,
            "종합병원":100,
            "공원":80,
            "혐오시설":-50,
            "인프라총점":59.4,
            "초등학군":89.97,
            "중학군":54.82,
            "학군총점":61.85,
            "인구수":24.63,
            "인구증감":-10.92,
            "인구총점":13.965,
            "일자리":21.14,
            "소득수준":78.32,
            "일자리총점":38.294,
            "가치 총점":49.5975,
            "매매실거래년":20210116.0,
            "매매실거래가":137000.0,
            "전세실거래년":20220126.0,
            "전세실거래가":47250.0,
            "전세가율":34.49,
            "장기전세가율평균":52.28,
            "전세가율거품지수":17.79,
            "검색코드":12721,
            "세대수":103.0,
            "준공년월":"2005-11-18",
            "준공년차":18.0,
            "가까운역이름":"신용산",
            "가까운역거리":1173.03,
            "역세권여부":"비역세권",
            "30분이내주요거점역":4,
            "30분거점역이름":"['여의도', '왕십리', '홍대입구', '명동']",
            "1시간이내주요거점역":16,
            "1시간거점역이름":"['강남', '역삼', '잠실', '여의도', '을지로3가', '양재', '수원시청', '평촌', '가산디지털단지', '왕십리', '홍대입구', '수원', '구로디지털단지', '명동', '마곡', 'GTX킨텍스(2023년)']",
            "3km이내백화점수":1,
            "5km이내아울렛몰수":1,
            "1km이내대형먀트수":0,
            "500m이내은행수":0,
            "500m이내병원수":0,
            "5km이내대형병원수":10,
            "500m이내공원수":1,
            "3km이내혐오시설수":1,
            "초등학교학업성취도":89.97,
            "중학교학업성취도":90.3,
            "용적률":248,
            "건폐율":25,
            "Y":37.52692,
            "X":126.954994,
            "rank":106.0,
            "area_info":"32평(106.1), 32평(106.54)",
            "last_sales":"2021-01-16,137000.0,32평(106.1)",
            "rank_history":[
                [
                    "202203",
                    106
                ],
                [
                    "202202",
                    69
                ],
                [
                    "202201",
                    65
                ]
            ],
            "rank_gap":-37
        },
        {
            "index":352,
            "아파트명":"대림",
            "투자타입":"일반",
            "전용면적(m2)":"74.45",
            "전용면적(평)":"22평",
            "법정동주소":"서울시 용산구 이촌동 395",
            "도로명주소":"서울시 용산구 이촌로2가길 122",
            "세대수":50,
            "입주년차":0,
            "용적률점수":"--",
            "건폐율점수":"--",
            "세대당주차수":0,
            "난방방식":100,
            "공급면적":"--",
            "전용률":"--",
            "욕실수":50,
            "현관타입":10,
            "주거총점":33.5,
            "지역구공급총점":100.0,
            "역세권":0,
            "30분내 이동가능 거점":60,
            "1시간내 이동가능 거점":100,
            "교통총점":38.0,
            "백화점":100,
            "아울렛몰":80,
            "대형마트":0,
            "은행":0,
            "병원":0,
            "종합병원":100,
            "공원":80,
            "혐오시설":-50,
            "인프라총점":59.4,
            "초등학군":89.97,
            "중학군":54.82,
            "학군총점":61.85,
            "인구수":24.63,
            "인구증감":-10.92,
            "인구총점":13.965,
            "일자리":21.14,
            "소득수준":78.32,
            "일자리총점":38.294,
            "가치 총점":47.0975,
            "매매실거래년":20210714.0,
            "매매실거래가":220000.0,
            "전세실거래년":20220219.0,
            "전세실거래가":36750.0,
            "전세가율":22.97,
            "장기전세가율평균":52.28,
            "전세가율거품지수":29.31,
            "검색코드":762,
            "세대수":638.0,
            "준공년월":"1994-11-29",
            "준공년차":29.0,
            "가까운역이름":"신용산",
            "가까운역거리":1194.16,
            "역세권여부":"비역세권",
            "30분이내주요거점역":3,
            "30분거점역이름":"['여의도', '을지로3가', '명동']",
            "1시간이내주요거점역":15,
            "1시간거점역이름":"['강남', '역삼', '잠실', '여의도', '을지로3가', '양재', '수원시청', '평촌', '가산디지털단지', '왕십리', '홍대입구', '수원', '구로디지털단지', '명동', '마곡']",
            "3km이내백화점수":1,
            "5km이내아울렛몰수":1,
            "1km이내대형먀트수":0,
            "500m이내은행수":0,
            "500m이내병원수":0,
            "5km이내대형병원수":11,
            "500m이내공원수":1,
            "3km이내혐오시설수":1,
            "초등학교학업성취도":89.97,
            "중학교학업성취도":90.3,
            "용적률":397,
            "건폐율":23,
            "Y":37.5248,
            "X":126.955646,
            "rank":107.0,
            "area_info":"22평(74.45), 29평(96.73), 38평(126.77)",
            "last_sales":"2021-07-14,220000.0,38평(126.77)",
            "rank_history":[
                [
                    "202203",
                    107
                ],
                [
                    "202202",
                    70
                ],
                [
                    "202201",
                    71
                ]
            ],
            "rank_gap":-37
        },
        {
            "index":305,
            "아파트명":"풍전",
            "투자타입":"재건축",
            "전용면적(m2)":"68.13",
            "전용면적(평)":"20평",
            "법정동주소":"서울시 용산구 원효로4가 109-4",
            "도로명주소":"서울시 용산구 원효로25길 14",
            "세대수":0,
            "입주년차":"--",
            "용적률점수":0,
            "건폐율점수":0,
            "세대당주차수":"--",
            "난방방식":"--",
            "공급면적":50,
            "전용률":100,
            "욕실수":"--",
            "현관타입":"--",
            "주거총점":7.5,
            "지역구공급총점":100.0,
            "역세권":0,
            "30분내 이동가능 거점":100,
            "1시간내 이동가능 거점":100,
            "교통총점":50.0,
            "백화점":100,
            "아울렛몰":80,
            "대형마트":0,
            "은행":20,
            "병원":0,
            "종합병원":100,
            "공원":100,
            "혐오시설":-50,
            "인프라총점":62.0,
            "초등학군":89.98,
            "중학군":54.82,
            "학군총점":61.852,
            "인구수":24.63,
            "인구증감":-10.92,
            "인구총점":13.965,
            "일자리":21.14,
            "소득수준":78.32,
            "일자리총점":38.294,
            "가치 총점":46.8778,
            "매매실거래년":20211103.0,
            "매매실거래가":111000.0,
            "전세실거래년":20220105.0,
            "전세실거래가":16000.0,
            "전세가율":17.78,
            "장기전세가율평균":52.28,
            "전세가율거품지수":34.5,
            "검색코드":760,
            "세대수":138.0,
            "준공년월":"1971-05-31",
            "준공년차":52.0,
            "가까운역이름":"효창공원앞",
            "가까운역거리":1023.9,
            "역세권여부":"비역세권",
            "30분이내주요거점역":5,
            "30분거점역이름":"['여의도', '을지로3가', '홍대입구', '구로디지털단지', '명동']",
            "1시간이내주요거점역":21,
            "1시간거점역이름":"['강남', '역삼', '잠실', '판교', '여의도', '을지로3가', '양재', '정자', '수원시청', '평촌', '가산디지털단지', '왕십리', '홍대입구', '수원', '구로디지털단지', '명동', '서현', '대화', '마곡', 'GTX킨텍스(2023년)', 'GTX성남(2023년)']",
            "3km이내백화점수":1,
            "5km이내아울렛몰수":1,
            "1km이내대형먀트수":0,
            "500m이내은행수":2,
            "500m이내병원수":0,
            "5km이내대형병원수":11,
            "500m이내공원수":3,
            "3km이내혐오시설수":1,
            "초등학교학업성취도":89.98,
            "중학교학업성취도":90.3,
            "용적률":0,
            "건폐율":0,
            "Y":37.532785,
            "X":126.953826,
            "rank":108.0,
            "area_info":"20평(68.13), 23평(76.65), 23평(77.65), 25평(82.81), 25평(83.8), 27평(89.59), 29평(98.45), 30평(101.55), 39평(131.4), 40평(132.39)",
            "last_sales":"2021-11-03,111000.0,25평(82.81)",
            "rank_history":[
                [
                    "202203",
                    108
                ],
                [
                    "202202",
                    67
                ],
                [
                    "202201",
                    59
                ]
            ],
            "rank_gap":-41
        },
        {
            "index":398,
            "아파트명":"시범",
            "투자타입":"재건축",
            "전용면적(m2)":"49.59",
            "전용면적(평)":"15평",
            "법정동주소":"서울시 용산구 이촌동 206-27",
            "도로명주소":"서울시 용산구 이촌로14길 11-6",
            "세대수":0,
            "입주년차":"--",
            "용적률점수":0,
            "건폐율점수":0,
            "세대당주차수":"--",
            "난방방식":"--",
            "공급면적":50,
            "전용률":100,
            "욕실수":"--",
            "현관타입":"--",
            "주거총점":7.5,
            "지역구공급총점":100.0,
            "역세권":0,
            "30분내 이동가능 거점":80,
            "1시간내 이동가능 거점":100,
            "교통총점":44.0,
            "백화점":100,
            "아울렛몰":80,
            "대형마트":0,
            "은행":0,
            "병원":0,
            "종합병원":100,
            "공원":80,
            "혐오시설":-50,
            "인프라총점":59.4,
            "초등학군":89.98,
            "중학군":54.82,
            "학군총점":61.852,
            "인구수":24.63,
            "인구증감":-10.92,
            "인구총점":13.965,
            "일자리":21.14,
            "소득수준":78.32,
            "일자리총점":38.294,
            "가치 총점":43.9978,
            "매매실거래년":20170527.0,
            "매매실거래가":44500.0,
            "전세실거래년":20190305.0,
            "전세실거래가":9000.0,
            "전세가율":30.0,
            "장기전세가율평균":52.28,
            "전세가율거품지수":22.28,
            "검색코드":3808,
            "세대수":190.0,
            "준공년월":"1970-10-30",
            "준공년차":53.0,
            "가까운역이름":"신용산",
            "가까운역거리":1208.64,
            "역세권여부":"비역세권",
            "30분이내주요거점역":4,
            "30분거점역이름":"['여의도', '을지로3가', '홍대입구', '명동']",
            "1시간이내주요거점역":17,
            "1시간거점역이름":"['강남', '역삼', '잠실', '판교', '여의도', '을지로3가', '양재', '수원시청', '평촌', '가산디지털단지', '왕십리', '홍대입구', '수원', '구로디지털단지', '명동', '마곡', 'GTX킨텍스(2023년)']",
            "3km이내백화점수":1,
            "5km이내아울렛몰수":1,
            "1km이내대형먀트수":0,
            "500m이내은행수":0,
            "500m이내병원수":0,
            "5km이내대형병원수":10,
            "500m이내공원수":1,
            "3km이내혐오시설수":1,
            "초등학교학업성취도":89.98,
            "중학교학업성취도":90.3,
            "용적률":0,
            "건폐율":0,
            "Y":37.52765,
            "X":126.95441,
            "rank":109.0,
            "area_info":"15평(49.59), 17평(59.5), 20평(69.42)",
            "last_sales":"2017-05-27,44500.0,20평(69.42)",
            "rank_history":[
                [
                    "202203",
                    109
                ],
                [
                    "202202",
                    75
                ],
                [
                    "202201",
                    75
                ]
            ],
            "rank_gap":-34
        }
    ]
}