{
    "schema":{
        "fields":[
            {
                "name":"index",
                "type":"integer"
            },
            {
                "name":"아파트명",
                "type":"string"
            },
            {
                "name":"투자타입",
                "type":"string"
            },
            {
                "name":"전용면적(m2)",
                "type":"string"
            },
            {
                "name":"전용면적(평)",
                "type":"string"
            },
            {
                "name":"법정동주소",
                "type":"string"
            },
            {
                "name":"도로명주소",
                "type":"string"
            },
            {
                "name":"세대수",
                "type":"integer"
            },
            {
                "name":"입주년차",
                "type":"string"
            },
            {
                "name":"용적률점수",
                "type":"string"
            },
            {
                "name":"건폐율점수",
                "type":"string"
            },
            {
                "name":"세대당주차수",
                "type":"string"
            },
            {
                "name":"난방방식",
                "type":"string"
            },
            {
                "name":"공급면적",
                "type":"string"
            },
            {
                "name":"전용률",
                "type":"string"
            },
            {
                "name":"욕실수",
                "type":"string"
            },
            {
                "name":"현관타입",
                "type":"string"
            },
            {
                "name":"주거총점",
                "type":"number"
            },
            {
                "name":"지역구공급총점",
                "type":"number"
            },
            {
                "name":"역세권",
                "type":"integer"
            },
            {
                "name":"30분내 이동가능 거점",
                "type":"integer"
            },
            {
                "name":"1시간내 이동가능 거점",
                "type":"integer"
            },
            {
                "name":"교통총점",
                "type":"number"
            },
            {
                "name":"백화점",
                "type":"integer"
            },
            {
                "name":"아울렛몰",
                "type":"integer"
            },
            {
                "name":"대형마트",
                "type":"integer"
            },
            {
                "name":"은행",
                "type":"integer"
            },
            {
                "name":"병원",
                "type":"integer"
            },
            {
                "name":"종합병원",
                "type":"integer"
            },
            {
                "name":"공원",
                "type":"integer"
            },
            {
                "name":"혐오시설",
                "type":"integer"
            },
            {
                "name":"인프라총점",
                "type":"number"
            },
            {
                "name":"초등학군",
                "type":"number"
            },
            {
                "name":"중학군",
                "type":"number"
            },
            {
                "name":"학군총점",
                "type":"number"
            },
            {
                "name":"인구수",
                "type":"number"
            },
            {
                "name":"인구증감",
                "type":"number"
            },
            {
                "name":"인구총점",
                "type":"number"
            },
            {
                "name":"일자리",
                "type":"number"
            },
            {
                "name":"소득수준",
                "type":"number"
            },
            {
                "name":"일자리총점",
                "type":"number"
            },
            {
                "name":"가치 총점",
                "type":"number"
            },
            {
                "name":"매매실거래년",
                "type":"string"
            },
            {
                "name":"매매실거래가",
                "type":"number"
            },
            {
                "name":"전세실거래년",
                "type":"number"
            },
            {
                "name":"전세실거래가",
                "type":"number"
            },
            {
                "name":"전세가율",
                "type":"number"
            },
            {
                "name":"장기전세가율평균",
                "type":"number"
            },
            {
                "name":"전세가율거품지수",
                "type":"number"
            },
            {
                "name":"검색코드",
                "type":"integer"
            },
            {
                "name":"세대수",
                "type":"number"
            },
            {
                "name":"준공년월",
                "type":"string"
            },
            {
                "name":"준공년차",
                "type":"number"
            },
            {
                "name":"가까운역이름",
                "type":"string"
            },
            {
                "name":"가까운역거리",
                "type":"number"
            },
            {
                "name":"역세권여부",
                "type":"string"
            },
            {
                "name":"30분이내주요거점역",
                "type":"integer"
            },
            {
                "name":"30분거점역이름",
                "type":"string"
            },
            {
                "name":"1시간이내주요거점역",
                "type":"integer"
            },
            {
                "name":"1시간거점역이름",
                "type":"string"
            },
            {
                "name":"3km이내백화점수",
                "type":"integer"
            },
            {
                "name":"5km이내아울렛몰수",
                "type":"integer"
            },
            {
                "name":"1km이내대형먀트수",
                "type":"integer"
            },
            {
                "name":"500m이내은행수",
                "type":"integer"
            },
            {
                "name":"500m이내병원수",
                "type":"integer"
            },
            {
                "name":"5km이내대형병원수",
                "type":"integer"
            },
            {
                "name":"500m이내공원수",
                "type":"integer"
            },
            {
                "name":"3km이내혐오시설수",
                "type":"integer"
            },
            {
                "name":"초등학교학업성취도",
                "type":"number"
            },
            {
                "name":"중학교학업성취도",
                "type":"number"
            },
            {
                "name":"용적률",
                "type":"integer"
            },
            {
                "name":"건폐율",
                "type":"integer"
            },
            {
                "name":"Y",
                "type":"number"
            },
            {
                "name":"X",
                "type":"number"
            },
            {
                "name":"rank",
                "type":"number"
            },
            {
                "name":"area_info",
                "type":"string"
            },
            {
                "name":"last_sales",
                "type":"string"
            },
            {
                "name":"rank_history",
                "type":"string"
            },
            {
                "name":"rank_gap",
                "type":"integer"
            }
        ],
        "primaryKey":[
            "index"
        ],
        "pandas_version":"1.4.0"
    },
    "data":[
        {
            "index":674,
            "아파트명":"서울숲리버뷰자이",
            "투자타입":"일반",
            "전용면적(m2)":"84.9",
            "전용면적(평)":"25평",
            "법정동주소":"서울시 성동구 행당동 380",
            "도로명주소":"서울시 성동구 고산자로2길 65",
            "세대수":90,
            "입주년차":80,
            "용적률점수":"--",
            "건폐율점수":"--",
            "세대당주차수":60,
            "난방방식":30,
            "공급면적":"--",
            "전용률":"--",
            "욕실수":100,
            "현관타입":100,
            "주거총점":79.5,
            "지역구공급총점":100.0,
            "역세권":80,
            "30분내 이동가능 거점":100,
            "1시간내 이동가능 거점":100,
            "교통총점":90.0,
            "백화점":100,
            "아울렛몰":80,
            "대형마트":100,
            "은행":70,
            "병원":0,
            "종합병원":100,
            "공원":100,
            "혐오시설":0,
            "인프라총점":83.0,
            "초등학군":89.99,
            "중학군":41.22,
            "학군총점":50.974,
            "인구수":32.17,
            "인구증감":-14.67,
            "인구총점":18.118,
            "일자리":21.83,
            "소득수준":63.3,
            "일자리총점":34.271,
            "가치 총점":79.9461,
            "매매실거래년":20220126.0,
            "매매실거래가":163000.0,
            "전세실거래년":20210126.0,
            "전세실거래가":87000.0,
            "전세가율":53.37,
            "장기전세가율평균":67.55,
            "전세가율거품지수":14.18,
            "검색코드":111258,
            "세대수":1034.0,
            "준공년월":"2018-06-22",
            "준공년차":5.0,
            "가까운역이름":"한양대",
            "가까운역거리":463.76,
            "역세권여부":"역세권",
            "30분이내주요거점역":5,
            "30분거점역이름":"['역삼', '잠실', '을지로3가', '왕십리', '명동']",
            "1시간이내주요거점역":14,
            "1시간거점역이름":"['강남', '역삼', '잠실', '판교', '여의도', '을지로3가', '양재', '평촌', '가산디지털단지', '왕십리', '홍대입구', '구로디지털단지', '명동', '서현']",
            "3km이내백화점수":1,
            "5km이내아울렛몰수":1,
            "1km이내대형먀트수":2,
            "500m이내은행수":4,
            "500m이내병원수":0,
            "5km이내대형병원수":12,
            "500m이내공원수":4,
            "3km이내혐오시설수":0,
            "초등학교학업성취도":89.99,
            "중학교학업성취도":68.7,
            "용적률":280,
            "건폐율":19,
            "Y":37.555687,
            "X":127.038379,
            "rank":1.0,
            "area_info":"25평(84.9), 33평(109.11), 33평(110.62), 33평(110.68), 33평(111.15), 42평(140.89), 42평(140.57), 50평(165.44), 51평(169.76), 56평(186.03), 56평(186.81), 56평(186.59)",
            "last_sales":"2022-01-26,163000.0,25평(84.9)",
            "rank_history":[
                [
                    "202203",
                    1
                ],
                [
                    "202202",
                    1
                ],
                [
                    "202201",
                    1
                ]
            ],
            "rank_gap":0
        },
        {
            "index":591,
            "아파트명":"센트라스",
            "투자타입":"일반",
            "전용면적(m2)":"57.6",
            "전용면적(평)":"17평",
            "법정동주소":"서울시 성동구 하왕십리동 1070",
            "도로명주소":"서울시 성동구 왕십리로 410",
            "세대수":100,
            "입주년차":80,
            "용적률점수":"--",
            "건폐율점수":"--",
            "세대당주차수":30,
            "난방방식":30,
            "공급면적":"--",
            "전용률":"--",
            "욕실수":50,
            "현관타입":100,
            "주거총점":73.5,
            "지역구공급총점":100.0,
            "역세권":80,
            "30분내 이동가능 거점":80,
            "1시간내 이동가능 거점":100,
            "교통총점":84.0,
            "백화점":100,
            "아울렛몰":100,
            "대형마트":80,
            "은행":70,
            "병원":0,
            "종합병원":100,
            "공원":100,
            "혐오시설":0,
            "인프라총점":82.0,
            "초등학군":89.97,
            "중학군":50.68,
            "학군총점":58.538,
            "인구수":32.17,
            "인구증감":-14.67,
            "인구총점":18.118,
            "일자리":21.83,
            "소득수준":63.3,
            "일자리총점":34.271,
            "가치 총점":77.4807,
            "매매실거래년":20220119.0,
            "매매실거래가":184000.0,
            "전세실거래년":20220208.0,
            "전세실거래가":51450.0,
            "전세가율":51.97,
            "장기전세가율평균":67.55,
            "전세가율거품지수":15.58,
            "검색코드":109910,
            "세대수":2529.0,
            "준공년월":"2016-11-01",
            "준공년차":7.0,
            "가까운역이름":"상왕십리",
            "가까운역거리":460.65,
            "역세권여부":"역세권",
            "30분이내주요거점역":4,
            "30분거점역이름":"['역삼', '을지로3가', '왕십리', '명동']",
            "1시간이내주요거점역":16,
            "1시간거점역이름":"['강남', '역삼', '잠실', '판교', '여의도', '을지로3가', '양재', '평촌', '가산디지털단지', '왕십리', '홍대입구', '수원', '구로디지털단지', '명동', '마곡', 'GTX성남(2023년)']",
            "3km이내백화점수":1,
            "5km이내아울렛몰수":2,
            "1km이내대형먀트수":1,
            "500m이내은행수":4,
            "500m이내병원수":0,
            "5km이내대형병원수":10,
            "500m이내공원수":6,
            "3km이내혐오시설수":0,
            "초등학교학업성취도":89.97,
            "중학교학업성취도":83.6,
            "용적률":312,
            "건폐율":39,
            "Y":37.566563,
            "X":127.024787,
            "rank":2.0,
            "area_info":"17평(57.6), 23평(78.64), 23평(78.4), 25평(83.46), 25평(83.46), 26평(87.88), 26평(87.66), 26평(88.71), 26평(88.21), 33평(109.97), 33평(110.25), 33평(110.25), 33평(110.99), 33평(110.93), 33평(110.65), 33평(111.04), 35평(116.21), 35평(116.67), 45평(149.73)",
            "last_sales":"2022-01-19,184000.0,33평(111.04)",
            "rank_history":[
                [
                    "202203",
                    2
                ],
                [
                    "202202",
                    2
                ],
                [
                    "202201",
                    2
                ]
            ],
            "rank_gap":0
        },
        {
            "index":565,
            "아파트명":"대림강변타운",
            "투자타입":"일반",
            "전용면적(m2)":"79.8",
            "전용면적(평)":"24평",
            "법정동주소":"서울시 성동구 응봉동 15",
            "도로명주소":"서울시 성동구 고산자로 160",
            "세대수":90,
            "입주년차":20,
            "용적률점수":"--",
            "건폐율점수":"--",
            "세대당주차수":30,
            "난방방식":30,
            "공급면적":"--",
            "전용률":"--",
            "욕실수":50,
            "현관타입":100,
            "주거총점":58.0,
            "지역구공급총점":100.0,
            "역세권":80,
            "30분내 이동가능 거점":100,
            "1시간내 이동가능 거점":100,
            "교통총점":90.0,
            "백화점":100,
            "아울렛몰":80,
            "대형마트":100,
            "은행":70,
            "병원":0,
            "종합병원":100,
            "공원":100,
            "혐오시설":0,
            "인프라총점":83.0,
            "초등학군":89.99,
            "중학군":52.42,
            "학군총점":59.934,
            "인구수":32.17,
            "인구증감":-14.67,
            "인구총점":18.118,
            "일자리":21.83,
            "소득수준":63.3,
            "일자리총점":34.271,
            "가치 총점":76.9901,
            "매매실거래년":20211012.0,
            "매매실거래가":173000.0,
            "전세실거래년":null,
            "전세실거래가":null,
            "전세가율":null,
            "장기전세가율평균":67.55,
            "전세가율거품지수":null,
            "검색코드":2976,
            "세대수":1150.0,
            "준공년월":"2001-10-26",
            "준공년차":22.0,
            "가까운역이름":"응봉",
            "가까운역거리":437.54,
            "역세권여부":"역세권",
            "30분이내주요거점역":5,
            "30분거점역이름":"['강남', '역삼', '을지로3가', '왕십리', '명동']",
            "1시간이내주요거점역":13,
            "1시간거점역이름":"['강남', '역삼', '잠실', '판교', '여의도', '을지로3가', '양재', '정자', '가산디지털단지', '왕십리', '홍대입구', '구로디지털단지', '명동']",
            "3km이내백화점수":1,
            "5km이내아울렛몰수":1,
            "1km이내대형먀트수":2,
            "500m이내은행수":3,
            "500m이내병원수":0,
            "5km이내대형병원수":12,
            "500m이내공원수":5,
            "3km이내혐오시설수":0,
            "초등학교학업성취도":89.99,
            "중학교학업성취도":85.9,
            "용적률":295,
            "건폐율":19,
            "Y":37.553695,
            "X":127.036017,
            "rank":3.0,
            "area_info":"24평(79.8), 24평(79.8), 32평(107.73), 43평(142.53), 42평(142.04)",
            "last_sales":"2021-10-12,173000.0,43평(142.53)",
            "rank_history":[
                [
                    "202203",
                    3
                ],
                [
                    "202202",
                    4
                ],
                [
                    "202201",
                    8
                ]
            ],
            "rank_gap":1
        },
        {
            "index":47,
            "아파트명":"금호자이2차",
            "투자타입":"일반",
            "전용면적(m2)":"82.82",
            "전용면적(평)":"25평",
            "법정동주소":"서울시 성동구 금호동3가 700",
            "도로명주소":"서울시 성동구 금호산8길 14",
            "세대수":50,
            "입주년차":60,
            "용적률점수":"--",
            "건폐율점수":"--",
            "세대당주차수":30,
            "난방방식":30,
            "공급면적":"--",
            "전용률":"--",
            "욕실수":100,
            "현관타입":100,
            "주거총점":57.0,
            "지역구공급총점":100.0,
            "역세권":80,
            "30분내 이동가능 거점":100,
            "1시간내 이동가능 거점":100,
            "교통총점":90.0,
            "백화점":100,
            "아울렛몰":100,
            "대형마트":80,
            "은행":70,
            "병원":0,
            "종합병원":100,
            "공원":100,
            "혐오시설":0,
            "인프라총점":82.0,
            "초등학군":89.97,
            "중학군":48.12,
            "학군총점":56.49,
            "인구수":32.17,
            "인구증감":-14.67,
            "인구총점":18.118,
            "일자리":21.83,
            "소득수준":63.3,
            "일자리총점":34.271,
            "가치 총점":75.9735,
            "매매실거래년":20211030.0,
            "매매실거래가":129000.0,
            "전세실거래년":20211204.0,
            "전세실거래가":52500.0,
            "전세가율":41.5,
            "장기전세가율평균":67.55,
            "전세가율거품지수":26.05,
            "검색코드":100595,
            "세대수":403.0,
            "준공년월":"2012-07-05",
            "준공년차":11.0,
            "가까운역이름":"신금호",
            "가까운역거리":457.78,
            "역세권여부":"역세권",
            "30분이내주요거점역":6,
            "30분거점역이름":"['강남', '역삼', '을지로3가', '양재', '왕십리', '명동']",
            "1시간이내주요거점역":15,
            "1시간거점역이름":"['강남', '역삼', '잠실', '판교', '여의도', '을지로3가', '양재', '정자', '가산디지털단지', '왕십리', '홍대입구', '구로디지털단지', '명동', '마곡', 'GTX성남(2023년)']",
            "3km이내백화점수":2,
            "5km이내아울렛몰수":2,
            "1km이내대형먀트수":1,
            "500m이내은행수":3,
            "500m이내병원수":0,
            "5km이내대형병원수":10,
            "500m이내공원수":5,
            "3km이내혐오시설수":0,
            "초등학교학업성취도":89.97,
            "중학교학업성취도":80.2,
            "용적률":223,
            "건폐율":22,
            "Y":37.550534,
            "X":127.02199,
            "rank":4.0,
            "area_info":"25평(82.82), 24평(82.14), 24평(82.18), 25평(82.96), 32평(107.1), 32평(108.61), 44평(147.38), 44평(148.59), 44평(148.21)",
            "last_sales":"2021-10-30,129000.0,32평(107.1)",
            "rank_history":[
                [
                    "202203",
                    4
                ],
                [
                    "202202",
                    6
                ],
                [
                    "202201",
                    6
                ]
            ],
            "rank_gap":2
        },
        {
            "index":563,
            "아파트명":"대림2차",
            "투자타입":"재건축",
            "전용면적(m2)":"81.29",
            "전용면적(평)":"24평",
            "법정동주소":"서울시 성동구 응봉동 97",
            "도로명주소":"서울시 성동구 독서당로 431",
            "세대수":50,
            "입주년차":"--",
            "용적률점수":60,
            "건폐율점수":100,
            "세대당주차수":"--",
            "난방방식":"--",
            "공급면적":70,
            "전용률":60,
            "욕실수":"--",
            "현관타입":"--",
            "주거총점":65.5,
            "지역구공급총점":100.0,
            "역세권":80,
            "30분내 이동가능 거점":80,
            "1시간내 이동가능 거점":100,
            "교통총점":84.0,
            "백화점":100,
            "아울렛몰":80,
            "대형마트":80,
            "은행":70,
            "병원":0,
            "종합병원":100,
            "공원":100,
            "혐오시설":0,
            "인프라총점":80.0,
            "초등학군":89.98,
            "중학군":52.42,
            "학군총점":59.932,
            "인구수":32.17,
            "인구증감":-14.67,
            "인구총점":18.118,
            "일자리":21.83,
            "소득수준":63.3,
            "일자리총점":34.271,
            "가치 총점":75.4898,
            "매매실거래년":20210807.0,
            "매매실거래가":110000.0,
            "전세실거래년":20220215.0,
            "전세실거래가":35700.0,
            "전세가율":37.19,
            "장기전세가율평균":67.55,
            "전세가율거품지수":30.36,
            "검색코드":571,
            "세대수":410.0,
            "준공년월":"1989-09-21",
            "준공년차":34.0,
            "가까운역이름":"응봉",
            "가까운역거리":379.7,
            "역세권여부":"역세권",
            "30분이내주요거점역":4,
            "30분거점역이름":"['역삼', '을지로3가', '왕십리', '명동']",
            "1시간이내주요거점역":14,
            "1시간거점역이름":"['강남', '역삼', '잠실', '판교', '여의도', '을지로3가', '양재', '정자', '가산디지털단지', '왕십리', '홍대입구', '구로디지털단지', '명동', 'GTX성남(2023년)']",
            "3km이내백화점수":2,
            "5km이내아울렛몰수":1,
            "1km이내대형먀트수":1,
            "500m이내은행수":3,
            "500m이내병원수":0,
            "5km이내대형병원수":12,
            "500m이내공원수":7,
            "3km이내혐오시설수":0,
            "초등학교학업성취도":89.98,
            "중학교학업성취도":85.9,
            "용적률":231,
            "건폐율":19,
            "Y":37.552908,
            "X":127.032326,
            "rank":5.0,
            "area_info":"24평(81.29), 34평(112.45)",
            "last_sales":"2021-08-07,110000.0,34평(112.45)",
            "rank_history":[
                [
                    "202203",
                    5
                ],
                [
                    "202202",
                    3
                ],
                [
                    "202201",
                    7
                ]
            ],
            "rank_gap":-2
        },
        {
            "index":349,
            "아파트명":"서울숲힐스테이트",
            "투자타입":"일반",
            "전용면적(m2)":"60.07",
            "전용면적(평)":"18평",
            "법정동주소":"서울시 성동구 성수동2가 843",
            "도로명주소":"서울시 성동구 성수일로4길 26",
            "세대수":50,
            "입주년차":60,
            "용적률점수":"--",
            "건폐율점수":"--",
            "세대당주차수":60,
            "난방방식":30,
            "공급면적":"--",
            "전용률":"--",
            "욕실수":50,
            "현관타입":100,
            "주거총점":56.5,
            "지역구공급총점":100.0,
            "역세권":80,
            "30분내 이동가능 거점":100,
            "1시간내 이동가능 거점":100,
            "교통총점":90.0,
            "백화점":100,
            "아울렛몰":80,
            "대형마트":80,
            "은행":100,
            "병원":0,
            "종합병원":100,
            "공원":100,
            "혐오시설":0,
            "인프라총점":83.0,
            "초등학군":89.98,
            "중학군":40.18,
            "학군총점":50.14,
            "인구수":32.17,
            "인구증감":-14.67,
            "인구총점":18.118,
            "일자리":21.83,
            "소득수준":63.3,
            "일자리총점":34.271,
            "가치 총점":75.221,
            "매매실거래년":20211018.0,
            "매매실거래가":295000.0,
            "전세실거래년":20200829.0,
            "전세실거래가":62000.0,
            "전세가율":52.54,
            "장기전세가율평균":67.55,
            "전세가율거품지수":15.01,
            "검색코드":27424,
            "세대수":445.0,
            "준공년월":"2009-06-01",
            "준공년차":14.0,
            "가까운역이름":"성수",
            "가까운역거리":436.79,
            "역세권여부":"역세권",
            "30분이내주요거점역":5,
            "30분거점역이름":"['역삼', '잠실', '을지로3가', '왕십리', '명동']",
            "1시간이내주요거점역":15,
            "1시간거점역이름":"['강남', '역삼', '잠실', '판교', '여의도', '을지로3가', '양재', '정자', '가산디지털단지', '왕십리', '홍대입구', '구로디지털단지', '명동', '서현', 'GTX동탄(2023년)']",
            "3km이내백화점수":3,
            "5km이내아울렛몰수":1,
            "1km이내대형먀트수":1,
            "500m이내은행수":9,
            "500m이내병원수":0,
            "5km이내대형병원수":7,
            "500m이내공원수":4,
            "3km이내혐오시설수":0,
            "초등학교학업성취도":89.98,
            "중학교학업성취도":65.3,
            "용적률":249,
            "건폐율":15,
            "Y":37.5418,
            "X":127.052578,
            "rank":6.0,
            "area_info":"18평(60.07), 24평(79.96), 24평(80.0), 24평(81.57), 35평(117.9), 35평(117.9), 35평(117.9), 35평(117.16), 45평(151.4), 45평(151.4), 45평(151.4), 55평(184.66), 85평(283.72), 92평(304.93)",
            "last_sales":"2021-10-18,295000.0,55평(184.66)",
            "rank_history":[
                [
                    "202203",
                    6
                ],
                [
                    "202202",
                    7
                ],
                [
                    "202201",
                    9
                ]
            ],
            "rank_gap":1
        },
        {
            "index":271,
            "아파트명":"아크로서울포레스트",
            "투자타입":"일반",
            "전용면적(m2)":"116.78",
            "전용면적(평)":"35평",
            "법정동주소":"서울시 성동구 성수동1가 685-700",
            "도로명주소":"서울시 성동구 왕십리로 83-21",
            "세대수":0,
            "입주년차":100,
            "용적률점수":"--",
            "건폐율점수":"--",
            "세대당주차수":100,
            "난방방식":80,
            "공급면적":"--",
            "전용률":"--",
            "욕실수":100,
            "현관타입":100,
            "주거총점":63.0,
            "지역구공급총점":100.0,
            "역세권":80,
            "30분내 이동가능 거점":100,
            "1시간내 이동가능 거점":100,
            "교통총점":90.0,
            "백화점":100,
            "아울렛몰":80,
            "대형마트":80,
            "은행":20,
            "병원":0,
            "종합병원":100,
            "공원":80,
            "혐오시설":0,
            "인프라총점":74.4,
            "초등학군":89.96,
            "중학군":48.2,
            "학군총점":56.552,
            "인구수":32.17,
            "인구증감":-14.67,
            "인구총점":18.118,
            "일자리":21.83,
            "소득수준":63.3,
            "일자리총점":34.271,
            "가치 총점":74.9028,
            "매매실거래년":20210529.0,
            "매매실거래가":590000.0,
            "전세실거래년":null,
            "전세실거래가":null,
            "전세가율":null,
            "장기전세가율평균":67.55,
            "전세가율거품지수":null,
            "검색코드":118738,
            "세대수":280.0,
            "준공년월":"2020-11-12",
            "준공년차":3.0,
            "가까운역이름":"서울숲",
            "가까운역거리":150.39,
            "역세권여부":"역세권",
            "30분이내주요거점역":7,
            "30분거점역이름":"['강남', '역삼', '잠실', '을지로3가', '양재', '왕십리', '명동']",
            "1시간이내주요거점역":17,
            "1시간거점역이름":"['강남', '역삼', '잠실', '판교', '여의도', '을지로3가', '양재', '정자', '평촌', '가산디지털단지', '왕십리', '홍대입구', '구로디지털단지', '명동', '서현', 'GTX성남(2023년)', 'GTX동탄(2023년)']",
            "3km이내백화점수":3,
            "5km이내아울렛몰수":1,
            "1km이내대형먀트수":1,
            "500m이내은행수":2,
            "500m이내병원수":0,
            "5km이내대형병원수":9,
            "500m이내공원수":1,
            "3km이내혐오시설수":0,
            "초등학교학업성취도":89.96,
            "중학교학업성취도":79.0,
            "용적률":599,
            "건폐율":30,
            "Y":37.544798,
            "X":127.043853,
            "rank":7.0,
            "area_info":"35평(116.78), 36평(121.83), 36평(121.78), 37평(122.72), 37평(122.98), 36평(122.24), 36평(122.16), 37평(122.6), 37평(122.34), 37평(123.94), 37평(123.84), 37평(124.32), 37평(124.29), 60평(201.0), 60평(201.22), 61평(204.48), 61평(204.26), 62평(207.26), 62평(207.82), 62평(207.91), 62평(208.13), 63평(208.53), 63평(208.41), 75평(248.53), 76평(251.73), 76평(251.73), 76평(251.87), 76평(251.87), 76평(251.77), 76평(251.77), 76평(253.81), 76평(254.22), 77평(256.15), 78평(259.1), 78평(259.54), 100평(333.68), 104평(344.57)",
            "last_sales":"2021-05-29,590000.0,76평(254.22)",
            "rank_history":[
                [
                    "202203",
                    7
                ],
                [
                    "202202",
                    9
                ],
                [
                    "202201",
                    10
                ]
            ],
            "rank_gap":2
        },
        {
            "index":559,
            "아파트명":"대림1차",
            "투자타입":"재건축",
            "전용면적(m2)":"85.02",
            "전용면적(평)":"25평",
            "법정동주소":"서울시 성동구 응봉동 100",
            "도로명주소":"서울시 성동구 독서당로62길 43",
            "세대수":80,
            "입주년차":"--",
            "용적률점수":80,
            "건폐율점수":0,
            "세대당주차수":"--",
            "난방방식":"--",
            "공급면적":70,
            "전용률":60,
            "욕실수":"--",
            "현관타입":"--",
            "주거총점":62.5,
            "지역구공급총점":100.0,
            "역세권":80,
            "30분내 이동가능 거점":80,
            "1시간내 이동가능 거점":100,
            "교통총점":84.0,
            "백화점":100,
            "아울렛몰":80,
            "대형마트":80,
            "은행":70,
            "병원":0,
            "종합병원":100,
            "공원":100,
            "혐오시설":0,
            "인프라총점":80.0,
            "초등학군":89.98,
            "중학군":52.42,
            "학군총점":59.932,
            "인구수":32.17,
            "인구증감":-14.67,
            "인구총점":18.118,
            "일자리":21.83,
            "소득수준":63.3,
            "일자리총점":34.271,
            "가치 총점":74.8898,
            "매매실거래년":20210722.0,
            "매매실거래가":156000.0,
            "전세실거래년":20220207.0,
            "전세실거래가":33600.0,
            "전세가율":26.15,
            "장기전세가율평균":67.55,
            "전세가율거품지수":41.4,
            "검색코드":569,
            "세대수":855.0,
            "준공년월":"1986-10-23",
            "준공년차":37.0,
            "가까운역이름":"응봉",
            "가까운역거리":242.59,
            "역세권여부":"역세권",
            "30분이내주요거점역":4,
            "30분거점역이름":"['역삼', '을지로3가', '왕십리', '명동']",
            "1시간이내주요거점역":14,
            "1시간거점역이름":"['강남', '역삼', '잠실', '판교', '여의도', '을지로3가', '양재', '정자', '가산디지털단지', '왕십리', '홍대입구', '구로디지털단지', '명동', 'GTX성남(2023년)']",
            "3km이내백화점수":2,
            "5km이내아울렛몰수":1,
            "1km이내대형먀트수":1,
            "500m이내은행수":3,
            "500m이내병원수":0,
            "5km이내대형병원수":12,
            "500m이내공원수":5,
            "3km이내혐오시설수":0,
            "초등학교학업성취도":89.98,
            "중학교학업성취도":85.9,
            "용적률":208,
            "건폐율":0,
            "Y":37.55179,
            "X":127.033,
            "rank":8.0,
            "area_info":"25평(85.02), 31평(103.06), 40평(133.53), 44평(147.53)",
            "last_sales":"2021-07-22,156000.0,40평(133.53)",
            "rank_history":[
                [
                    "202203",
                    8
                ],
                [
                    "202202",
                    8
                ],
                [
                    "202201",
                    19
                ]
            ],
            "rank_gap":0
        },
        {
            "index":666,
            "아파트명":"서울숲더샵",
            "투자타입":"일반",
            "전용면적(m2)":"119.16",
            "전용면적(평)":"36평",
            "법정동주소":"서울시 성동구 행당동 377",
            "도로명주소":"서울시 성동구 왕십리로 241",
            "세대수":50,
            "입주년차":80,
            "용적률점수":"--",
            "건폐율점수":"--",
            "세대당주차수":80,
            "난방방식":30,
            "공급면적":"--",
            "전용률":"--",
            "욕실수":100,
            "현관타입":100,
            "주거총점":68.5,
            "지역구공급총점":100.0,
            "역세권":80,
            "30분내 이동가능 거점":80,
            "1시간내 이동가능 거점":100,
            "교통총점":84.0,
            "백화점":100,
            "아울렛몰":80,
            "대형마트":80,
            "은행":70,
            "병원":0,
            "종합병원":100,
            "공원":80,
            "혐오시설":0,
            "인프라총점":79.4,
            "초등학군":89.99,
            "중학군":41.22,
            "학군총점":50.974,
            "인구수":32.17,
            "인구증감":-14.67,
            "인구총점":18.118,
            "일자리":21.83,
            "소득수준":63.3,
            "일자리총점":34.271,
            "가치 총점":74.5661,
            "매매실거래년":20211206.0,
            "매매실거래가":257500.0,
            "전세실거래년":20220124.0,
            "전세실거래가":78750.0,
            "전세가율":52.85,
            "장기전세가율평균":67.55,
            "전세가율거품지수":14.7,
            "검색코드":103112,
            "세대수":495.0,
            "준공년월":"2014-09-16",
            "준공년차":9.0,
            "가까운역이름":"한양대",
            "가까운역거리":314.56,
            "역세권여부":"역세권",
            "30분이내주요거점역":4,
            "30분거점역이름":"['잠실', '을지로3가', '왕십리', '명동']",
            "1시간이내주요거점역":15,
            "1시간거점역이름":"['강남', '역삼', '잠실', '판교', '여의도', '을지로3가', '양재', '정자', '가산디지털단지', '왕십리', '홍대입구', '구로디지털단지', '명동', '서현', 'GTX동탄(2023년)']",
            "3km이내백화점수":1,
            "5km이내아울렛몰수":1,
            "1km이내대형먀트수":1,
            "500m이내은행수":4,
            "500m이내병원수":0,
            "5km이내대형병원수":12,
            "500m이내공원수":1,
            "3km이내혐오시설수":0,
            "초등학교학업성취도":89.99,
            "중학교학업성취도":68.7,
            "용적률":392,
            "건폐율":34,
            "Y":37.55626,
            "X":127.040138,
            "rank":9.0,
            "area_info":"36평(119.16), 36평(120.01), 39평(130.68), 39평(131.23), 43평(143.77), 48평(161.73), 49평(162.74), 63평(210.81)",
            "last_sales":"2021-12-06,257500.0,63평(210.81)",
            "rank_history":[
                [
                    "202203",
                    9
                ],
                [
                    "202202",
                    5
                ],
                [
                    "202201",
                    5
                ]
            ],
            "rank_gap":-4
        },
        {
            "index":423,
            "아파트명":"성수아이파크",
            "투자타입":"일반",
            "전용면적(m2)":"106.94",
            "전용면적(평)":"32평",
            "법정동주소":"서울시 성동구 성수동2가 834",
            "도로명주소":"서울시 성동구 성수이로 137",
            "세대수":50,
            "입주년차":20,
            "용적률점수":"--",
            "건폐율점수":"--",
            "세대당주차수":60,
            "난방방식":30,
            "공급면적":"--",
            "전용률":"--",
            "욕실수":100,
            "현관타입":100,
            "주거총점":53.5,
            "지역구공급총점":100.0,
            "역세권":80,
            "30분내 이동가능 거점":100,
            "1시간내 이동가능 거점":100,
            "교통총점":90.0,
            "백화점":100,
            "아울렛몰":80,
            "대형마트":80,
            "은행":100,
            "병원":0,
            "종합병원":100,
            "공원":100,
            "혐오시설":-50,
            "인프라총점":82.0,
            "초등학군":89.98,
            "중학군":41.92,
            "학군총점":51.532,
            "인구수":32.17,
            "인구증감":-14.67,
            "인구총점":18.118,
            "일자리":21.83,
            "소득수준":63.3,
            "일자리총점":34.271,
            "가치 총점":74.5298,
            "매매실거래년":20211013.0,
            "매매실거래가":165000.0,
            "전세실거래년":20220108.0,
            "전세실거래가":92000.0,
            "전세가율":55.76,
            "장기전세가율평균":67.55,
            "전세가율거품지수":11.79,
            "검색코드":8103,
            "세대수":656.0,
            "준공년월":"2003-08-28",
            "준공년차":20.0,
            "가까운역이름":"성수",
            "가까운역거리":304.53,
            "역세권여부":"역세권",
            "30분이내주요거점역":5,
            "30분거점역이름":"['역삼', '잠실', '을지로3가', '왕십리', '명동']",
            "1시간이내주요거점역":14,
            "1시간거점역이름":"['강남', '역삼', '잠실', '판교', '여의도', '을지로3가', '양재', '정자', '가산디지털단지', '왕십리', '홍대입구', '구로디지털단지', '명동', '서현']",
            "3km이내백화점수":2,
            "5km이내아울렛몰수":1,
            "1km이내대형먀트수":1,
            "500m이내은행수":5,
            "500m이내병원수":0,
            "5km이내대형병원수":9,
            "500m이내공원수":3,
            "3km이내혐오시설수":1,
            "초등학교학업성취도":89.98,
            "중학교학업성취도":68.6,
            "용적률":310,
            "건폐율":20,
            "Y":37.547171,
            "X":127.057218,
            "rank":10.0,
            "area_info":"32평(106.94), 38평(127.68), 42평(139.77)",
            "last_sales":"2021-10-13,165000.0,32평(106.94)",
            "rank_history":[
                [
                    "202203",
                    10
                ],
                [
                    "202202",
                    11
                ],
                [
                    "202201",
                    20
                ]
            ],
            "rank_gap":1
        },
        {
            "index":458,
            "아파트명":"e편한세상옥수파크힐스",
            "투자타입":"일반",
            "전용면적(m2)":"82.64",
            "전용면적(평)":"24평",
            "법정동주소":"서울시 성동구 옥수동 528",
            "도로명주소":"서울시 성동구 매봉길 50",
            "세대수":100,
            "입주년차":80,
            "용적률점수":"--",
            "건폐율점수":"--",
            "세대당주차수":30,
            "난방방식":30,
            "공급면적":"--",
            "전용률":"--",
            "욕실수":100,
            "현관타입":100,
            "주거총점":78.5,
            "지역구공급총점":100.0,
            "역세권":80,
            "30분내 이동가능 거점":100,
            "1시간내 이동가능 거점":100,
            "교통총점":90.0,
            "백화점":100,
            "아울렛몰":100,
            "대형마트":0,
            "은행":0,
            "병원":0,
            "종합병원":100,
            "공원":100,
            "혐오시설":0,
            "인프라총점":63.0,
            "초등학군":89.98,
            "중학군":47.54,
            "학군총점":56.028,
            "인구수":32.17,
            "인구증감":-14.67,
            "인구총점":18.118,
            "일자리":21.83,
            "소득수준":63.3,
            "일자리총점":34.271,
            "가치 총점":74.5042,
            "매매실거래년":20210821.0,
            "매매실거래가":203000.0,
            "전세실거래년":20211229.0,
            "전세실거래가":69300.0,
            "전세가율":46.51,
            "장기전세가율평균":67.55,
            "전세가율거품지수":21.04,
            "검색코드":110938,
            "세대수":1976.0,
            "준공년월":"2016-11-09",
            "준공년차":7.0,
            "가까운역이름":"금호",
            "가까운역거리":167.93,
            "역세권여부":"역세권",
            "30분이내주요거점역":6,
            "30분거점역이름":"['강남', '역삼', '을지로3가', '양재', '왕십리', '명동']",
            "1시간이내주요거점역":17,
            "1시간거점역이름":"['강남', '역삼', '잠실', '판교', '여의도', '을지로3가', '양재', '정자', '평촌', '가산디지털단지', '왕십리', '홍대입구', '구로디지털단지', '명동', '서현', '마곡', 'GTX성남(2023년)']",
            "3km이내백화점수":1,
            "5km이내아울렛몰수":2,
            "1km이내대형먀트수":0,
            "500m이내은행수":0,
            "500m이내병원수":0,
            "5km이내대형병원수":9,
            "500m이내공원수":3,
            "3km이내혐오시설수":0,
            "초등학교학업성취도":89.98,
            "중학교학업성취도":78.9,
            "용적률":208,
            "건폐율":20,
            "Y":37.548926,
            "X":127.014119,
            "rank":11.0,
            "area_info":"24평(82.64), 25평(82.67), 25평(83.28), 25평(83.63), 25평(83.86), 32평(106.22), 32평(107.04), 32평(108.37), 33평(109.14), 33평(110.77), 36평(120.09), 43평(144.33), 43평(145.11), 45평(149.22), 46평(154.14)",
            "last_sales":"2021-08-21,203000.0,43평(145.11)",
            "rank_history":[
                [
                    "202203",
                    11
                ],
                [
                    "202202",
                    10
                ],
                [
                    "202201",
                    12
                ]
            ],
            "rank_gap":-1
        },
        {
            "index":481,
            "아파트명":"래미안옥수리버젠",
            "투자타입":"일반",
            "전용면적(m2)":"79.43",
            "전용면적(평)":"24평",
            "법정동주소":"서울시 성동구 옥수동 561",
            "도로명주소":"서울시 성동구 매봉길 15",
            "세대수":100,
            "입주년차":60,
            "용적률점수":"--",
            "건폐율점수":"--",
            "세대당주차수":30,
            "난방방식":30,
            "공급면적":"--",
            "전용률":"--",
            "욕실수":100,
            "현관타입":100,
            "주거총점":74.5,
            "지역구공급총점":100.0,
            "역세권":80,
            "30분내 이동가능 거점":100,
            "1시간내 이동가능 거점":100,
            "교통총점":90.0,
            "백화점":100,
            "아울렛몰":100,
            "대형마트":0,
            "은행":20,
            "병원":0,
            "종합병원":100,
            "공원":100,
            "혐오시설":0,
            "인프라총점":65.0,
            "초등학군":89.98,
            "중학군":47.54,
            "학군총점":56.028,
            "인구수":32.17,
            "인구증감":-14.67,
            "인구총점":18.118,
            "일자리":21.83,
            "소득수준":63.3,
            "일자리총점":34.271,
            "가치 총점":74.3042,
            "매매실거래년":20211220.0,
            "매매실거래가":204000.0,
            "전세실거래년":20220225.0,
            "전세실거래가":88000.0,
            "전세가율":50.29,
            "장기전세가율평균":67.55,
            "전세가율거품지수":17.26,
            "검색코드":100692,
            "세대수":1511.0,
            "준공년월":"2012-12-28",
            "준공년차":11.0,
            "가까운역이름":"금호",
            "가까운역거리":411.68,
            "역세권여부":"역세권",
            "30분이내주요거점역":5,
            "30분거점역이름":"['역삼', '을지로3가', '양재', '왕십리', '명동']",
            "1시간이내주요거점역":14,
            "1시간거점역이름":"['강남', '역삼', '판교', '여의도', '을지로3가', '양재', '정자', '가산디지털단지', '왕십리', '홍대입구', '구로디지털단지', '명동', '마곡', 'GTX성남(2023년)']",
            "3km이내백화점수":2,
            "5km이내아울렛몰수":2,
            "1km이내대형먀트수":0,
            "500m이내은행수":2,
            "500m이내병원수":0,
            "5km이내대형병원수":11,
            "500m이내공원수":2,
            "3km이내혐오시설수":0,
            "초등학교학업성취도":89.98,
            "중학교학업성취도":78.9,
            "용적률":238,
            "건폐율":22,
            "Y":37.544911,
            "X":127.013841,
            "rank":12.0,
            "area_info":"24평(79.43), 24평(79.46), 24평(80.37), 24평(80.17), 33평(110.73), 33평(111.2), 33평(111.59), 44평(148.38), 45평(149.13), 52평(174.62)",
            "last_sales":"2021-12-20,204000.0,33평(111.2)",
            "rank_history":[
                [
                    "202203",
                    12
                ],
                [
                    "202202",
                    12
                ],
                [
                    "202201",
                    14
                ]
            ],
            "rank_gap":0
        },
        {
            "index":418,
            "아파트명":"성수롯데캐슬파크",
            "투자타입":"일반",
            "전용면적(m2)":"79.46",
            "전용면적(평)":"24평",
            "법정동주소":"서울시 성동구 성수동2가 835",
            "도로명주소":"서울시 성동구 성수일로8길 47",
            "세대수":50,
            "입주년차":20,
            "용적률점수":"--",
            "건폐율점수":"--",
            "세대당주차수":60,
            "난방방식":30,
            "공급면적":"--",
            "전용률":"--",
            "욕실수":50,
            "현관타입":100,
            "주거총점":48.5,
            "지역구공급총점":100.0,
            "역세권":80,
            "30분내 이동가능 거점":100,
            "1시간내 이동가능 거점":100,
            "교통총점":90.0,
            "백화점":100,
            "아울렛몰":80,
            "대형마트":80,
            "은행":100,
            "병원":0,
            "종합병원":100,
            "공원":100,
            "혐오시설":-50,
            "인프라총점":82.0,
            "초등학군":89.98,
            "중학군":48.2,
            "학군총점":56.556,
            "인구수":32.17,
            "인구증감":-14.67,
            "인구총점":18.118,
            "일자리":21.83,
            "소득수준":63.3,
            "일자리총점":34.271,
            "가치 총점":74.2834,
            "매매실거래년":20211206.0,
            "매매실거래가":100000.0,
            "전세실거래년":20200918.0,
            "전세실거래가":53000.0,
            "전세가율":53.0,
            "장기전세가율평균":67.55,
            "전세가율거품지수":14.55,
            "검색코드":8104,
            "세대수":604.0,
            "준공년월":"2003-09-30",
            "준공년차":20.0,
            "가까운역이름":"성수",
            "가까운역거리":166.7,
            "역세권여부":"역세권",
            "30분이내주요거점역":6,
            "30분거점역이름":"['강남', '역삼', '잠실', '을지로3가', '왕십리', '명동']",
            "1시간이내주요거점역":15,
            "1시간거점역이름":"['강남', '역삼', '잠실', '판교', '여의도', '을지로3가', '양재', '정자', '가산디지털단지', '왕십리', '홍대입구', '구로디지털단지', '명동', '서현', 'GTX성남(2023년)']",
            "3km이내백화점수":2,
            "5km이내아울렛몰수":1,
            "1km이내대형먀트수":1,
            "500m이내은행수":5,
            "500m이내병원수":0,
            "5km이내대형병원수":9,
            "500m이내공원수":4,
            "3km이내혐오시설수":1,
            "초등학교학업성취도":89.98,
            "중학교학업성취도":79.0,
            "용적률":302,
            "건폐율":20,
            "Y":37.546082,
            "X":127.056236,
            "rank":13.0,
            "area_info":"24평(79.46), 31평(103.93), 32평(109.09), 38평(126.97), 42평(140.33)",
            "last_sales":"2021-12-06,100000.0,24평(79.46)",
            "rank_history":[
                [
                    "202203",
                    13
                ],
                [
                    "202202",
                    13
                ],
                [
                    "202201",
                    11
                ]
            ],
            "rank_gap":0
        },
        {
            "index":67,
            "아파트명":"금호대우",
            "투자타입":"일반",
            "전용면적(m2)":"79.74",
            "전용면적(평)":"24평",
            "법정동주소":"서울시 성동구 금호동4가 800",
            "도로명주소":"서울시 성동구 독서당로 272",
            "세대수":90,
            "입주년차":20,
            "용적률점수":"--",
            "건폐율점수":"--",
            "세대당주차수":60,
            "난방방식":30,
            "공급면적":"--",
            "전용률":"--",
            "욕실수":50,
            "현관타입":100,
            "주거총점":62.5,
            "지역구공급총점":100.0,
            "역세권":80,
            "30분내 이동가능 거점":100,
            "1시간내 이동가능 거점":100,
            "교통총점":90.0,
            "백화점":100,
            "아울렛몰":100,
            "대형마트":0,
            "은행":70,
            "병원":0,
            "종합병원":100,
            "공원":100,
            "혐오시설":0,
            "인프라총점":70.0,
            "초등학군":89.97,
            "중학군":47.54,
            "학군총점":56.026,
            "인구수":32.17,
            "인구증감":-14.67,
            "인구총점":18.118,
            "일자리":21.83,
            "소득수준":63.3,
            "일자리총점":34.271,
            "가치 총점":73.4039,
            "매매실거래년":20220129.0,
            "매매실거래가":122000.0,
            "전세실거래년":20220223.0,
            "전세실거래가":65000.0,
            "전세가율":53.28,
            "장기전세가율평균":67.55,
            "전세가율거품지수":14.27,
            "검색코드":2975,
            "세대수":1181.0,
            "준공년월":"2001-05-03",
            "준공년차":22.0,
            "가까운역이름":"금호",
            "가까운역거리":471.43,
            "역세권여부":"역세권",
            "30분이내주요거점역":5,
            "30분거점역이름":"['역삼', '을지로3가', '양재', '왕십리', '명동']",
            "1시간이내주요거점역":14,
            "1시간거점역이름":"['강남', '역삼', '잠실', '판교', '여의도', '을지로3가', '양재', '정자', '가산디지털단지', '왕십리', '홍대입구', '구로디지털단지', '명동', 'GTX성남(2023년)']",
            "3km이내백화점수":2,
            "5km이내아울렛몰수":2,
            "1km이내대형먀트수":0,
            "500m이내은행수":3,
            "500m이내병원수":0,
            "5km이내대형병원수":10,
            "500m이내공원수":4,
            "3km이내혐오시설수":0,
            "초등학교학업성취도":89.97,
            "중학교학업성취도":78.9,
            "용적률":290,
            "건폐율":22,
            "Y":37.546115,
            "X":127.020441,
            "rank":14.0,
            "area_info":"24평(79.74), 24평(81.46), 24평(81.46), 33평(109.27), 34평(112.97), 44평(145.58), 44평(145.72), 44평(145.72)",
            "last_sales":"2022-01-29,122000.0,24평(79.74)",
            "rank_history":[
                [
                    "202203",
                    14
                ],
                [
                    "202202",
                    15
                ],
                [
                    "202201",
                    15
                ]
            ],
            "rank_gap":1
        },
        {
            "index":246,
            "아파트명":"뚝섬현대",
            "투자타입":"재건축",
            "전용면적(m2)":"101.34",
            "전용면적(평)":"30평",
            "법정동주소":"서울시 성동구 성수동1가 13-157",
            "도로명주소":"서울시 성동구 상원길 42",
            "세대수":0,
            "입주년차":"--",
            "용적률점수":80,
            "건폐율점수":0,
            "세대당주차수":"--",
            "난방방식":"--",
            "공급면적":90,
            "전용률":80,
            "욕실수":"--",
            "현관타입":"--",
            "주거총점":40.5,
            "지역구공급총점":100.0,
            "역세권":80,
            "30분내 이동가능 거점":100,
            "1시간내 이동가능 거점":100,
            "교통총점":90.0,
            "백화점":100,
            "아울렛몰":80,
            "대형마트":80,
            "은행":100,
            "병원":0,
            "종합병원":100,
            "공원":100,
            "혐오시설":-50,
            "인프라총점":82.0,
            "초등학군":89.98,
            "중학군":48.2,
            "학군총점":56.556,
            "인구수":32.17,
            "인구증감":-14.67,
            "인구총점":18.118,
            "일자리":21.83,
            "소득수준":63.3,
            "일자리총점":34.271,
            "가치 총점":72.6834,
            "매매실거래년":20210819.0,
            "매매실거래가":126000.0,
            "전세실거래년":20220203.0,
            "전세실거래가":45150.0,
            "전세가율":35.83,
            "장기전세가율평균":67.55,
            "전세가율거품지수":31.72,
            "검색코드":555,
            "세대수":99.0,
            "준공년월":"1992-01-22",
            "준공년차":31.0,
            "가까운역이름":"뚝섬",
            "가까운역거리":151.78,
            "역세권여부":"역세권",
            "30분이내주요거점역":6,
            "30분거점역이름":"['강남', '역삼', '잠실', '을지로3가', '왕십리', '명동']",
            "1시간이내주요거점역":16,
            "1시간거점역이름":"['강남', '역삼', '잠실', '판교', '여의도', '을지로3가', '양재', '정자', '가산디지털단지', '왕십리', '홍대입구', '구로디지털단지', '명동', '서현', 'GTX성남(2023년)', 'GTX동탄(2023년)']",
            "3km이내백화점수":3,
            "5km이내아울렛몰수":1,
            "1km이내대형먀트수":1,
            "500m이내은행수":6,
            "500m이내병원수":0,
            "5km이내대형병원수":10,
            "500m이내공원수":5,
            "3km이내혐오시설수":1,
            "초등학교학업성취도":89.98,
            "중학교학업성취도":79.0,
            "용적률":199,
            "건폐율":0,
            "Y":37.547754,
            "X":127.048983,
            "rank":15.0,
            "area_info":"30평(101.34)",
            "last_sales":"2021-08-19,126000.0,30평(101.34)",
            "rank_history":[
                [
                    "202203",
                    15
                ],
                [
                    "202202",
                    9999
                ]
            ],
            "rank_gap":9999
        },
        {
            "index":686,
            "아파트명":"서울숲삼부",
            "투자타입":"일반",
            "전용면적(m2)":"81.77",
            "전용면적(평)":"24평",
            "법정동주소":"서울시 성동구 행당동 147",
            "도로명주소":"서울시 성동구 왕십리로 280",
            "세대수":50,
            "입주년차":0,
            "용적률점수":"--",
            "건폐율점수":"--",
            "세대당주차수":30,
            "난방방식":30,
            "공급면적":"--",
            "전용률":"--",
            "욕실수":50,
            "현관타입":100,
            "주거총점":40.0,
            "지역구공급총점":100.0,
            "역세권":80,
            "30분내 이동가능 거점":100,
            "1시간내 이동가능 거점":100,
            "교통총점":90.0,
            "백화점":100,
            "아울렛몰":80,
            "대형마트":100,
            "은행":70,
            "병원":0,
            "종합병원":100,
            "공원":80,
            "혐오시설":0,
            "인프라총점":82.4,
            "초등학군":89.99,
            "중학군":46.98,
            "학군총점":55.582,
            "인구수":32.17,
            "인구증감":-14.67,
            "인구총점":18.118,
            "일자리":21.83,
            "소득수준":63.3,
            "일자리총점":34.271,
            "가치 총점":72.5573,
            "매매실거래년":20210316.0,
            "매매실거래가":165000.0,
            "전세실거래년":20210703.0,
            "전세실거래가":66000.0,
            "전세가율":82.5,
            "장기전세가율평균":67.55,
            "전세가율거품지수":-14.95,
            "검색코드":575,
            "세대수":498.0,
            "준공년월":"1998-07-15",
            "준공년차":25.0,
            "가까운역이름":"왕십리",
            "가까운역거리":141.36,
            "역세권여부":"역세권",
            "30분이내주요거점역":6,
            "30분거점역이름":"['역삼', '잠실', '을지로3가', '왕십리', '홍대입구', '명동']",
            "1시간이내주요거점역":18,
            "1시간거점역이름":"['강남', '역삼', '잠실', '판교', '여의도', '을지로3가', '양재', '정자', '가산디지털단지', '왕십리', '홍대입구', '구로디지털단지', '명동', '서현', '마곡', 'GTX킨텍스(2023년)', 'GTX성남(2023년)', 'GTX동탄(2023년)']",
            "3km이내백화점수":1,
            "5km이내아울렛몰수":1,
            "1km이내대형먀트수":2,
            "500m이내은행수":4,
            "500m이내병원수":0,
            "5km이내대형병원수":12,
            "500m이내공원수":1,
            "3km이내혐오시설수":0,
            "초등학교학업성취도":89.99,
            "중학교학업성취도":76.9,
            "용적률":253,
            "건폐율":26,
            "Y":37.559879,
            "X":127.037499,
            "rank":16.0,
            "area_info":"24평(81.77), 30평(101.23), 30평(102.23), 44평(146.88)",
            "last_sales":"2021-03-16,165000.0,44평(146.88)",
            "rank_history":[
                [
                    "202203",
                    16
                ],
                [
                    "202202",
                    18
                ],
                [
                    "202201",
                    18
                ]
            ],
            "rank_gap":2
        },
        {
            "index":699,
            "아파트명":"신동아",
            "투자타입":"일반",
            "전용면적(m2)":"76.68",
            "전용면적(평)":"23평",
            "법정동주소":"서울시 성동구 행당동 344",
            "도로명주소":"서울시 성동구 독서당로 441",
            "세대수":50,
            "입주년차":0,
            "용적률점수":"--",
            "건폐율점수":"--",
            "세대당주차수":0,
            "난방방식":30,
            "공급면적":"--",
            "전용률":"--",
            "욕실수":50,
            "현관타입":100,
            "주거총점":35.5,
            "지역구공급총점":100.0,
            "역세권":80,
            "30분내 이동가능 거점":100,
            "1시간내 이동가능 거점":100,
            "교통총점":90.0,
            "백화점":100,
            "아울렛몰":80,
            "대형마트":100,
            "은행":70,
            "병원":0,
            "종합병원":100,
            "공원":100,
            "혐오시설":0,
            "인프라총점":83.0,
            "초등학군":89.99,
            "중학군":49.8,
            "학군총점":57.838,
            "인구수":32.17,
            "인구증감":-14.67,
            "인구총점":18.118,
            "일자리":21.83,
            "소득수준":63.3,
            "일자리총점":34.271,
            "가치 총점":72.1757,
            "매매실거래년":20210407.0,
            "매매실거래가":119000.0,
            "전세실거래년":20210407.0,
            "전세실거래가":36000.0,
            "전세가율":45.0,
            "장기전세가율평균":67.55,
            "전세가율거품지수":22.55,
            "검색코드":332,
            "세대수":636.0,
            "준공년월":"1995-05-22",
            "준공년차":28.0,
            "가까운역이름":"행당",
            "가까운역거리":443.5,
            "역세권여부":"역세권",
            "30분이내주요거점역":5,
            "30분거점역이름":"['강남', '역삼', '을지로3가', '왕십리', '명동']",
            "1시간이내주요거점역":16,
            "1시간거점역이름":"['강남', '역삼', '잠실', '판교', '여의도', '을지로3가', '양재', '정자', '평촌', '가산디지털단지', '왕십리', '홍대입구', '구로디지털단지', '명동', '마곡', 'GTX성남(2023년)']",
            "3km이내백화점수":1,
            "5km이내아울렛몰수":1,
            "1km이내대형먀트수":2,
            "500m이내은행수":3,
            "500m이내병원수":0,
            "5km이내대형병원수":12,
            "500m이내공원수":6,
            "3km이내혐오시설수":0,
            "초등학교학업성취도":89.99,
            "중학교학업성취도":80.6,
            "용적률":258,
            "건폐율":20,
            "Y":37.554372,
            "X":127.032839,
            "rank":17.0,
            "area_info":"23평(76.68), 24평(81.55), 28평(95.19), 28평(95.55), 30평(102.07), 30평(102.17), 40평(134.56)",
            "last_sales":"2021-04-07,119000.0,40평(134.56)",
            "rank_history":[
                [
                    "202203",
                    17
                ],
                [
                    "202202",
                    20
                ],
                [
                    "202201",
                    78
                ]
            ],
            "rank_gap":3
        },
        {
            "index":23,
            "아파트명":"금호자이1차",
            "투자타입":"일반",
            "전용면적(m2)":"83.96",
            "전용면적(평)":"25평",
            "법정동주소":"서울시 성동구 금호동2가 1215",
            "도로명주소":"서울시 성동구 금호로 117",
            "세대수":50,
            "입주년차":60,
            "용적률점수":"--",
            "건폐율점수":"--",
            "세대당주차수":30,
            "난방방식":30,
            "공급면적":"--",
            "전용률":"--",
            "욕실수":100,
            "현관타입":100,
            "주거총점":57.0,
            "지역구공급총점":100.0,
            "역세권":80,
            "30분내 이동가능 거점":80,
            "1시간내 이동가능 거점":100,
            "교통총점":84.0,
            "백화점":100,
            "아울렛몰":100,
            "대형마트":80,
            "은행":0,
            "병원":0,
            "종합병원":100,
            "공원":100,
            "혐오시설":0,
            "인프라총점":75.0,
            "초등학군":89.97,
            "중학군":50.68,
            "학군총점":58.538,
            "인구수":32.17,
            "인구증감":-14.67,
            "인구총점":18.118,
            "일자리":21.83,
            "소득수준":63.3,
            "일자리총점":34.271,
            "가치 총점":72.0807,
            "매매실거래년":20210912.0,
            "매매실거래가":179000.0,
            "전세실거래년":20220115.0,
            "전세실거래가":65000.0,
            "전세가율":49.32,
            "장기전세가율평균":67.55,
            "전세가율거품지수":18.23,
            "검색코드":100340,
            "세대수":401.0,
            "준공년월":"2012-05-18",
            "준공년차":11.0,
            "가까운역이름":"신금호",
            "가까운역거리":243.19,
            "역세권여부":"역세권",
            "30분이내주요거점역":4,
            "30분거점역이름":"['여의도', '을지로3가', '왕십리', '명동']",
            "1시간이내주요거점역":14,
            "1시간거점역이름":"['강남', '역삼', '잠실', '판교', '여의도', '을지로3가', '양재', '정자', '가산디지털단지', '왕십리', '홍대입구', '구로디지털단지', '명동', '마곡']",
            "3km이내백화점수":1,
            "5km이내아울렛몰수":2,
            "1km이내대형먀트수":1,
            "500m이내은행수":1,
            "500m이내병원수":0,
            "5km이내대형병원수":9,
            "500m이내공원수":5,
            "3km이내혐오시설수":0,
            "초등학교학업성취도":89.97,
            "중학교학업성취도":83.6,
            "용적률":239,
            "건폐율":23,
            "Y":37.552871,
            "X":127.022367,
            "rank":18.0,
            "area_info":"25평(83.96), 25평(84.02), 33평(111.6), 33평(111.32), 42평(140.01)",
            "last_sales":"2021-09-12,179000.0,42평(140.01)",
            "rank_history":[
                [
                    "202203",
                    18
                ],
                [
                    "202202",
                    14
                ],
                [
                    "202201",
                    17
                ]
            ],
            "rank_gap":-4
        },
        {
            "index":128,
            "아파트명":"금호어울림",
            "투자타입":"일반",
            "전용면적(m2)":"80.45",
            "전용면적(평)":"24평",
            "법정동주소":"서울시 성동구 마장동 820",
            "도로명주소":"서울시 성동구 마조로 57",
            "세대수":30,
            "입주년차":40,
            "용적률점수":"--",
            "건폐율점수":"--",
            "세대당주차수":30,
            "난방방식":30,
            "공급면적":"--",
            "전용률":"--",
            "욕실수":50,
            "현관타입":100,
            "주거총점":41.0,
            "지역구공급총점":100.0,
            "역세권":80,
            "30분내 이동가능 거점":100,
            "1시간내 이동가능 거점":100,
            "교통총점":90.0,
            "백화점":100,
            "아울렛몰":80,
            "대형마트":80,
            "은행":70,
            "병원":0,
            "종합병원":100,
            "공원":100,
            "혐오시설":0,
            "인프라총점":80.0,
            "초등학군":90.0,
            "중학군":46.98,
            "학군총점":55.584,
            "인구수":32.17,
            "인구증감":-14.67,
            "인구총점":18.118,
            "일자리":21.83,
            "소득수준":63.3,
            "일자리총점":34.271,
            "가치 총점":72.0376,
            "매매실거래년":20201221.0,
            "매매실거래가":138000.0,
            "전세실거래년":20210327.0,
            "전세실거래가":60000.0,
            "전세가율":78.43,
            "장기전세가율평균":67.55,
            "전세가율거품지수":-10.88,
            "검색코드":9124,
            "세대수":367.0,
            "준공년월":"2006-09-27",
            "준공년차":17.0,
            "가까운역이름":"왕십리",
            "가까운역거리":317.78,
            "역세권여부":"역세권",
            "30분이내주요거점역":6,
            "30분거점역이름":"['강남', '역삼', '잠실', '을지로3가', '왕십리', '명동']",
            "1시간이내주요거점역":17,
            "1시간거점역이름":"['강남', '역삼', '잠실', '판교', '여의도', '을지로3가', '양재', '정자', '가산디지털단지', '왕십리', '홍대입구', '구로디지털단지', '명동', '서현', '마곡', 'GTX성남(2023년)', 'GTX동탄(2023년)']",
            "3km이내백화점수":1,
            "5km이내아울렛몰수":1,
            "1km이내대형먀트수":1,
            "500m이내은행수":3,
            "500m이내병원수":0,
            "5km이내대형병원수":13,
            "500m이내공원수":2,
            "3km이내혐오시설수":0,
            "초등학교학업성취도":90.0,
            "중학교학업성취도":76.9,
            "용적률":280,
            "건폐율":18,
            "Y":37.562979,
            "X":127.040855,
            "rank":19.0,
            "area_info":"24평(80.45), 29평(96.29), 32평(106.66), 32평(107.68), 37평(123.84), 41평(136.35), 41평(137.75)",
            "last_sales":"2020-12-21,138000.0,41평(137.75)",
            "rank_history":[
                [
                    "202203",
                    19
                ],
                [
                    "202202",
                    19
                ],
                [
                    "202201",
                    23
                ]
            ],
            "rank_gap":0
        },
        {
            "index":690,
            "아파트명":"서울숲한신더휴",
            "투자타입":"일반",
            "전용면적(m2)":"80.99",
            "전용면적(평)":"24평",
            "법정동주소":"서울시 성동구 행당동 349",
            "도로명주소":"서울시 성동구 고산자로 164",
            "세대수":90,
            "입주년차":20,
            "용적률점수":"--",
            "건폐율점수":"--",
            "세대당주차수":30,
            "난방방식":30,
            "공급면적":"--",
            "전용률":"--",
            "욕실수":50,
            "현관타입":100,
            "주거총점":58.0,
            "지역구공급총점":100.0,
            "역세권":50,
            "30분내 이동가능 거점":100,
            "1시간내 이동가능 거점":100,
            "교통총점":75.0,
            "백화점":100,
            "아울렛몰":80,
            "대형마트":100,
            "은행":70,
            "병원":0,
            "종합병원":100,
            "공원":100,
            "혐오시설":0,
            "인프라총점":83.0,
            "초등학군":89.99,
            "중학군":52.42,
            "학군총점":59.934,
            "인구수":32.17,
            "인구증감":-14.67,
            "인구총점":18.118,
            "일자리":21.83,
            "소득수준":63.3,
            "일자리총점":34.271,
            "가치 총점":71.7401,
            "매매실거래년":20211023.0,
            "매매실거래가":155000.0,
            "전세실거래년":20220211.0,
            "전세실거래가":41895.0,
            "전세가율":33.52,
            "장기전세가율평균":67.55,
            "전세가율거품지수":34.03,
            "검색코드":2977,
            "세대수":1410.0,
            "준공년월":"2003-12-23",
            "준공년차":20.0,
            "가까운역이름":"응봉",
            "가까운역거리":580.55,
            "역세권여부":"준역세권",
            "30분이내주요거점역":5,
            "30분거점역이름":"['강남', '역삼', '을지로3가', '왕십리', '명동']",
            "1시간이내주요거점역":14,
            "1시간거점역이름":"['강남', '역삼', '잠실', '판교', '여의도', '을지로3가', '양재', '평촌', '가산디지털단지', '왕십리', '홍대입구', '구로디지털단지', '명동', '서현']",
            "3km이내백화점수":1,
            "5km이내아울렛몰수":1,
            "1km이내대형먀트수":2,
            "500m이내은행수":4,
            "500m이내병원수":0,
            "5km이내대형병원수":12,
            "500m이내공원수":5,
            "3km이내혐오시설수":0,
            "초등학교학업성취도":89.99,
            "중학교학업성취도":85.9,
            "용적률":295,
            "건폐율":18,
            "Y":37.554894,
            "X":127.03661,
            "rank":20.0,
            "area_info":"24평(80.99), 24평(81.27), 32평(108.56), 43평(142.42)",
            "last_sales":"2021-10-23,155000.0,32평(108.56)",
            "rank_history":[
                [
                    "202203",
                    20
                ],
                [
                    "202202",
                    22
                ],
                [
                    "202201",
                    27
                ]
            ],
            "rank_gap":2
        },
        {
            "index":570,
            "아파트명":"서울숲리버그린동아",
            "투자타입":"일반",
            "전용면적(m2)":"81.69",
            "전용면적(평)":"24평",
            "법정동주소":"서울시 성동구 응봉동 276",
            "도로명주소":"서울시 성동구 고산자로4길 34",
            "세대수":30,
            "입주년차":20,
            "용적률점수":"--",
            "건폐율점수":"--",
            "세대당주차수":30,
            "난방방식":30,
            "공급면적":"--",
            "전용률":"--",
            "욕실수":100,
            "현관타입":100,
            "주거총점":42.0,
            "지역구공급총점":100.0,
            "역세권":80,
            "30분내 이동가능 거점":80,
            "1시간내 이동가능 거점":100,
            "교통총점":84.0,
            "백화점":100,
            "아울렛몰":80,
            "대형마트":100,
            "은행":70,
            "병원":0,
            "종합병원":100,
            "공원":100,
            "혐오시설":0,
            "인프라총점":83.0,
            "초등학군":89.99,
            "중학군":52.42,
            "학군총점":59.934,
            "인구수":32.17,
            "인구증감":-14.67,
            "인구총점":18.118,
            "일자리":21.83,
            "소득수준":63.3,
            "일자리총점":34.271,
            "가치 총점":71.6901,
            "매매실거래년":20211011.0,
            "매매실거래가":119500.0,
            "전세실거래년":20211218.0,
            "전세실거래가":60000.0,
            "전세가율":50.21,
            "장기전세가율평균":67.55,
            "전세가율거품지수":17.34,
            "검색코드":7993,
            "세대수":375.0,
            "준공년월":"2003-06-07",
            "준공년차":20.0,
            "가까운역이름":"응봉",
            "가까운역거리":479.73,
            "역세권여부":"역세권",
            "30분이내주요거점역":4,
            "30분거점역이름":"['역삼', '을지로3가', '왕십리', '명동']",
            "1시간이내주요거점역":12,
            "1시간거점역이름":"['강남', '역삼', '잠실', '판교', '여의도', '을지로3가', '양재', '평촌', '왕십리', '홍대입구', '구로디지털단지', '명동']",
            "3km이내백화점수":1,
            "5km이내아울렛몰수":1,
            "1km이내대형먀트수":2,
            "500m이내은행수":3,
            "500m이내병원수":0,
            "5km이내대형병원수":12,
            "500m이내공원수":4,
            "3km이내혐오시설수":0,
            "초등학교학업성취도":89.99,
            "중학교학업성취도":85.9,
            "용적률":295,
            "건폐율":19,
            "Y":37.5535,
            "X":127.037581,
            "rank":21.0,
            "area_info":"24평(81.69), 32평(107.97), 32평(108.21), 42평(141.57)",
            "last_sales":"2021-10-11,119500.0,24평(81.69)",
            "rank_history":[
                [
                    "202203",
                    21
                ],
                [
                    "202202",
                    37
                ],
                [
                    "202201",
                    51
                ]
            ],
            "rank_gap":16
        },
        {
            "index":525,
            "아파트명":"옥수현대",
            "투자타입":"재건축",
            "전용면적(m2)":"76.97",
            "전용면적(평)":"23평",
            "법정동주소":"서울시 성동구 옥수동 4",
            "도로명주소":"서울시 성동구 독서당로40길 25",
            "세대수":50,
            "입주년차":"--",
            "용적률점수":80,
            "건폐율점수":0,
            "세대당주차수":"--",
            "난방방식":"--",
            "공급면적":50,
            "전용률":60,
            "욕실수":"--",
            "현관타입":"--",
            "주거총점":52.5,
            "지역구공급총점":100.0,
            "역세권":80,
            "30분내 이동가능 거점":100,
            "1시간내 이동가능 거점":100,
            "교통총점":90.0,
            "백화점":100,
            "아울렛몰":100,
            "대형마트":0,
            "은행":70,
            "병원":0,
            "종합병원":100,
            "공원":100,
            "혐오시설":0,
            "인프라총점":70.0,
            "초등학군":89.98,
            "중학군":47.54,
            "학군총점":56.028,
            "인구수":32.17,
            "인구증감":-14.67,
            "인구총점":18.118,
            "일자리":21.83,
            "소득수준":63.3,
            "일자리총점":34.271,
            "가치 총점":71.4042,
            "매매실거래년":20210821.0,
            "매매실거래가":183000.0,
            "전세실거래년":20210529.0,
            "전세실거래가":55000.0,
            "전세가율":61.11,
            "장기전세가율평균":67.55,
            "전세가율거품지수":6.44,
            "검색코드":567,
            "세대수":566.0,
            "준공년월":"1990-05-25",
            "준공년차":33.0,
            "가까운역이름":"옥수",
            "가까운역거리":410.17,
            "역세권여부":"역세권",
            "30분이내주요거점역":5,
            "30분거점역이름":"['역삼', '을지로3가', '양재', '왕십리', '명동']",
            "1시간이내주요거점역":14,
            "1시간거점역이름":"['강남', '역삼', '판교', '여의도', '을지로3가', '양재', '정자', '평촌', '가산디지털단지', '왕십리', '홍대입구', '구로디지털단지', '명동', 'GTX성남(2023년)']",
            "3km이내백화점수":2,
            "5km이내아울렛몰수":2,
            "1km이내대형먀트수":0,
            "500m이내은행수":3,
            "500m이내병원수":0,
            "5km이내대형병원수":10,
            "500m이내공원수":2,
            "3km이내혐오시설수":0,
            "초등학교학업성취도":89.98,
            "중학교학업성취도":78.9,
            "용적률":200,
            "건폐율":0,
            "Y":37.544185,
            "X":127.019199,
            "rank":22.0,
            "area_info":"23평(76.97), 25평(82.82), 27평(91.82), 28평(92.57), 29평(98.91), 29평(98.24), 35평(118.44), 35평(118.9), 42평(140.76)",
            "last_sales":"2021-08-21,183000.0,42평(140.76)",
            "rank_history":[
                [
                    "202203",
                    22
                ],
                [
                    "202202",
                    24
                ],
                [
                    "202201",
                    22
                ]
            ],
            "rank_gap":2
        },
        {
            "index":28,
            "아파트명":"래미안하이리버",
            "투자타입":"일반",
            "전용면적(m2)":"84.55",
            "전용면적(평)":"25평",
            "법정동주소":"서울시 성동구 금호동2가 1217",
            "도로명주소":"서울시 성동구 금호로 107",
            "세대수":80,
            "입주년차":60,
            "용적률점수":"--",
            "건폐율점수":"--",
            "세대당주차수":30,
            "난방방식":30,
            "공급면적":"--",
            "전용률":"--",
            "욕실수":100,
            "현관타입":100,
            "주거총점":67.5,
            "지역구공급총점":100.0,
            "역세권":50,
            "30분내 이동가능 거점":80,
            "1시간내 이동가능 거점":100,
            "교통총점":69.0,
            "백화점":100,
            "아울렛몰":100,
            "대형마트":80,
            "은행":70,
            "병원":0,
            "종합병원":100,
            "공원":100,
            "혐오시설":0,
            "인프라총점":82.0,
            "초등학군":89.97,
            "중학군":52.42,
            "학군총점":59.93,
            "인구수":32.17,
            "인구증감":-14.67,
            "인구총점":18.118,
            "일자리":21.83,
            "소득수준":63.3,
            "일자리총점":34.271,
            "가치 총점":71.2395,
            "매매실거래년":20211025.0,
            "매매실거래가":187500.0,
            "전세실거래년":20211203.0,
            "전세실거래가":83000.0,
            "전세가율":59.5,
            "장기전세가율평균":67.55,
            "전세가율거품지수":8.05,
            "검색코드":27575,
            "세대수":847.0,
            "준공년월":"2012-05-18",
            "준공년차":11.0,
            "가까운역이름":"신금호",
            "가까운역거리":555.53,
            "역세권여부":"준역세권",
            "30분이내주요거점역":4,
            "30분거점역이름":"['역삼', '을지로3가', '왕십리', '명동']",
            "1시간이내주요거점역":13,
            "1시간거점역이름":"['강남', '역삼', '판교', '여의도', '을지로3가', '양재', '정자', '가산디지털단지', '왕십리', '홍대입구', '구로디지털단지', '명동', 'GTX성남(2023년)']",
            "3km이내백화점수":2,
            "5km이내아울렛몰수":2,
            "1km이내대형먀트수":1,
            "500m이내은행수":3,
            "500m이내병원수":0,
            "5km이내대형병원수":9,
            "500m이내공원수":6,
            "3km이내혐오시설수":0,
            "초등학교학업성취도":89.97,
            "중학교학업성취도":85.9,
            "용적률":248,
            "건폐율":20,
            "Y":37.551092,
            "X":127.025129,
            "rank":23.0,
            "area_info":"25평(84.55), 25평(85.02), 25평(85.02), 32평(108.61), 33평(110.73), 33평(110.29), 33평(110.29), 45평(149.92)",
            "last_sales":"2021-10-25,187500.0,45평(149.92)",
            "rank_history":[
                [
                    "202203",
                    23
                ],
                [
                    "202202",
                    17
                ],
                [
                    "202201",
                    16
                ]
            ],
            "rank_gap":-6
        },
        {
            "index":646,
            "아파트명":"하왕십리신영지웰",
            "투자타입":"일반",
            "전용면적(m2)":"109.38",
            "전용면적(평)":"33평",
            "법정동주소":"서울시 성동구 하왕십리동 1064",
            "도로명주소":"서울시 성동구 무학봉길 76",
            "세대수":0,
            "입주년차":60,
            "용적률점수":"--",
            "건폐율점수":"--",
            "세대당주차수":30,
            "난방방식":30,
            "공급면적":"--",
            "전용률":"--",
            "욕실수":100,
            "현관타입":100,
            "주거총점":39.5,
            "지역구공급총점":100.0,
            "역세권":80,
            "30분내 이동가능 거점":80,
            "1시간내 이동가능 거점":100,
            "교통총점":84.0,
            "백화점":100,
            "아울렛몰":80,
            "대형마트":100,
            "은행":70,
            "병원":0,
            "종합병원":100,
            "공원":100,
            "혐오시설":0,
            "인프라총점":83.0,
            "초등학군":90.0,
            "중학군":49.8,
            "학군총점":57.84,
            "인구수":32.17,
            "인구증감":-14.67,
            "인구총점":18.118,
            "일자리":21.83,
            "소득수준":63.3,
            "일자리총점":34.271,
            "가치 총점":70.876,
            "매매실거래년":20211108.0,
            "매매실거래가":105000.0,
            "전세실거래년":20201009.0,
            "전세실거래가":52500.0,
            "전세가율":50.0,
            "장기전세가율평균":67.55,
            "전세가율거품지수":17.55,
            "검색코드":27140,
            "세대수":82.0,
            "준공년월":"2009-10-01",
            "준공년차":14.0,
            "가까운역이름":"행당",
            "가까운역거리":419.5,
            "역세권여부":"역세권",
            "30분이내주요거점역":4,
            "30분거점역이름":"['역삼', '을지로3가', '왕십리', '명동']",
            "1시간이내주요거점역":15,
            "1시간거점역이름":"['강남', '역삼', '잠실', '판교', '여의도', '을지로3가', '양재', '정자', '왕십리', '홍대입구', '구로디지털단지', '명동', '서현', '마곡', 'GTX킨텍스(2023년)']",
            "3km이내백화점수":1,
            "5km이내아울렛몰수":1,
            "1km이내대형먀트수":2,
            "500m이내은행수":4,
            "500m이내병원수":0,
            "5km이내대형병원수":11,
            "500m이내공원수":2,
            "3km이내혐오시설수":0,
            "초등학교학업성취도":90.0,
            "중학교학업성취도":80.6,
            "용적률":206,
            "건폐율":27,
            "Y":37.560926,
            "X":127.031079,
            "rank":24.0,
            "area_info":"33평(109.38), 33평(109.69), 52평(174.33)",
            "last_sales":"2021-11-08,105000.0,33평(109.38)",
            "rank_history":[
                [
                    "202203",
                    24
                ],
                [
                    "202202",
                    9999
                ]
            ],
            "rank_gap":9999
        },
        {
            "index":714,
            "아파트명":"행당브라운스톤",
            "투자타입":"일반",
            "전용면적(m2)":"77.44",
            "전용면적(평)":"23평",
            "법정동주소":"서울시 성동구 행당동 364",
            "도로명주소":"서울시 성동구 행당로 99",
            "세대수":0,
            "입주년차":40,
            "용적률점수":"--",
            "건폐율점수":"--",
            "세대당주차수":30,
            "난방방식":30,
            "공급면적":"--",
            "전용률":"--",
            "욕실수":100,
            "현관타입":100,
            "주거총점":35.5,
            "지역구공급총점":100.0,
            "역세권":80,
            "30분내 이동가능 거점":100,
            "1시간내 이동가능 거점":100,
            "교통총점":90.0,
            "백화점":100,
            "아울렛몰":80,
            "대형마트":100,
            "은행":20,
            "병원":0,
            "종합병원":100,
            "공원":100,
            "혐오시설":0,
            "인프라총점":78.0,
            "초등학군":89.96,
            "중학군":49.8,
            "학군총점":57.832,
            "인구수":32.17,
            "인구증감":-14.67,
            "인구총점":18.118,
            "일자리":21.83,
            "소득수준":63.3,
            "일자리총점":34.271,
            "가치 총점":70.6748,
            "매매실거래년":20220125.0,
            "매매실거래가":116000.0,
            "전세실거래년":20220208.0,
            "전세실거래가":55000.0,
            "전세가율":47.41,
            "장기전세가율평균":67.55,
            "전세가율거품지수":20.14,
            "검색코드":8562,
            "세대수":208.0,
            "준공년월":"2005-09-01",
            "준공년차":18.0,
            "가까운역이름":"행당",
            "가까운역거리":177.25,
            "역세권여부":"역세권",
            "30분이내주요거점역":5,
            "30분거점역이름":"['역삼', '여의도', '을지로3가', '왕십리', '명동']",
            "1시간이내주요거점역":14,
            "1시간거점역이름":"['강남', '역삼', '잠실', '판교', '여의도', '을지로3가', '양재', '평촌', '가산디지털단지', '왕십리', '홍대입구', '명동', '서현', '마곡']",
            "3km이내백화점수":1,
            "5km이내아울렛몰수":1,
            "1km이내대형먀트수":2,
            "500m이내은행수":2,
            "500m이내병원수":0,
            "5km이내대형병원수":11,
            "500m이내공원수":5,
            "3km이내혐오시설수":0,
            "초등학교학업성취도":89.96,
            "중학교학업성취도":80.6,
            "용적률":219,
            "건폐율":20,
            "Y":37.558899,
            "X":127.030053,
            "rank":25.0,
            "area_info":"23평(77.44), 31평(103.77), 42평(141.4)",
            "last_sales":"2022-01-25,116000.0,23평(77.44)",
            "rank_history":[
                [
                    "202203",
                    25
                ],
                [
                    "202202",
                    26
                ],
                [
                    "202201",
                    24
                ]
            ],
            "rank_gap":1
        },
        {
            "index":503,
            "아파트명":"옥수극동",
            "투자타입":"재건축",
            "전용면적(m2)":"80.09",
            "전용면적(평)":"24평",
            "법정동주소":"서울시 성동구 옥수동 428",
            "도로명주소":"서울시 성동구 독서당로 191",
            "세대수":90,
            "입주년차":"--",
            "용적률점수":80,
            "건폐율점수":100,
            "세대당주차수":"--",
            "난방방식":"--",
            "공급면적":50,
            "전용률":60,
            "욕실수":"--",
            "현관타입":"--",
            "주거총점":84.5,
            "지역구공급총점":100.0,
            "역세권":50,
            "30분내 이동가능 거점":100,
            "1시간내 이동가능 거점":100,
            "교통총점":75.0,
            "백화점":100,
            "아울렛몰":100,
            "대형마트":0,
            "은행":0,
            "병원":0,
            "종합병원":100,
            "공원":100,
            "혐오시설":0,
            "인프라총점":63.0,
            "초등학군":89.96,
            "중학군":47.54,
            "학군총점":56.024,
            "인구수":32.17,
            "인구증감":-14.67,
            "인구총점":18.118,
            "일자리":21.83,
            "소득수준":63.3,
            "일자리총점":34.271,
            "가치 총점":70.4536,
            "매매실거래년":20220109.0,
            "매매실거래가":115000.0,
            "전세실거래년":20220221.0,
            "전세실거래가":55000.0,
            "전세가율":47.83,
            "장기전세가율평균":67.55,
            "전세가율거품지수":19.72,
            "검색코드":562,
            "세대수":900.0,
            "준공년월":"1986-12-24",
            "준공년차":37.0,
            "가까운역이름":"버티고개",
            "가까운역거리":659.34,
            "역세권여부":"준역세권",
            "30분이내주요거점역":5,
            "30분거점역이름":"['강남', '역삼', '을지로3가', '왕십리', '명동']",
            "1시간이내주요거점역":14,
            "1시간거점역이름":"['강남', '역삼', '판교', '여의도', '을지로3가', '양재', '정자', '평촌', '가산디지털단지', '왕십리', '홍대입구', '구로디지털단지', '명동', 'GTX성남(2023년)']",
            "3km이내백화점수":1,
            "5km이내아울렛몰수":2,
            "1km이내대형먀트수":0,
            "500m이내은행수":1,
            "500m이내병원수":0,
            "5km이내대형병원수":10,
            "500m이내공원수":2,
            "3km이내혐오시설수":0,
            "초등학교학업성취도":89.96,
            "중학교학업성취도":78.9,
            "용적률":219,
            "건폐율":17,
            "Y":37.54326,
            "X":127.0115,
            "rank":26.0,
            "area_info":"24평(80.09), 27평(91.34), 30평(101.0), 49평(164.06), 51평(170.42)",
            "last_sales":"2022-01-09,115000.0,24평(80.09)",
            "rank_history":[
                [
                    "202203",
                    26
                ],
                [
                    "202202",
                    28
                ],
                [
                    "202201",
                    32
                ]
            ],
            "rank_gap":2
        },
        {
            "index":628,
            "아파트명":"왕십리지음재(도시형)",
            "투자타입":"일반",
            "전용면적(m2)":"19.37",
            "전용면적(평)":"5평",
            "법정동주소":"서울시 성동구 하왕십리동 966-19",
            "도로명주소":"서울시 성동구 무학봉28길 3-1",
            "세대수":0,
            "입주년차":100,
            "용적률점수":"--",
            "건폐율점수":"--",
            "세대당주차수":0,
            "난방방식":30,
            "공급면적":"--",
            "전용률":"--",
            "욕실수":50,
            "현관타입":100,
            "주거총점":38.0,
            "지역구공급총점":100.0,
            "역세권":80,
            "30분내 이동가능 거점":80,
            "1시간내 이동가능 거점":100,
            "교통총점":84.0,
            "백화점":100,
            "아울렛몰":80,
            "대형마트":100,
            "은행":70,
            "병원":0,
            "종합병원":100,
            "공원":80,
            "혐오시설":0,
            "인프라총점":82.4,
            "초등학군":90.0,
            "중학군":49.8,
            "학군총점":57.84,
            "인구수":32.17,
            "인구증감":-14.67,
            "인구총점":18.118,
            "일자리":21.83,
            "소득수준":63.3,
            "일자리총점":34.271,
            "가치 총점":70.396,
            "매매실거래년":20210118.0,
            "매매실거래가":20300.0,
            "전세실거래년":20220110.0,
            "전세실거래가":18000.0,
            "전세가율":88.67,
            "장기전세가율평균":67.55,
            "전세가율거품지수":-21.12,
            "검색코드":130288,
            "세대수":63.0,
            "준공년월":"2020-07-16",
            "준공년차":3.0,
            "가까운역이름":"상왕십리",
            "가까운역거리":376.57,
            "역세권여부":"역세권",
            "30분이내주요거점역":4,
            "30분거점역이름":"['역삼', '을지로3가', '왕십리', '명동']",
            "1시간이내주요거점역":17,
            "1시간거점역이름":"['강남', '역삼', '잠실', '판교', '여의도', '을지로3가', '양재', '정자', '평촌', '가산디지털단지', '왕십리', '홍대입구', '구로디지털단지', '명동', '서현', 'GTX킨텍스(2023년)', 'GTX동탄(2023년)']",
            "3km이내백화점수":1,
            "5km이내아울렛몰수":1,
            "1km이내대형먀트수":2,
            "500m이내은행수":4,
            "500m이내병원수":0,
            "5km이내대형병원수":11,
            "500m이내공원수":1,
            "3km이내혐오시설수":0,
            "초등학교학업성취도":90.0,
            "중학교학업성취도":80.6,
            "용적률":478,
            "건폐율":59,
            "Y":37.562396,
            "X":127.032682,
            "rank":27.0,
            "area_info":"5평(19.37), 7평(23.66)",
            "last_sales":"2021-01-18,20300.0,5평(19.37)",
            "rank_history":[
                [
                    "202203",
                    27
                ],
                [
                    "202202",
                    9999
                ]
            ],
            "rank_gap":9999
        },
        {
            "index":78,
            "아파트명":"브라운스톤금호2차",
            "투자타입":"일반",
            "전용면적(m2)":"109.5",
            "전용면적(평)":"33평",
            "법정동주소":"서울시 성동구 금호동4가 1550",
            "도로명주소":"서울시 성동구 동호로 93",
            "세대수":0,
            "입주년차":60,
            "용적률점수":"--",
            "건폐율점수":"--",
            "세대당주차수":30,
            "난방방식":30,
            "공급면적":"--",
            "전용률":"--",
            "욕실수":100,
            "현관타입":100,
            "주거총점":39.5,
            "지역구공급총점":100.0,
            "역세권":100,
            "30분내 이동가능 거점":100,
            "1시간내 이동가능 거점":100,
            "교통총점":100.0,
            "백화점":100,
            "아울렛몰":100,
            "대형마트":0,
            "은행":0,
            "병원":0,
            "종합병원":100,
            "공원":100,
            "혐오시설":0,
            "인프라총점":63.0,
            "초등학군":89.98,
            "중학군":47.54,
            "학군총점":56.028,
            "인구수":32.17,
            "인구증감":-14.67,
            "인구총점":18.118,
            "일자리":21.83,
            "소득수준":63.3,
            "일자리총점":34.271,
            "가치 총점":70.2042,
            "매매실거래년":20220111.0,
            "매매실거래가":160000.0,
            "전세실거래년":20220117.0,
            "전세실거래가":93000.0,
            "전세가율":58.13,
            "장기전세가율평균":67.55,
            "전세가율거품지수":9.42,
            "검색코드":100204,
            "세대수":86.0,
            "준공년월":"2010-01-20",
            "준공년차":13.0,
            "가까운역이름":"금호",
            "가까운역거리":76.06,
            "역세권여부":"초역세권",
            "30분이내주요거점역":7,
            "30분거점역이름":"['강남', '역삼', '여의도', '을지로3가', '양재', '왕십리', '명동']",
            "1시간이내주요거점역":20,
            "1시간거점역이름":"['강남', '역삼', '잠실', '판교', '여의도', '을지로3가', '양재', '정자', '평촌', '가산디지털단지', '왕십리', '홍대입구', '수원', '구로디지털단지', '명동', '서현', '대화', '마곡', 'GTX성남(2023년)', 'GTX동탄(2023년)']",
            "3km이내백화점수":1,
            "5km이내아울렛몰수":2,
            "1km이내대형먀트수":0,
            "500m이내은행수":1,
            "500m이내병원수":0,
            "5km이내대형병원수":10,
            "500m이내공원수":3,
            "3km이내혐오시설수":0,
            "초등학교학업성취도":89.98,
            "중학교학업성취도":78.9,
            "용적률":0,
            "건폐율":0,
            "Y":37.547633,
            "X":127.015487,
            "rank":28.0,
            "area_info":"33평(109.5), 33평(111.04)",
            "last_sales":"2022-01-11,160000.0,33평(109.5)",
            "rank_history":[
                [
                    "202203",
                    28
                ],
                [
                    "202202",
                    9999
                ]
            ],
            "rank_gap":9999
        },
        {
            "index":508,
            "아파트명":"옥수삼성",
            "투자타입":"일반",
            "전용면적(m2)":"85.69",
            "전용면적(평)":"25평",
            "법정동주소":"서울시 성동구 옥수동 250",
            "도로명주소":"서울시 성동구 독서당로 218",
            "세대수":90,
            "입주년차":20,
            "용적률점수":"--",
            "건폐율점수":"--",
            "세대당주차수":30,
            "난방방식":80,
            "공급면적":"--",
            "전용률":"--",
            "욕실수":50,
            "현관타입":10,
            "주거총점":54.0,
            "지역구공급총점":100.0,
            "역세권":80,
            "30분내 이동가능 거점":100,
            "1시간내 이동가능 거점":100,
            "교통총점":90.0,
            "백화점":100,
            "아울렛몰":100,
            "대형마트":0,
            "은행":20,
            "병원":0,
            "종합병원":100,
            "공원":100,
            "혐오시설":0,
            "인프라총점":65.0,
            "초등학군":89.96,
            "중학군":47.54,
            "학군총점":56.024,
            "인구수":32.17,
            "인구증감":-14.67,
            "인구총점":18.118,
            "일자리":21.83,
            "소득수준":63.3,
            "일자리총점":34.271,
            "가치 총점":70.2036,
            "매매실거래년":20211118.0,
            "매매실거래가":183000.0,
            "전세실거래년":20220129.0,
            "전세실거래가":60000.0,
            "전세가율":42.25,
            "장기전세가율평균":67.55,
            "전세가율거품지수":25.3,
            "검색코드":1179,
            "세대수":1114.0,
            "준공년월":"1999-04-20",
            "준공년차":24.0,
            "가까운역이름":"옥수",
            "가까운역거리":470.52,
            "역세권여부":"역세권",
            "30분이내주요거점역":6,
            "30분거점역이름":"['강남', '역삼', '을지로3가', '양재', '왕십리', '명동']",
            "1시간이내주요거점역":14,
            "1시간거점역이름":"['강남', '역삼', '판교', '여의도', '을지로3가', '양재', '정자', '평촌', '가산디지털단지', '왕십리', '홍대입구', '구로디지털단지', '명동', 'GTX성남(2023년)']",
            "3km이내백화점수":2,
            "5km이내아울렛몰수":2,
            "1km이내대형먀트수":0,
            "500m이내은행수":2,
            "500m이내병원수":0,
            "5km이내대형병원수":10,
            "500m이내공원수":2,
            "3km이내혐오시설수":0,
            "초등학교학업성취도":89.96,
            "중학교학업성취도":78.9,
            "용적률":263,
            "건폐율":18,
            "Y":37.542421,
            "X":127.013983,
            "rank":29.0,
            "area_info":"25평(85.69), 32평(106.94), 43평(144.57)",
            "last_sales":"2021-11-18,183000.0,43평(144.57)",
            "rank_history":[
                [
                    "202203",
                    29
                ],
                [
                    "202202",
                    29
                ],
                [
                    "202201",
                    33
                ]
            ],
            "rank_gap":0
        },
        {
            "index":269,
            "아파트명":"쌍용",
            "투자타입":"일반",
            "전용면적(m2)":"75.31",
            "전용면적(평)":"22평",
            "법정동주소":"서울시 성동구 성수동1가 706",
            "도로명주소":"서울시 성동구 상원길 63",
            "세대수":80,
            "입주년차":0,
            "용적률점수":"--",
            "건폐율점수":"--",
            "세대당주차수":30,
            "난방방식":30,
            "공급면적":"--",
            "전용률":"--",
            "욕실수":50,
            "현관타입":100,
            "주거총점":50.5,
            "지역구공급총점":100.0,
            "역세권":80,
            "30분내 이동가능 거점":100,
            "1시간내 이동가능 거점":100,
            "교통총점":90.0,
            "백화점":100,
            "아울렛몰":80,
            "대형마트":0,
            "은행":70,
            "병원":0,
            "종합병원":100,
            "공원":100,
            "혐오시설":-50,
            "인프라총점":67.0,
            "초등학군":89.98,
            "중학군":48.2,
            "학군총점":56.556,
            "인구수":32.17,
            "인구증감":-14.67,
            "인구총점":18.118,
            "일자리":21.83,
            "소득수준":63.3,
            "일자리총점":34.271,
            "가치 총점":70.1834,
            "매매실거래년":20220109.0,
            "매매실거래가":138500.0,
            "전세실거래년":20220225.0,
            "전세실거래가":44000.0,
            "전세가율":31.77,
            "장기전세가율평균":67.55,
            "전세가율거품지수":35.78,
            "검색코드":556,
            "세대수":777.0,
            "준공년월":"1997-10-07",
            "준공년차":26.0,
            "가까운역이름":"뚝섬",
            "가까운역거리":231.83,
            "역세권여부":"역세권",
            "30분이내주요거점역":5,
            "30분거점역이름":"['역삼', '잠실', '을지로3가', '왕십리', '명동']",
            "1시간이내주요거점역":15,
            "1시간거점역이름":"['강남', '역삼', '잠실', '판교', '여의도', '을지로3가', '양재', '정자', '가산디지털단지', '왕십리', '홍대입구', '구로디지털단지', '명동', '서현', 'GTX동탄(2023년)']",
            "3km이내백화점수":2,
            "5km이내아울렛몰수":1,
            "1km이내대형먀트수":0,
            "500m이내은행수":3,
            "500m이내병원수":0,
            "5km이내대형병원수":11,
            "500m이내공원수":3,
            "3km이내혐오시설수":1,
            "초등학교학업성취도":89.98,
            "중학교학업성취도":79.0,
            "용적률":0,
            "건폐율":0,
            "Y":37.549326,
            "X":127.047333,
            "rank":30.0,
            "area_info":"22평(75.31), 30평(99.79)",
            "last_sales":"2022-01-09,138500.0,22평(75.31)",
            "rank_history":[
                [
                    "202203",
                    30
                ],
                [
                    "202202",
                    50
                ],
                [
                    "202201",
                    54
                ]
            ],
            "rank_gap":20
        },
        {
            "index":56,
            "아파트명":"금호한신휴플러스",
            "투자타입":"일반",
            "전용면적(m2)":"80.96",
            "전용면적(평)":"24평",
            "법정동주소":"서울시 성동구 금호동3가 1662",
            "도로명주소":"서울시 성동구 금호산길 27",
            "세대수":30,
            "입주년차":40,
            "용적률점수":"--",
            "건폐율점수":"--",
            "세대당주차수":30,
            "난방방식":30,
            "공급면적":"--",
            "전용률":"--",
            "욕실수":100,
            "현관타입":100,
            "주거총점":46.0,
            "지역구공급총점":100.0,
            "역세권":80,
            "30분내 이동가능 거점":100,
            "1시간내 이동가능 거점":100,
            "교통총점":90.0,
            "백화점":100,
            "아울렛몰":100,
            "대형마트":0,
            "은행":70,
            "병원":0,
            "종합병원":100,
            "공원":100,
            "혐오시설":0,
            "인프라총점":70.0,
            "초등학군":89.97,
            "중학군":48.12,
            "학군총점":56.49,
            "인구수":32.17,
            "인구증감":-14.67,
            "인구총점":18.118,
            "일자리":21.83,
            "소득수준":63.3,
            "일자리총점":34.271,
            "가치 총점":70.1735,
            "매매실거래년":20220115.0,
            "매매실거래가":108900.0,
            "전세실거래년":20220127.0,
            "전세실거래가":42000.0,
            "전세가율":38.57,
            "장기전세가율평균":67.55,
            "전세가율거품지수":28.98,
            "검색코드":10647,
            "세대수":323.0,
            "준공년월":"2005-07-29",
            "준공년차":18.0,
            "가까운역이름":"금호",
            "가까운역거리":280.4,
            "역세권여부":"역세권",
            "30분이내주요거점역":5,
            "30분거점역이름":"['역삼', '을지로3가', '양재', '왕십리', '명동']",
            "1시간이내주요거점역":16,
            "1시간거점역이름":"['강남', '역삼', '잠실', '판교', '여의도', '을지로3가', '양재', '정자', '평촌', '가산디지털단지', '왕십리', '홍대입구', '구로디지털단지', '명동', '마곡', 'GTX성남(2023년)']",
            "3km이내백화점수":1,
            "5km이내아울렛몰수":2,
            "1km이내대형먀트수":0,
            "500m이내은행수":3,
            "500m이내병원수":0,
            "5km이내대형병원수":11,
            "500m이내공원수":3,
            "3km이내혐오시설수":0,
            "초등학교학업성취도":89.97,
            "중학교학업성취도":80.2,
            "용적률":243,
            "건폐율":21,
            "Y":37.550033,
            "X":127.018092,
            "rank":31.0,
            "area_info":"24평(80.96), 32평(107.0), 32평(108.21), 40평(134.47), 46평(154.11)",
            "last_sales":"2022-01-15,108900.0,24평(80.96)",
            "rank_history":[
                [
                    "202203",
                    31
                ],
                [
                    "202202",
                    30
                ],
                [
                    "202201",
                    31
                ]
            ],
            "rank_gap":-1
        },
        {
            "index":316,
            "아파트명":"중앙하이츠빌",
            "투자타입":"일반",
            "전용면적(m2)":"107.92",
            "전용면적(평)":"32평",
            "법정동주소":"서울시 성동구 성수동1가 715",
            "도로명주소":"서울시 성동구 상원길 47",
            "세대수":0,
            "입주년차":20,
            "용적률점수":"--",
            "건폐율점수":"--",
            "세대당주차수":30,
            "난방방식":30,
            "공급면적":"--",
            "전용률":"--",
            "욕실수":100,
            "현관타입":100,
            "주거총점":31.5,
            "지역구공급총점":100.0,
            "역세권":100,
            "30분내 이동가능 거점":100,
            "1시간내 이동가능 거점":100,
            "교통총점":100.0,
            "백화점":100,
            "아울렛몰":80,
            "대형마트":0,
            "은행":70,
            "병원":0,
            "종합병원":100,
            "공원":100,
            "혐오시설":-50,
            "인프라총점":67.0,
            "초등학군":89.98,
            "중학군":48.2,
            "학군총점":56.556,
            "인구수":32.17,
            "인구증감":-14.67,
            "인구총점":18.118,
            "일자리":21.83,
            "소득수준":63.3,
            "일자리총점":34.271,
            "가치 총점":69.8834,
            "매매실거래년":20201229.0,
            "매매실거래가":145000.0,
            "전세실거래년":20220212.0,
            "전세실거래가":71400.0,
            "전세가율":49.24,
            "장기전세가율평균":67.55,
            "전세가율거품지수":18.31,
            "검색코드":8578,
            "세대수":256.0,
            "준공년월":"2003-10-27",
            "준공년차":20.0,
            "가까운역이름":"뚝섬",
            "가까운역거리":76.05,
            "역세권여부":"초역세권",
            "30분이내주요거점역":6,
            "30분거점역이름":"['강남', '역삼', '잠실', '을지로3가', '왕십리', '명동']",
            "1시간이내주요거점역":16,
            "1시간거점역이름":"['강남', '역삼', '잠실', '판교', '여의도', '을지로3가', '양재', '정자', '가산디지털단지', '왕십리', '홍대입구', '구로디지털단지', '명동', '서현', 'GTX성남(2023년)', 'GTX동탄(2023년)']",
            "3km이내백화점수":3,
            "5km이내아울렛몰수":1,
            "1km이내대형먀트수":0,
            "500m이내은행수":4,
            "500m이내병원수":0,
            "5km이내대형병원수":10,
            "500m이내공원수":3,
            "3km이내혐오시설수":1,
            "초등학교학업성취도":89.98,
            "중학교학업성취도":79.0,
            "용적률":249,
            "건폐율":17,
            "Y":37.547888,
            "X":127.047669,
            "rank":32.0,
            "area_info":"32평(107.92), 32평(108.16)",
            "last_sales":"2020-12-29,145000.0,32평(107.92)",
            "rank_history":[
                [
                    "202203",
                    32
                ],
                [
                    "202202",
                    32
                ],
                [
                    "202201",
                    36
                ]
            ],
            "rank_gap":0
        },
        {
            "index":522,
            "아파트명":"옥수하이츠",
            "투자타입":"일반",
            "전용면적(m2)":"105.8",
            "전용면적(평)":"32평",
            "법정동주소":"서울시 성동구 옥수동 100",
            "도로명주소":"서울시 성동구 한림말길 50",
            "세대수":80,
            "입주년차":0,
            "용적률점수":"--",
            "건폐율점수":"--",
            "세대당주차수":30,
            "난방방식":30,
            "공급면적":"--",
            "전용률":"--",
            "욕실수":100,
            "현관타입":100,
            "주거총점":55.5,
            "지역구공급총점":100.0,
            "역세권":80,
            "30분내 이동가능 거점":100,
            "1시간내 이동가능 거점":100,
            "교통총점":90.0,
            "백화점":100,
            "아울렛몰":100,
            "대형마트":0,
            "은행":0,
            "병원":0,
            "종합병원":100,
            "공원":80,
            "혐오시설":0,
            "인프라총점":62.4,
            "초등학군":89.96,
            "중학군":47.54,
            "학군총점":56.024,
            "인구수":32.17,
            "인구증감":-14.67,
            "인구총점":18.118,
            "일자리":21.83,
            "소득수준":63.3,
            "일자리총점":34.271,
            "가치 총점":69.7236,
            "매매실거래년":20211122.0,
            "매매실거래가":213000.0,
            "전세실거래년":20220221.0,
            "전세실거래가":64050.0,
            "전세가율":33.71,
            "장기전세가율평균":67.55,
            "전세가율거품지수":33.84,
            "검색코드":564,
            "세대수":774.0,
            "준공년월":"1998-03-30",
            "준공년차":25.0,
            "가까운역이름":"옥수",
            "가까운역거리":220.02,
            "역세권여부":"역세권",
            "30분이내주요거점역":5,
            "30분거점역이름":"['역삼', '을지로3가', '양재', '왕십리', '명동']",
            "1시간이내주요거점역":16,
            "1시간거점역이름":"['강남', '역삼', '잠실', '판교', '여의도', '을지로3가', '양재', '정자', '평촌', '가산디지털단지', '왕십리', '홍대입구', '구로디지털단지', '명동', '서현', 'GTX성남(2023년)']",
            "3km이내백화점수":2,
            "5km이내아울렛몰수":2,
            "1km이내대형먀트수":0,
            "500m이내은행수":1,
            "500m이내병원수":0,
            "5km이내대형병원수":9,
            "500m이내공원수":1,
            "3km이내혐오시설수":0,
            "초등학교학업성취도":89.96,
            "중학교학업성취도":78.9,
            "용적률":212,
            "건폐율":20,
            "Y":37.540242,
            "X":127.016275,
            "rank":33.0,
            "area_info":"32평(105.8), 42평(139.68), 42평(139.44)",
            "last_sales":"2021-11-22,213000.0,42평(139.68)",
            "rank_history":[
                [
                    "202203",
                    33
                ],
                [
                    "202202",
                    34
                ],
                [
                    "202201",
                    37
                ]
            ],
            "rank_gap":1
        },
        {
            "index":167,
            "아파트명":"세림",
            "투자타입":"재건축",
            "전용면적(m2)":"61.11",
            "전용면적(평)":"18평",
            "법정동주소":"서울시 성동구 마장동 784",
            "도로명주소":"서울시 성동구 마장로42길 16",
            "세대수":80,
            "입주년차":"--",
            "용적률점수":80,
            "건폐율점수":0,
            "세대당주차수":"--",
            "난방방식":"--",
            "공급면적":50,
            "전용률":40,
            "욕실수":"--",
            "현관타입":"--",
            "주거총점":60.5,
            "지역구공급총점":100.0,
            "역세권":80,
            "30분내 이동가능 거점":60,
            "1시간내 이동가능 거점":100,
            "교통총점":78.0,
            "백화점":100,
            "아울렛몰":80,
            "대형마트":80,
            "은행":20,
            "병원":0,
            "종합병원":100,
            "공원":100,
            "혐오시설":0,
            "인프라총점":75.0,
            "초등학군":89.96,
            "중학군":42.48,
            "학군총점":51.976,
            "인구수":32.17,
            "인구증감":-14.67,
            "인구총점":18.118,
            "일자리":21.83,
            "소득수준":63.3,
            "일자리총점":34.271,
            "가치 총점":69.6964,
            "매매실거래년":20220122.0,
            "매매실거래가":88000.0,
            "전세실거래년":20220115.0,
            "전세실거래가":24000.0,
            "전세가율":27.27,
            "장기전세가율평균":67.55,
            "전세가율거품지수":40.28,
            "검색코드":549,
            "세대수":811.0,
            "준공년월":"1986-12-27",
            "준공년차":37.0,
            "가까운역이름":"마장",
            "가까운역거리":219.03,
            "역세권여부":"역세권",
            "30분이내주요거점역":3,
            "30분거점역이름":"['을지로3가', '왕십리', '명동']",
            "1시간이내주요거점역":14,
            "1시간거점역이름":"['강남', '역삼', '잠실', '판교', '여의도', '을지로3가', '양재', '왕십리', '홍대입구', '구로디지털단지', '명동', '서현', '마곡', 'GTX동탄(2023년)']",
            "3km이내백화점수":1,
            "5km이내아울렛몰수":1,
            "1km이내대형먀트수":1,
            "500m이내은행수":2,
            "500m이내병원수":0,
            "5km이내대형병원수":13,
            "500m이내공원수":3,
            "3km이내혐오시설수":0,
            "초등학교학업성취도":89.96,
            "중학교학업성취도":70.4,
            "용적률":183,
            "건폐율":0,
            "Y":37.564922,
            "X":127.044939,
            "rank":34.0,
            "area_info":"18평(61.11), 27평(90.06), 31평(103.02)",
            "last_sales":"2022-01-22,88000.0,18평(61.11)",
            "rank_history":[
                [
                    "202203",
                    34
                ],
                [
                    "202202",
                    21
                ],
                [
                    "202201",
                    29
                ]
            ],
            "rank_gap":-13
        },
        {
            "index":706,
            "아파트명":"지웰홈스왕십리(도시형)",
            "투자타입":"일반",
            "전용면적(m2)":"26.7",
            "전용면적(평)":"8평",
            "법정동주소":"서울시 성동구 행당동 387",
            "도로명주소":"서울시 성동구 고산자로14길 26",
            "세대수":0,
            "입주년차":100,
            "용적률점수":"--",
            "건폐율점수":"--",
            "세대당주차수":0,
            "난방방식":30,
            "공급면적":"--",
            "전용률":"--",
            "욕실수":50,
            "현관타입":10,
            "주거총점":29.0,
            "지역구공급총점":100.0,
            "역세권":80,
            "30분내 이동가능 거점":100,
            "1시간내 이동가능 거점":100,
            "교통총점":90.0,
            "백화점":100,
            "아울렛몰":80,
            "대형마트":80,
            "은행":70,
            "병원":0,
            "종합병원":100,
            "공원":100,
            "혐오시설":0,
            "인프라총점":80.0,
            "초등학군":89.97,
            "중학군":46.98,
            "학군총점":55.578,
            "인구수":32.17,
            "인구증감":-14.67,
            "인구총점":18.118,
            "일자리":21.83,
            "소득수준":63.3,
            "일자리총점":34.271,
            "가치 총점":69.6367,
            "매매실거래년":"18000101",
            "매매실거래가":null,
            "전세실거래년":null,
            "전세실거래가":null,
            "전세가율":null,
            "장기전세가율평균":67.55,
            "전세가율거품지수":null,
            "검색코드":138174,
            "세대수":299.0,
            "준공년월":"2020-08-31",
            "준공년차":3.0,
            "가까운역이름":"왕십리",
            "가까운역거리":320.64,
            "역세권여부":"역세권",
            "30분이내주요거점역":6,
            "30분거점역이름":"['강남', '역삼', '잠실', '을지로3가', '왕십리', '명동']",
            "1시간이내주요거점역":19,
            "1시간거점역이름":"['강남', '역삼', '잠실', '판교', '여의도', '을지로3가', '양재', '정자', '평촌', '가산디지털단지', '왕십리', '홍대입구', '구로디지털단지', '명동', '서현', '마곡', 'GTX킨텍스(2023년)', 'GTX성남(2023년)', 'GTX동탄(2023년)']",
            "3km이내백화점수":1,
            "5km이내아울렛몰수":1,
            "1km이내대형먀트수":1,
            "500m이내은행수":3,
            "500m이내병원수":0,
            "5km이내대형병원수":12,
            "500m이내공원수":2,
            "3km이내혐오시설수":0,
            "초등학교학업성취도":89.97,
            "중학교학업성취도":76.9,
            "용적률":272,
            "건폐율":34,
            "Y":37.563408,
            "X":127.037765,
            "rank":35.0,
            "area_info":"8평(26.7), 10평(35.1), 16평(52.98), 16평(54.71), 17평(57.56)",
            "last_sales":"1800-01-01,nan,8평(26.7)",
            "rank_history":[
                [
                    "202203",
                    35
                ],
                [
                    "202202",
                    35
                ],
                [
                    "202201",
                    30
                ]
            ],
            "rank_gap":0
        },
        {
            "index":146,
            "아파트명":"삼성",
            "투자타입":"일반",
            "전용면적(m2)":"85.72",
            "전용면적(평)":"25평",
            "법정동주소":"서울시 성동구 마장동 817",
            "도로명주소":"서울시 성동구 마장로 271",
            "세대수":50,
            "입주년차":0,
            "용적률점수":"--",
            "건폐율점수":"--",
            "세대당주차수":30,
            "난방방식":80,
            "공급면적":"--",
            "전용률":"--",
            "욕실수":50,
            "현관타입":10,
            "주거총점":36.0,
            "지역구공급총점":100.0,
            "역세권":80,
            "30분내 이동가능 거점":80,
            "1시간내 이동가능 거점":100,
            "교통총점":84.0,
            "백화점":100,
            "아울렛몰":80,
            "대형마트":100,
            "은행":70,
            "병원":0,
            "종합병원":100,
            "공원":100,
            "혐오시설":-50,
            "인프라총점":82.0,
            "초등학군":90.0,
            "중학군":47.42,
            "학군총점":55.936,
            "인구수":32.17,
            "인구증감":-14.67,
            "인구총점":18.118,
            "일자리":21.83,
            "소득수준":63.3,
            "일자리총점":34.271,
            "가치 총점":69.5904,
            "매매실거래년":20211016.0,
            "매매실거래가":105000.0,
            "전세실거래년":20220211.0,
            "전세실거래가":42000.0,
            "전세가율":40.0,
            "장기전세가율평균":67.55,
            "전세가율거품지수":27.55,
            "검색코드":548,
            "세대수":430.0,
            "준공년월":"1996-12-14",
            "준공년차":27.0,
            "가까운역이름":"마장",
            "가까운역거리":278.85,
            "역세권여부":"역세권",
            "30분이내주요거점역":4,
            "30분거점역이름":"['역삼', '을지로3가', '왕십리', '명동']",
            "1시간이내주요거점역":15,
            "1시간거점역이름":"['강남', '역삼', '잠실', '판교', '여의도', '을지로3가', '양재', '정자', '왕십리', '홍대입구', '구로디지털단지', '명동', '서현', '마곡', 'GTX동탄(2023년)']",
            "3km이내백화점수":1,
            "5km이내아울렛몰수":1,
            "1km이내대형먀트수":2,
            "500m이내은행수":4,
            "500m이내병원수":0,
            "5km이내대형병원수":12,
            "500m이내공원수":2,
            "3km이내혐오시설수":1,
            "초등학교학업성취도":90.0,
            "중학교학업성취도":78.5,
            "용적률":241,
            "건폐율":18,
            "Y":37.566304,
            "X":127.039828,
            "rank":36.0,
            "area_info":"25평(85.72), 33평(110.28), 50평(167.63)",
            "last_sales":"2021-10-16,105000.0,25평(85.72)",
            "rank_history":[
                [
                    "202203",
                    36
                ],
                [
                    "202202",
                    39
                ],
                [
                    "202201",
                    42
                ]
            ],
            "rank_gap":3
        },
        {
            "index":138,
            "아파트명":"마장신성미소지움",
            "투자타입":"일반",
            "전용면적(m2)":"76.37",
            "전용면적(평)":"23평",
            "법정동주소":"서울시 성동구 마장동 822",
            "도로명주소":"서울시 성동구 마장로39길 43",
            "세대수":0,
            "입주년차":40,
            "용적률점수":"--",
            "건폐율점수":"--",
            "세대당주차수":30,
            "난방방식":30,
            "공급면적":"--",
            "전용률":"--",
            "욕실수":100,
            "현관타입":100,
            "주거총점":35.5,
            "지역구공급총점":100.0,
            "역세권":80,
            "30분내 이동가능 거점":80,
            "1시간내 이동가능 거점":100,
            "교통총점":84.0,
            "백화점":100,
            "아울렛몰":80,
            "대형마트":100,
            "은행":70,
            "병원":0,
            "종합병원":100,
            "공원":100,
            "혐오시설":-50,
            "인프라총점":82.0,
            "초등학군":90.0,
            "중학군":47.42,
            "학군총점":55.936,
            "인구수":32.17,
            "인구증감":-14.67,
            "인구총점":18.118,
            "일자리":21.83,
            "소득수준":63.3,
            "일자리총점":34.271,
            "가치 총점":69.4904,
            "매매실거래년":20210123.0,
            "매매실거래가":105000.0,
            "전세실거래년":20210625.0,
            "전세실거래가":38850.0,
            "전세가율":43.41,
            "장기전세가율평균":67.55,
            "전세가율거품지수":24.14,
            "검색코드":8828,
            "세대수":286.0,
            "준공년월":"2004-06-04",
            "준공년차":19.0,
            "가까운역이름":"마장",
            "가까운역거리":304.74,
            "역세권여부":"역세권",
            "30분이내주요거점역":4,
            "30분거점역이름":"['잠실', '을지로3가', '왕십리', '명동']",
            "1시간이내주요거점역":13,
            "1시간거점역이름":"['강남', '역삼', '잠실', '판교', '여의도', '을지로3가', '양재', '왕십리', '홍대입구', '구로디지털단지', '명동', '서현', '마곡']",
            "3km이내백화점수":1,
            "5km이내아울렛몰수":1,
            "1km이내대형먀트수":2,
            "500m이내은행수":3,
            "500m이내병원수":0,
            "5km이내대형병원수":11,
            "500m이내공원수":2,
            "3km이내혐오시설수":1,
            "초등학교학업성취도":90.0,
            "중학교학업성취도":78.5,
            "용적률":285,
            "건폐율":20,
            "Y":37.568831,
            "X":127.043633,
            "rank":37.0,
            "area_info":"23평(76.37), 32평(106.6), 32평(106.37)",
            "last_sales":"2021-01-23,105000.0,32평(106.37)",
            "rank_history":[
                [
                    "202203",
                    37
                ],
                [
                    "202202",
                    38
                ],
                [
                    "202201",
                    44
                ]
            ],
            "rank_gap":1
        },
        {
            "index":170,
            "아파트명":"신명스카이뷰",
            "투자타입":"일반",
            "전용면적(m2)":"107.62",
            "전용면적(평)":"32평",
            "법정동주소":"서울시 성동구 마장동 830",
            "도로명주소":"서울시 성동구 마장로 258",
            "세대수":0,
            "입주년차":40,
            "용적률점수":"--",
            "건폐율점수":"--",
            "세대당주차수":30,
            "난방방식":30,
            "공급면적":"--",
            "전용률":"--",
            "욕실수":100,
            "현관타입":100,
            "주거총점":35.5,
            "지역구공급총점":100.0,
            "역세권":80,
            "30분내 이동가능 거점":80,
            "1시간내 이동가능 거점":100,
            "교통총점":84.0,
            "백화점":100,
            "아울렛몰":80,
            "대형마트":80,
            "은행":100,
            "병원":0,
            "종합병원":100,
            "공원":100,
            "혐오시설":-50,
            "인프라총점":82.0,
            "초등학군":89.97,
            "중학군":46.98,
            "학군총점":55.578,
            "인구수":32.17,
            "인구증감":-14.67,
            "인구총점":18.118,
            "일자리":21.83,
            "소득수준":63.3,
            "일자리총점":34.271,
            "가치 총점":69.4367,
            "매매실거래년":20210713.0,
            "매매실거래가":105500.0,
            "전세실거래년":20210708.0,
            "전세실거래가":65000.0,
            "전세가율":61.61,
            "장기전세가율평균":67.55,
            "전세가율거품지수":5.94,
            "검색코드":18972,
            "세대수":52.0,
            "준공년월":"2005-12-27",
            "준공년차":18.0,
            "가까운역이름":"마장",
            "가까운역거리":431.47,
            "역세권여부":"역세권",
            "30분이내주요거점역":4,
            "30분거점역이름":"['역삼', '을지로3가', '왕십리', '명동']",
            "1시간이내주요거점역":16,
            "1시간거점역이름":"['강남', '역삼', '잠실', '판교', '여의도', '을지로3가', '양재', '정자', '가산디지털단지', '왕십리', '홍대입구', '구로디지털단지', '명동', '서현', 'GTX성남(2023년)', 'GTX동탄(2023년)']",
            "3km이내백화점수":1,
            "5km이내아울렛몰수":1,
            "1km이내대형먀트수":1,
            "500m이내은행수":5,
            "500m이내병원수":0,
            "5km이내대형병원수":12,
            "500m이내공원수":2,
            "3km이내혐오시설수":1,
            "초등학교학업성취도":89.97,
            "중학교학업성취도":76.9,
            "용적률":249,
            "건폐율":33,
            "Y":37.565417,
            "X":127.038175,
            "rank":38.0,
            "area_info":"32평(107.62)",
            "last_sales":"2021-07-13,105500.0,32평(107.62)",
            "rank_history":[
                [
                    "202203",
                    38
                ],
                [
                    "202202",
                    9999
                ]
            ],
            "rank_gap":9999
        },
        {
            "index":207,
            "아파트명":"강변건영",
            "투자타입":"일반",
            "전용면적(m2)":"95.56",
            "전용면적(평)":"28평",
            "법정동주소":"서울시 성동구 성수동1가 710",
            "도로명주소":"서울시 성동구 왕십리로 36",
            "세대수":50,
            "입주년차":20,
            "용적률점수":"--",
            "건폐율점수":"--",
            "세대당주차수":30,
            "난방방식":30,
            "공급면적":"--",
            "전용률":"--",
            "욕실수":100,
            "현관타입":100,
            "주거총점":49.0,
            "지역구공급총점":100.0,
            "역세권":80,
            "30분내 이동가능 거점":80,
            "1시간내 이동가능 거점":100,
            "교통총점":84.0,
            "백화점":100,
            "아울렛몰":80,
            "대형마트":80,
            "은행":0,
            "병원":0,
            "종합병원":100,
            "공원":80,
            "혐오시설":0,
            "인프라총점":72.4,
            "초등학군":89.96,
            "중학군":48.2,
            "학군총점":56.552,
            "인구수":32.17,
            "인구증감":-14.67,
            "인구총점":18.118,
            "일자리":21.83,
            "소득수준":63.3,
            "일자리총점":34.271,
            "가치 총점":69.4028,
            "매매실거래년":20211124.0,
            "매매실거래가":179500.0,
            "전세실거래년":20220128.0,
            "전세실거래가":60900.0,
            "전세가율":30.53,
            "장기전세가율평균":67.55,
            "전세가율거품지수":37.02,
            "검색코드":3418,
            "세대수":580.0,
            "준공년월":"2002-02-19",
            "준공년차":21.0,
            "가까운역이름":"서울숲",
            "가까운역거리":378.67,
            "역세권여부":"역세권",
            "30분이내주요거점역":4,
            "30분거점역이름":"['강남', '역삼', '을지로3가', '왕십리']",
            "1시간이내주요거점역":16,
            "1시간거점역이름":"['강남', '역삼', '잠실', '판교', '여의도', '을지로3가', '양재', '정자', '가산디지털단지', '왕십리', '홍대입구', '구로디지털단지', '명동', '서현', 'GTX성남(2023년)', 'GTX동탄(2023년)']",
            "3km이내백화점수":3,
            "5km이내아울렛몰수":1,
            "1km이내대형먀트수":1,
            "500m이내은행수":0,
            "500m이내병원수":0,
            "5km이내대형병원수":8,
            "500m이내공원수":1,
            "3km이내혐오시설수":0,
            "초등학교학업성취도":89.96,
            "중학교학업성취도":79.0,
            "용적률":301,
            "건폐율":20,
            "Y":37.540242,
            "X":127.04488,
            "rank":39.0,
            "area_info":"28평(95.56), 33평(109.84), 33평(109.82)",
            "last_sales":"2021-11-24,179500.0,33평(109.82)",
            "rank_history":[
                [
                    "202203",
                    39
                ],
                [
                    "202202",
                    57
                ],
                [
                    "202201",
                    70
                ]
            ],
            "rank_gap":18
        },
        {
            "index":135,
            "아파트명":"대성유니드",
            "투자타입":"일반",
            "전용면적(m2)":"77.27",
            "전용면적(평)":"23평",
            "법정동주소":"서울시 성동구 마장동 825",
            "도로명주소":"서울시 성동구 마장로37길 7",
            "세대수":0,
            "입주년차":40,
            "용적률점수":"--",
            "건폐율점수":"--",
            "세대당주차수":30,
            "난방방식":30,
            "공급면적":"--",
            "전용률":"--",
            "욕실수":100,
            "현관타입":100,
            "주거총점":35.5,
            "지역구공급총점":100.0,
            "역세권":80,
            "30분내 이동가능 거점":80,
            "1시간내 이동가능 거점":100,
            "교통총점":84.0,
            "백화점":100,
            "아울렛몰":80,
            "대형마트":100,
            "은행":70,
            "병원":0,
            "종합병원":100,
            "공원":80,
            "혐오시설":-50,
            "인프라총점":81.4,
            "초등학군":89.97,
            "중학군":47.42,
            "학군총점":55.93,
            "인구수":32.17,
            "인구증감":-14.67,
            "인구총점":18.118,
            "일자리":21.83,
            "소득수준":63.3,
            "일자리총점":34.271,
            "가치 총점":69.3095,
            "매매실거래년":20210912.0,
            "매매실거래가":106000.0,
            "전세실거래년":20220108.0,
            "전세실거래가":54000.0,
            "전세가율":50.94,
            "장기전세가율평균":67.55,
            "전세가율거품지수":16.61,
            "검색코드":10898,
            "세대수":248.0,
            "준공년월":"2004-11-30",
            "준공년차":19.0,
            "가까운역이름":"마장",
            "가까운역거리":418.05,
            "역세권여부":"역세권",
            "30분이내주요거점역":4,
            "30분거점역이름":"['역삼', '을지로3가', '왕십리', '명동']",
            "1시간이내주요거점역":15,
            "1시간거점역이름":"['강남', '역삼', '잠실', '판교', '여의도', '을지로3가', '양재', '정자', '가산디지털단지', '왕십리', '홍대입구', '구로디지털단지', '명동', '서현', 'GTX동탄(2023년)']",
            "3km이내백화점수":1,
            "5km이내아울렛몰수":1,
            "1km이내대형먀트수":2,
            "500m이내은행수":3,
            "500m이내병원수":0,
            "5km이내대형병원수":12,
            "500m이내공원수":1,
            "3km이내혐오시설수":1,
            "초등학교학업성취도":89.97,
            "중학교학업성취도":78.5,
            "용적률":241,
            "건폐율":15,
            "Y":37.56704,
            "X":127.03838,
            "rank":40.0,
            "area_info":"23평(77.27), 31평(104.61), 40평(134.9)",
            "last_sales":"2021-09-12,106000.0,23평(77.27)",
            "rank_history":[
                [
                    "202203",
                    40
                ],
                [
                    "202202",
                    42
                ],
                [
                    "202201",
                    43
                ]
            ],
            "rank_gap":2
        },
        {
            "index":141,
            "아파트명":"마장현대",
            "투자타입":"일반",
            "전용면적(m2)":"81.77",
            "전용면적(평)":"24평",
            "법정동주소":"서울시 성동구 마장동 818",
            "도로명주소":"서울시 성동구 살곶이길 50",
            "세대수":90,
            "입주년차":0,
            "용적률점수":"--",
            "건폐율점수":"--",
            "세대당주차수":30,
            "난방방식":30,
            "공급면적":"--",
            "전용률":"--",
            "욕실수":50,
            "현관타입":10,
            "주거총점":45.0,
            "지역구공급총점":100.0,
            "역세권":80,
            "30분내 이동가능 거점":60,
            "1시간내 이동가능 거점":100,
            "교통총점":78.0,
            "백화점":100,
            "아울렛몰":80,
            "대형마트":100,
            "은행":70,
            "병원":0,
            "종합병원":100,
            "공원":100,
            "혐오시설":-50,
            "인프라총점":82.0,
            "초등학군":90.0,
            "중학군":47.42,
            "학군총점":55.936,
            "인구수":32.17,
            "인구증감":-14.67,
            "인구총점":18.118,
            "일자리":21.83,
            "소득수준":63.3,
            "일자리총점":34.271,
            "가치 총점":69.2904,
            "매매실거래년":20211129.0,
            "매매실거래가":147000.0,
            "전세실거래년":20220223.0,
            "전세실거래가":55000.0,
            "전세가율":56.12,
            "장기전세가율평균":67.55,
            "전세가율거품지수":11.43,
            "검색코드":877,
            "세대수":1017.0,
            "준공년월":"1998-04-14",
            "준공년차":25.0,
            "가까운역이름":"신답",
            "가까운역거리":408.14,
            "역세권여부":"역세권",
            "30분이내주요거점역":3,
            "30분거점역이름":"['을지로3가', '왕십리', '명동']",
            "1시간이내주요거점역":12,
            "1시간거점역이름":"['강남', '역삼', '잠실', '판교', '여의도', '을지로3가', '양재', '왕십리', '홍대입구', '구로디지털단지', '명동', '서현']",
            "3km이내백화점수":1,
            "5km이내아울렛몰수":1,
            "1km이내대형먀트수":2,
            "500m이내은행수":3,
            "500m이내병원수":0,
            "5km이내대형병원수":11,
            "500m이내공원수":2,
            "3km이내혐오시설수":1,
            "초등학교학업성취도":90.0,
            "중학교학업성취도":78.5,
            "용적률":334,
            "건폐율":20,
            "Y":37.569966,
            "X":127.042452,
            "rank":41.0,
            "area_info":"24평(81.77), 24평(81.92), 32평(108.11), 49평(162.31), 61평(203.48)",
            "last_sales":"2021-11-29,147000.0,49평(162.31)",
            "rank_history":[
                [
                    "202203",
                    41
                ],
                [
                    "202202",
                    23
                ],
                [
                    "202201",
                    26
                ]
            ],
            "rank_gap":-18
        },
        {
            "index":115,
            "아파트명":"에코하우스(도시형)",
            "투자타입":"일반",
            "전용면적(m2)":"17.48",
            "전용면적(평)":"5평",
            "법정동주소":"서울시 성동구 도선동 329-1",
            "도로명주소":"서울시 성동구 무학로6길 18-1",
            "세대수":0,
            "입주년차":60,
            "용적률점수":"--",
            "건폐율점수":"--",
            "세대당주차수":0,
            "난방방식":30,
            "공급면적":"--",
            "전용률":"--",
            "욕실수":50,
            "현관타입":100,
            "주거총점":30.0,
            "지역구공급총점":100.0,
            "역세권":80,
            "30분내 이동가능 거점":100,
            "1시간내 이동가능 거점":100,
            "교통총점":90.0,
            "백화점":100,
            "아울렛몰":80,
            "대형마트":100,
            "은행":20,
            "병원":0,
            "종합병원":100,
            "공원":100,
            "혐오시설":0,
            "인프라총점":78.0,
            "초등학군":90.0,
            "중학군":46.98,
            "학군총점":55.584,
            "인구수":32.17,
            "인구증감":-14.67,
            "인구총점":18.118,
            "일자리":21.83,
            "소득수준":63.3,
            "일자리총점":34.271,
            "가치 총점":69.2376,
            "매매실거래년":"18000101",
            "매매실거래가":null,
            "전세실거래년":null,
            "전세실거래가":null,
            "전세가율":null,
            "장기전세가율평균":67.55,
            "전세가율거품지수":null,
            "검색코드":112241,
            "세대수":56.0,
            "준공년월":"2011-06-30",
            "준공년차":12.0,
            "가까운역이름":"상왕십리",
            "가까운역거리":266.56,
            "역세권여부":"역세권",
            "30분이내주요거점역":5,
            "30분거점역이름":"['역삼', '을지로3가', '왕십리', '홍대입구', '명동']",
            "1시간이내주요거점역":17,
            "1시간거점역이름":"['강남', '역삼', '잠실', '판교', '여의도', '을지로3가', '양재', '평촌', '가산디지털단지', '왕십리', '홍대입구', '구로디지털단지', '명동', '서현', '마곡', 'GTX킨텍스(2023년)', 'GTX동탄(2023년)']",
            "3km이내백화점수":1,
            "5km이내아울렛몰수":1,
            "1km이내대형먀트수":2,
            "500m이내은행수":2,
            "500m이내병원수":0,
            "5km이내대형병원수":11,
            "500m이내공원수":4,
            "3km이내혐오시설수":0,
            "초등학교학업성취도":90.0,
            "중학교학업성취도":76.9,
            "용적률":0,
            "건폐율":0,
            "Y":37.565062,
            "X":127.032192,
            "rank":42.0,
            "area_info":"5평(17.48), 5평(17.4), 5평(17.42), 5평(17.21), 5평(17.24), 5평(17.52), 5평(17.33), 5평(17.37), 5평(17.71), 5평(17.47), 5평(17.83), 5평(17.77), 5평(17.96)",
            "last_sales":"1800-01-01,nan,5평(17.48)",
            "rank_history":[
                [
                    "202203",
                    42
                ],
                [
                    "202202",
                    9999
                ]
            ],
            "rank_gap":9999
        },
        {
            "index":43,
            "아파트명":"금호1차푸르지오",
            "투자타입":"일반",
            "전용면적(m2)":"78.7",
            "전용면적(평)":"23평",
            "법정동주소":"서울시 성동구 금호동3가 917",
            "도로명주소":"서울시 성동구 금호산8길 5",
            "세대수":30,
            "입주년차":40,
            "용적률점수":"--",
            "건폐율점수":"--",
            "세대당주차수":30,
            "난방방식":30,
            "공급면적":"--",
            "전용률":"--",
            "욕실수":50,
            "현관타입":100,
            "주거총점":41.0,
            "지역구공급총점":100.0,
            "역세권":80,
            "30분내 이동가능 거점":100,
            "1시간내 이동가능 거점":100,
            "교통총점":90.0,
            "백화점":100,
            "아울렛몰":100,
            "대형마트":0,
            "은행":70,
            "병원":0,
            "종합병원":100,
            "공원":100,
            "혐오시설":0,
            "인프라총점":70.0,
            "초등학군":89.97,
            "중학군":48.12,
            "학군총점":56.49,
            "인구수":32.17,
            "인구증감":-14.67,
            "인구총점":18.118,
            "일자리":21.83,
            "소득수준":63.3,
            "일자리총점":34.271,
            "가치 총점":69.1735,
            "매매실거래년":20211227.0,
            "매매실거래가":100000.0,
            "전세실거래년":20211228.0,
            "전세실거래가":52500.0,
            "전세가율":52.5,
            "장기전세가율평균":67.55,
            "전세가율거품지수":15.05,
            "검색코드":10316,
            "세대수":336.0,
            "준공년월":"2005-05-31",
            "준공년차":18.0,
            "가까운역이름":"금호",
            "가까운역거리":479.43,
            "역세권여부":"역세권",
            "30분이내주요거점역":5,
            "30분거점역이름":"['역삼', '을지로3가', '양재', '왕십리', '명동']",
            "1시간이내주요거점역":15,
            "1시간거점역이름":"['강남', '역삼', '잠실', '판교', '여의도', '을지로3가', '양재', '정자', '가산디지털단지', '왕십리', '홍대입구', '구로디지털단지', '명동', '마곡', 'GTX성남(2023년)']",
            "3km이내백화점수":2,
            "5km이내아울렛몰수":2,
            "1km이내대형먀트수":0,
            "500m이내은행수":3,
            "500m이내병원수":0,
            "5km이내대형병원수":10,
            "500m이내공원수":5,
            "3km이내혐오시설수":0,
            "초등학교학업성취도":89.97,
            "중학교학업성취도":80.2,
            "용적률":192,
            "건폐율":18,
            "Y":37.549741,
            "X":127.020937,
            "rank":43.0,
            "area_info":"23평(78.7), 31평(102.79), 40평(133.86), 40평(135.33)",
            "last_sales":"2021-12-27,100000.0,23평(78.7)",
            "rank_history":[
                [
                    "202203",
                    43
                ],
                [
                    "202202",
                    40
                ],
                [
                    "202201",
                    35
                ]
            ],
            "rank_gap":-3
        },
        {
            "index":636,
            "아파트명":"텐즈힐1",
            "투자타입":"일반",
            "전용면적(m2)":"83.91",
            "전용면적(평)":"25평",
            "법정동주소":"서울시 성동구 하왕십리동 1066",
            "도로명주소":"서울시 성동구 무학로 33",
            "세대수":100,
            "입주년차":80,
            "용적률점수":"--",
            "건폐율점수":"--",
            "세대당주차수":60,
            "난방방식":30,
            "공급면적":"--",
            "전용률":"--",
            "욕실수":100,
            "현관타입":100,
            "주거총점":83.0,
            "지역구공급총점":100.0,
            "역세권":50,
            "30분내 이동가능 거점":60,
            "1시간내 이동가능 거점":100,
            "교통총점":63.0,
            "백화점":100,
            "아울렛몰":80,
            "대형마트":80,
            "은행":0,
            "병원":0,
            "종합병원":100,
            "공원":100,
            "혐오시설":0,
            "인프라총점":73.0,
            "초등학군":89.97,
            "중학군":48.22,
            "학군총점":56.57,
            "인구수":32.17,
            "인구증감":-14.67,
            "인구총점":18.118,
            "일자리":21.83,
            "소득수준":63.3,
            "일자리총점":34.271,
            "가치 총점":69.0355,
            "매매실거래년":20220103.0,
            "매매실거래가":230000.0,
            "전세실거래년":20220123.0,
            "전세실거래가":75000.0,
            "전세가율":53.57,
            "장기전세가율평균":67.55,
            "전세가율거품지수":13.98,
            "검색코드":107240,
            "세대수":1702.0,
            "준공년월":"2015-04-24",
            "준공년차":8.0,
            "가까운역이름":"상왕십리",
            "가까운역거리":504.7,
            "역세권여부":"준역세권",
            "30분이내주요거점역":3,
            "30분거점역이름":"['을지로3가', '왕십리', '명동']",
            "1시간이내주요거점역":12,
            "1시간거점역이름":"['강남', '역삼', '잠실', '판교', '여의도', '을지로3가', '양재', '가산디지털단지', '왕십리', '홍대입구', '구로디지털단지', '명동']",
            "3km이내백화점수":1,
            "5km이내아울렛몰수":1,
            "1km이내대형먀트수":1,
            "500m이내은행수":1,
            "500m이내병원수":0,
            "5km이내대형병원수":11,
            "500m이내공원수":7,
            "3km이내혐오시설수":0,
            "초등학교학업성취도":89.97,
            "중학교학업성취도":79.3,
            "용적률":224,
            "건폐율":21,
            "Y":37.568901,
            "X":127.028239,
            "rank":44.0,
            "area_info":"25평(83.91), 25평(84.87), 30평(100.25), 32평(107.21), 33평(110.52), 33평(110.66), 33평(111.3), 48평(160.11), 53평(176.36), 54평(179.28)",
            "last_sales":"2022-01-03,230000.0,48평(160.11)",
            "rank_history":[
                [
                    "202203",
                    44
                ],
                [
                    "202202",
                    27
                ],
                [
                    "202201",
                    28
                ]
            ],
            "rank_gap":-17
        },
        {
            "index":149,
            "아파트명":"삼성홈타운(도시형)",
            "투자타입":"일반",
            "전용면적(m2)":"22.76",
            "전용면적(평)":"6평",
            "법정동주소":"서울시 성동구 마장동 834",
            "도로명주소":"서울시 성동구 마조로15길 23",
            "세대수":0,
            "입주년차":80,
            "용적률점수":"--",
            "건폐율점수":"--",
            "세대당주차수":0,
            "난방방식":30,
            "공급면적":"--",
            "전용률":"--",
            "욕실수":50,
            "현관타입":10,
            "주거총점":25.0,
            "지역구공급총점":100.0,
            "역세권":80,
            "30분내 이동가능 거점":100,
            "1시간내 이동가능 거점":100,
            "교통총점":90.0,
            "백화점":100,
            "아울렛몰":80,
            "대형마트":80,
            "은행":70,
            "병원":0,
            "종합병원":100,
            "공원":100,
            "혐오시설":0,
            "인프라총점":80.0,
            "초등학군":90.0,
            "중학군":46.98,
            "학군총점":55.584,
            "인구수":32.17,
            "인구증감":-14.67,
            "인구총점":18.118,
            "일자리":21.83,
            "소득수준":63.3,
            "일자리총점":34.271,
            "가치 총점":68.8376,
            "매매실거래년":20190909.0,
            "매매실거래가":25500.0,
            "전세실거래년":null,
            "전세실거래가":null,
            "전세가율":null,
            "장기전세가율평균":67.55,
            "전세가율거품지수":null,
            "검색코드":112462,
            "세대수":123.0,
            "준공년월":"2015-03-12",
            "준공년차":8.0,
            "가까운역이름":"왕십리",
            "가까운역거리":328.73,
            "역세권여부":"역세권",
            "30분이내주요거점역":6,
            "30분거점역이름":"['강남', '역삼', '잠실', '을지로3가', '왕십리', '명동']",
            "1시간이내주요거점역":18,
            "1시간거점역이름":"['강남', '역삼', '잠실', '판교', '여의도', '을지로3가', '양재', '정자', '가산디지털단지', '왕십리', '홍대입구', '구로디지털단지', '명동', '서현', '마곡', 'GTX킨텍스(2023년)', 'GTX성남(2023년)', 'GTX동탄(2023년)']",
            "3km이내백화점수":1,
            "5km이내아울렛몰수":1,
            "1km이내대형먀트수":1,
            "500m이내은행수":3,
            "500m이내병원수":0,
            "5km이내대형병원수":12,
            "500m이내공원수":2,
            "3km이내혐오시설수":0,
            "초등학교학업성취도":90.0,
            "중학교학업성취도":76.9,
            "용적률":197,
            "건폐율":44,
            "Y":37.563586,
            "X":127.039093,
            "rank":45.0,
            "area_info":"6평(22.76), 7평(23.61), 7평(23.58), 7평(24.1), 7평(26.25), 8평(26.75), 8평(28.36), 8평(29.74), 9평(30.24), 9평(30.58), 9평(32.12), 11평(38.51), 11평(38.81), 11평(38.83), 13평(45.11), 14평(46.61), 15평(50.12), 17평(59.48)",
            "last_sales":"2019-09-09,25500.0,11평(38.81)",
            "rank_history":[
                [
                    "202203",
                    45
                ],
                [
                    "202202",
                    43
                ],
                [
                    "202201",
                    41
                ]
            ],
            "rank_gap":-2
        },
        {
            "index":108,
            "아파트명":"성동삼성쉐르빌",
            "투자타입":"일반",
            "전용면적(m2)":"89.63",
            "전용면적(평)":"27평",
            "법정동주소":"서울시 성동구 도선동 69",
            "도로명주소":"서울시 성동구 무학로6길 50",
            "세대수":30,
            "입주년차":40,
            "용적률점수":"--",
            "건폐율점수":"--",
            "세대당주차수":60,
            "난방방식":30,
            "공급면적":"--",
            "전용률":"--",
            "욕실수":100,
            "현관타입":100,
            "주거총점":50.5,
            "지역구공급총점":100.0,
            "역세권":50,
            "30분내 이동가능 거점":100,
            "1시간내 이동가능 거점":100,
            "교통총점":75.0,
            "백화점":100,
            "아울렛몰":80,
            "대형마트":80,
            "은행":70,
            "병원":0,
            "종합병원":100,
            "공원":100,
            "혐오시설":0,
            "인프라총점":80.0,
            "초등학군":90.0,
            "중학군":46.98,
            "학군총점":55.584,
            "인구수":32.17,
            "인구증감":-14.67,
            "인구총점":18.118,
            "일자리":21.83,
            "소득수준":63.3,
            "일자리총점":34.271,
            "가치 총점":68.6876,
            "매매실거래년":20220125.0,
            "매매실거래가":108500.0,
            "전세실거래년":20210730.0,
            "전세실거래가":40000.0,
            "전세가율":45.61,
            "장기전세가율평균":67.55,
            "전세가율거품지수":21.94,
            "검색코드":22725,
            "세대수":342.0,
            "준공년월":"2006-09-13",
            "준공년차":17.0,
            "가까운역이름":"상왕십리",
            "가까운역거리":504.48,
            "역세권여부":"준역세권",
            "30분이내주요거점역":5,
            "30분거점역이름":"['강남', '역삼', '을지로3가', '왕십리', '명동']",
            "1시간이내주요거점역":17,
            "1시간거점역이름":"['강남', '역삼', '잠실', '판교', '여의도', '을지로3가', '양재', '정자', '가산디지털단지', '왕십리', '홍대입구', '구로디지털단지', '명동', '서현', '마곡', 'GTX성남(2023년)', 'GTX동탄(2023년)']",
            "3km이내백화점수":1,
            "5km이내아울렛몰수":1,
            "1km이내대형먀트수":1,
            "500m이내은행수":3,
            "500m이내병원수":0,
            "5km이내대형병원수":12,
            "500m이내공원수":2,
            "3km이내혐오시설수":0,
            "초등학교학업성취도":90.0,
            "중학교학업성취도":76.9,
            "용적률":535,
            "건폐율":53,
            "Y":37.564436,
            "X":127.034996,
            "rank":46.0,
            "area_info":"27평(89.63), 32평(106.7), 32평(106.46), 32평(106.78), 32평(106.79), 32평(106.7), 32평(106.68)",
            "last_sales":"2022-01-25,108500.0,32평(106.68)",
            "rank_history":[
                [
                    "202203",
                    46
                ],
                [
                    "202202",
                    16
                ],
                [
                    "202201",
                    13
                ]
            ],
            "rank_gap":-30
        },
        {
            "index":197,
            "아파트명":"텐즈힐2",
            "투자타입":"일반",
            "전용면적(m2)":"80.9",
            "전용면적(평)":"24평",
            "법정동주소":"서울시 성동구 상왕십리동 811",
            "도로명주소":"서울시 성동구 마장로 137",
            "세대수":90,
            "입주년차":80,
            "용적률점수":"--",
            "건폐율점수":"--",
            "세대당주차수":30,
            "난방방식":30,
            "공급면적":"--",
            "전용률":"--",
            "욕실수":50,
            "현관타입":100,
            "주거총점":70.0,
            "지역구공급총점":100.0,
            "역세권":50,
            "30분내 이동가능 거점":60,
            "1시간내 이동가능 거점":100,
            "교통총점":63.0,
            "백화점":100,
            "아울렛몰":80,
            "대형마트":80,
            "은행":70,
            "병원":0,
            "종합병원":100,
            "공원":100,
            "혐오시설":0,
            "인프라총점":80.0,
            "초등학군":89.97,
            "중학군":48.22,
            "학군총점":56.57,
            "인구수":32.17,
            "인구증감":-14.67,
            "인구총점":18.118,
            "일자리":21.83,
            "소득수준":63.3,
            "일자리총점":34.271,
            "가치 총점":68.5355,
            "매매실거래년":20220208.0,
            "매매실거래가":169000.0,
            "전세실거래년":20210930.0,
            "전세실거래가":54600.0,
            "전세가율":45.5,
            "장기전세가율평균":67.55,
            "전세가율거품지수":22.05,
            "검색코드":104190,
            "세대수":1148.0,
            "준공년월":"2014-06-26",
            "준공년차":9.0,
            "가까운역이름":"신당",
            "가까운역거리":616.55,
            "역세권여부":"준역세권",
            "30분이내주요거점역":3,
            "30분거점역이름":"['을지로3가', '왕십리', '명동']",
            "1시간이내주요거점역":12,
            "1시간거점역이름":"['강남', '역삼', '잠실', '판교', '여의도', '을지로3가', '양재', '가산디지털단지', '왕십리', '홍대입구', '구로디지털단지', '명동']",
            "3km이내백화점수":1,
            "5km이내아울렛몰수":1,
            "1km이내대형먀트수":1,
            "500m이내은행수":3,
            "500m이내병원수":0,
            "5km이내대형병원수":10,
            "500m이내공원수":6,
            "3km이내혐오시설수":0,
            "초등학교학업성취도":89.97,
            "중학교학업성취도":79.3,
            "용적률":246,
            "건폐율":34,
            "Y":37.569258,
            "X":127.024814,
            "rank":47.0,
            "area_info":"24평(80.9), 26평(86.3), 26평(86.29), 32평(106.7), 32평(107.1), 33평(109.93), 33평(111.53), 46평(155.15), 48평(159.92), 59평(195.24)",
            "last_sales":"2022-02-08,169000.0,33평(109.93)",
            "rank_history":[
                [
                    "202203",
                    47
                ],
                [
                    "202202",
                    31
                ],
                [
                    "202201",
                    34
                ]
            ],
            "rank_gap":-16
        },
        {
            "index":345,
            "아파트명":"서울숲금강아미움",
            "투자타입":"일반",
            "전용면적(m2)":"83.23",
            "전용면적(평)":"25평",
            "법정동주소":"서울시 성동구 성수동2가 836",
            "도로명주소":"서울시 성동구 아차산로9길 34",
            "세대수":0,
            "입주년차":40,
            "용적률점수":"--",
            "건폐율점수":"--",
            "세대당주차수":30,
            "난방방식":30,
            "공급면적":"--",
            "전용률":"--",
            "욕실수":100,
            "현관타입":100,
            "주거총점":35.5,
            "지역구공급총점":100.0,
            "역세권":80,
            "30분내 이동가능 거점":100,
            "1시간내 이동가능 거점":100,
            "교통총점":90.0,
            "백화점":100,
            "아울렛몰":0,
            "대형마트":80,
            "은행":100,
            "병원":0,
            "종합병원":100,
            "공원":100,
            "혐오시설":-50,
            "인프라총점":74.0,
            "초등학군":89.98,
            "중학군":41.92,
            "학군총점":51.532,
            "인구수":32.17,
            "인구증감":-14.67,
            "인구총점":18.118,
            "일자리":21.83,
            "소득수준":63.3,
            "일자리총점":34.271,
            "가치 총점":68.5298,
            "매매실거래년":20210827.0,
            "매매실거래가":111000.0,
            "전세실거래년":20171113.0,
            "전세실거래가":8000.0,
            "전세가율":10.67,
            "장기전세가율평균":67.55,
            "전세가율거품지수":56.88,
            "검색코드":11485,
            "세대수":130.0,
            "준공년월":"2004-03-30",
            "준공년차":19.0,
            "가까운역이름":"성수",
            "가까운역거리":390.9,
            "역세권여부":"역세권",
            "30분이내주요거점역":5,
            "30분거점역이름":"['역삼', '잠실', '을지로3가', '왕십리', '명동']",
            "1시간이내주요거점역":13,
            "1시간거점역이름":"['강남', '역삼', '잠실', '판교', '여의도', '을지로3가', '양재', '정자', '가산디지털단지', '왕십리', '홍대입구', '구로디지털단지', '명동']",
            "3km이내백화점수":2,
            "5km이내아울렛몰수":0,
            "1km이내대형먀트수":1,
            "500m이내은행수":9,
            "500m이내병원수":0,
            "5km이내대형병원수":9,
            "500m이내공원수":2,
            "3km이내혐오시설수":1,
            "초등학교학업성취도":89.98,
            "중학교학업성취도":68.6,
            "용적률":250,
            "건폐율":28,
            "Y":37.546587,
            "X":127.059715,
            "rank":48.0,
            "area_info":"25평(83.23), 30평(99.98), 30평(99.96), 30평(100.14)",
            "last_sales":"2021-08-27,111000.0,30평(100.14)",
            "rank_history":[
                [
                    "202203",
                    48
                ],
                [
                    "202202",
                    44
                ],
                [
                    "202201",
                    46
                ]
            ],
            "rank_gap":-4
        },
        {
            "index":661,
            "아파트명":"두산위브",
            "투자타입":"일반",
            "전용면적(m2)":"82.55",
            "전용면적(평)":"24평",
            "법정동주소":"서울시 성동구 행당동 375",
            "도로명주소":"서울시 성동구 행당로8길 8",
            "세대수":50,
            "입주년차":60,
            "용적률점수":"--",
            "건폐율점수":"--",
            "세대당주차수":30,
            "난방방식":30,
            "공급면적":"--",
            "전용률":"--",
            "욕실수":100,
            "현관타입":100,
            "주거총점":57.0,
            "지역구공급총점":100.0,
            "역세권":80,
            "30분내 이동가능 거점":100,
            "1시간내 이동가능 거점":100,
            "교통총점":90.0,
            "백화점":0,
            "아울렛몰":80,
            "대형마트":100,
            "은행":100,
            "병원":0,
            "종합병원":100,
            "공원":100,
            "혐오시설":0,
            "인프라총점":56.0,
            "초등학군":89.99,
            "중학군":49.8,
            "학군총점":57.838,
            "인구수":32.17,
            "인구증감":-14.67,
            "인구총점":18.118,
            "일자리":21.83,
            "소득수준":63.3,
            "일자리총점":34.271,
            "가치 총점":68.3757,
            "매매실거래년":20220214.0,
            "매매실거래가":129900.0,
            "전세실거래년":20220207.0,
            "전세실거래가":56700.0,
            "전세가율":43.62,
            "장기전세가율평균":67.55,
            "전세가율거품지수":23.93,
            "검색코드":26215,
            "세대수":465.0,
            "준공년월":"2009-12-01",
            "준공년차":14.0,
            "가까운역이름":"행당",
            "가까운역거리":259.76,
            "역세권여부":"역세권",
            "30분이내주요거점역":5,
            "30분거점역이름":"['강남', '역삼', '을지로3가', '왕십리', '명동']",
            "1시간이내주요거점역":16,
            "1시간거점역이름":"['강남', '역삼', '잠실', '판교', '여의도', '을지로3가', '양재', '정자', '평촌', '가산디지털단지', '왕십리', '홍대입구', '구로디지털단지', '명동', '서현', '마곡']",
            "3km이내백화점수":0,
            "5km이내아울렛몰수":1,
            "1km이내대형먀트수":2,
            "500m이내은행수":5,
            "500m이내병원수":0,
            "5km이내대형병원수":11,
            "500m이내공원수":4,
            "3km이내혐오시설수":0,
            "초등학교학업성취도":89.99,
            "중학교학업성취도":80.6,
            "용적률":231,
            "건폐율":22,
            "Y":37.55643,
            "X":127.032213,
            "rank":49.0,
            "area_info":"24평(82.55), 29평(99.14), 32평(107.62), 33평(110.6), 43평(143.33)",
            "last_sales":"2022-02-14,129900.0,33평(110.6)",
            "rank_history":[
                [
                    "202203",
                    49
                ],
                [
                    "202202",
                    47
                ],
                [
                    "202201",
                    3
                ]
            ],
            "rank_gap":-2
        },
        {
            "index":210,
            "아파트명":"갤러리아포레",
            "투자타입":"일반",
            "전용면적(m2)":"231.99",
            "전용면적(평)":"70평",
            "법정동주소":"서울시 성동구 성수동1가 685-696",
            "도로명주소":"서울시 성동구 서울숲2길 32-14",
            "세대수":0,
            "입주년차":60,
            "용적률점수":"--",
            "건폐율점수":"--",
            "세대당주차수":100,
            "난방방식":30,
            "공급면적":"--",
            "전용률":"--",
            "욕실수":100,
            "현관타입":100,
            "주거총점":50.0,
            "지역구공급총점":100.0,
            "역세권":80,
            "30분내 이동가능 거점":100,
            "1시간내 이동가능 거점":100,
            "교통총점":90.0,
            "백화점":100,
            "아울렛몰":80,
            "대형마트":0,
            "은행":0,
            "병원":0,
            "종합병원":100,
            "공원":80,
            "혐오시설":0,
            "인프라총점":60.4,
            "초등학군":89.96,
            "중학군":49.44,
            "학군총점":57.544,
            "인구수":32.17,
            "인구증감":-14.67,
            "인구총점":18.118,
            "일자리":21.83,
            "소득수준":63.3,
            "일자리총점":34.271,
            "가치 총점":68.2516,
            "매매실거래년":20210623.0,
            "매매실거래가":650000.0,
            "전세실거래년":20210208.0,
            "전세실거래가":300000.0,
            "전세가율":81.08,
            "장기전세가율평균":67.55,
            "전세가율거품지수":-13.53,
            "검색코드":27620,
            "세대수":230.0,
            "준공년월":"2011-07-29",
            "준공년차":12.0,
            "가까운역이름":"서울숲",
            "가까운역거리":313.59,
            "역세권여부":"역세권",
            "30분이내주요거점역":6,
            "30분거점역이름":"['강남', '역삼', '잠실', '을지로3가', '왕십리', '명동']",
            "1시간이내주요거점역":17,
            "1시간거점역이름":"['강남', '역삼', '잠실', '판교', '여의도', '을지로3가', '양재', '정자', '평촌', '가산디지털단지', '왕십리', '홍대입구', '구로디지털단지', '명동', '서현', 'GTX성남(2023년)', 'GTX동탄(2023년)']",
            "3km이내백화점수":3,
            "5km이내아울렛몰수":1,
            "1km이내대형먀트수":0,
            "500m이내은행수":1,
            "500m이내병원수":0,
            "5km이내대형병원수":9,
            "500m이내공원수":1,
            "3km이내혐오시설수":0,
            "초등학교학업성취도":89.96,
            "중학교학업성취도":82.4,
            "용적률":399,
            "건폐율":41,
            "Y":37.545722,
            "X":127.042339,
            "rank":50.0,
            "area_info":"70평(231.99), 70평(232.59), 70평(232.15), 70평(232.48), 70평(232.59), 70평(232.54), 70평(233.32), 70평(233.33), 80평(266.75), 80평(266.35), 80평(266.58), 80평(266.42), 90평(297.69), 90평(297.86), 90평(297.59), 89평(297.48), 90평(297.94), 90평(297.92), 90평(298.81), 90평(298.23), 99평(329.46), 99평(329.44), 99평(329.58), 100평(332.87), 111평(369.51), 112평(371.8), 112평(371.48), 113평(375.32)",
            "last_sales":"2021-06-23,650000.0,99평(329.44)",
            "rank_history":[
                [
                    "202203",
                    50
                ],
                [
                    "202202",
                    45
                ],
                [
                    "202201",
                    60
                ]
            ],
            "rank_gap":-5
        },
        {
            "index":247,
            "아파트명":"서울숲대림",
            "투자타입":"일반",
            "전용면적(m2)":"83.25",
            "전용면적(평)":"25평",
            "법정동주소":"서울시 성동구 성수동1가 656-234",
            "도로명주소":"서울시 성동구 뚝섬로 311",
            "세대수":30,
            "입주년차":20,
            "용적률점수":"--",
            "건폐율점수":"--",
            "세대당주차수":30,
            "난방방식":30,
            "공급면적":"--",
            "전용률":"--",
            "욕실수":50,
            "현관타입":10,
            "주거총점":28.0,
            "지역구공급총점":100.0,
            "역세권":80,
            "30분내 이동가능 거점":100,
            "1시간내 이동가능 거점":100,
            "교통총점":90.0,
            "백화점":100,
            "아울렛몰":80,
            "대형마트":80,
            "은행":20,
            "병원":0,
            "종합병원":100,
            "공원":100,
            "혐오시설":0,
            "인프라총점":75.0,
            "초등학군":89.96,
            "중학군":48.2,
            "학군총점":56.552,
            "인구수":32.17,
            "인구증감":-14.67,
            "인구총점":18.118,
            "일자리":21.83,
            "소득수준":63.3,
            "일자리총점":34.271,
            "가치 총점":68.0828,
            "매매실거래년":20210830.0,
            "매매실거래가":145000.0,
            "전세실거래년":20220212.0,
            "전세실거래가":42000.0,
            "전세가율":28.97,
            "장기전세가율평균":67.55,
            "전세가율거품지수":38.58,
            "검색코드":3530,
            "세대수":372.0,
            "준공년월":"2000-10-27",
            "준공년차":23.0,
            "가까운역이름":"서울숲",
            "가까운역거리":189.68,
            "역세권여부":"역세권",
            "30분이내주요거점역":6,
            "30분거점역이름":"['강남', '역삼', '을지로3가', '양재', '왕십리', '명동']",
            "1시간이내주요거점역":17,
            "1시간거점역이름":"['강남', '역삼', '잠실', '판교', '여의도', '을지로3가', '양재', '정자', '평촌', '가산디지털단지', '왕십리', '홍대입구', '구로디지털단지', '명동', '서현', 'GTX성남(2023년)', 'GTX동탄(2023년)']",
            "3km이내백화점수":3,
            "5km이내아울렛몰수":1,
            "1km이내대형먀트수":1,
            "500m이내은행수":2,
            "500m이내병원수":0,
            "5km이내대형병원수":8,
            "500m이내공원수":2,
            "3km이내혐오시설수":0,
            "초등학교학업성취도":89.96,
            "중학교학업성취도":79.0,
            "용적률":281,
            "건폐율":27,
            "Y":37.541984,
            "X":127.045232,
            "rank":51.0,
            "area_info":"25평(83.25), 28평(94.22), 29평(98.5), 31평(102.61)",
            "last_sales":"2021-08-30,145000.0,25평(83.25)",
            "rank_history":[
                [
                    "202203",
                    51
                ],
                [
                    "202202",
                    51
                ],
                [
                    "202201",
                    52
                ]
            ],
            "rank_gap":0
        },
        {
            "index":649,
            "아파트명":"한신무학",
            "투자타입":"재건축",
            "전용면적(m2)":"74.15",
            "전용면적(평)":"22평",
            "법정동주소":"서울시 성동구 하왕십리동 990",
            "도로명주소":"서울시 성동구 왕십리로31나길 22",
            "세대수":50,
            "입주년차":"--",
            "용적률점수":0,
            "건폐율점수":0,
            "세대당주차수":"--",
            "난방방식":"--",
            "공급면적":50,
            "전용률":80,
            "욕실수":"--",
            "현관타입":"--",
            "주거총점":21.5,
            "지역구공급총점":100.0,
            "역세권":80,
            "30분내 이동가능 거점":100,
            "1시간내 이동가능 거점":100,
            "교통총점":90.0,
            "백화점":100,
            "아울렛몰":80,
            "대형마트":100,
            "은행":20,
            "병원":0,
            "종합병원":100,
            "공원":100,
            "혐오시설":0,
            "인프라총점":78.0,
            "초등학군":90.0,
            "중학군":49.8,
            "학군총점":57.84,
            "인구수":32.17,
            "인구증감":-14.67,
            "인구총점":18.118,
            "일자리":21.83,
            "소득수준":63.3,
            "일자리총점":34.271,
            "가치 총점":67.876,
            "매매실거래년":20210708.0,
            "매매실거래가":134000.0,
            "전세실거래년":20211006.0,
            "전세실거래가":37485.0,
            "전세가율":43.14,
            "장기전세가율평균":67.55,
            "전세가율거품지수":24.41,
            "검색코드":574,
            "세대수":480.0,
            "준공년월":"1989-03-30",
            "준공년차":34.0,
            "가까운역이름":"상왕십리",
            "가까운역거리":192.64,
            "역세권여부":"역세권",
            "30분이내주요거점역":5,
            "30분거점역이름":"['여의도', '을지로3가', '왕십리', '홍대입구', '명동']",
            "1시간이내주요거점역":16,
            "1시간거점역이름":"['강남', '역삼', '잠실', '판교', '여의도', '을지로3가', '양재', '평촌', '가산디지털단지', '왕십리', '홍대입구', '구로디지털단지', '명동', '서현', '마곡', 'GTX킨텍스(2023년)']",
            "3km이내백화점수":1,
            "5km이내아울렛몰수":1,
            "1km이내대형먀트수":2,
            "500m이내은행수":2,
            "500m이내병원수":0,
            "5km이내대형병원수":11,
            "500m이내공원수":5,
            "3km이내혐오시설수":0,
            "초등학교학업성취도":90.0,
            "중학교학업성취도":80.6,
            "용적률":0,
            "건폐율":0,
            "Y":37.56278,
            "X":127.028633,
            "rank":52.0,
            "area_info":"22평(74.15), 27평(90.29), 28평(93.73), 34평(113.41), 36평(119.1), 41평(136.03), 43평(143.51)",
            "last_sales":"2021-07-08,134000.0,41평(136.03)",
            "rank_history":[
                [
                    "202203",
                    52
                ],
                [
                    "202202",
                    59
                ],
                [
                    "202201",
                    62
                ]
            ],
            "rank_gap":7
        },
        {
            "index":430,
            "아파트명":"성수우성2차",
            "투자타입":"일반",
            "전용면적(m2)":"63.9",
            "전용면적(평)":"19평",
            "법정동주소":"서울시 성동구 성수동2가 837",
            "도로명주소":"서울시 성동구 성수이로16길 13",
            "세대수":0,
            "입주년차":40,
            "용적률점수":"--",
            "건폐율점수":"--",
            "세대당주차수":30,
            "난방방식":30,
            "공급면적":"--",
            "전용률":"--",
            "욕실수":50,
            "현관타입":100,
            "주거총점":30.5,
            "지역구공급총점":100.0,
            "역세권":80,
            "30분내 이동가능 거점":100,
            "1시간내 이동가능 거점":100,
            "교통총점":90.0,
            "백화점":100,
            "아울렛몰":0,
            "대형마트":80,
            "은행":100,
            "병원":0,
            "종합병원":100,
            "공원":100,
            "혐오시설":0,
            "인프라총점":75.0,
            "초등학군":89.99,
            "중학군":41.92,
            "학군총점":51.534,
            "인구수":32.17,
            "인구증감":-14.67,
            "인구총점":18.118,
            "일자리":21.83,
            "소득수준":63.3,
            "일자리총점":34.271,
            "가치 총점":67.8301,
            "매매실거래년":20210123.0,
            "매매실거래가":100000.0,
            "전세실거래년":null,
            "전세실거래가":null,
            "전세가율":null,
            "장기전세가율평균":67.55,
            "전세가율거품지수":null,
            "검색코드":27671,
            "세대수":52.0,
            "준공년월":"2006-04-06",
            "준공년차":17.0,
            "가까운역이름":"성수",
            "가까운역거리":442.85,
            "역세권여부":"역세권",
            "30분이내주요거점역":5,
            "30분거점역이름":"['역삼', '잠실', '을지로3가', '왕십리', '명동']",
            "1시간이내주요거점역":13,
            "1시간거점역이름":"['강남', '역삼', '잠실', '판교', '여의도', '을지로3가', '양재', '정자', '가산디지털단지', '왕십리', '홍대입구', '구로디지털단지', '명동']",
            "3km이내백화점수":2,
            "5km이내아울렛몰수":0,
            "1km이내대형먀트수":1,
            "500m이내은행수":11,
            "500m이내병원수":0,
            "5km이내대형병원수":8,
            "500m이내공원수":4,
            "3km이내혐오시설수":0,
            "초등학교학업성취도":89.99,
            "중학교학업성취도":68.6,
            "용적률":235,
            "건폐율":39,
            "Y":37.540971,
            "X":127.058167,
            "rank":53.0,
            "area_info":"19평(63.9), 26평(87.52), 28평(92.67), 30평(100.27), 31평(102.66), 31평(104.96), 31평(104.28), 31평(104.46), 40평(134.38)",
            "last_sales":"2021-01-23,100000.0,31평(104.46)",
            "rank_history":[
                [
                    "202203",
                    53
                ],
                [
                    "202202",
                    9999
                ]
            ],
            "rank_gap":9999
        },
        {
            "index":584,
            "아파트명":"금호베스트빌",
            "투자타입":"일반",
            "전용면적(m2)":"87.07",
            "전용면적(평)":"26평",
            "법정동주소":"서울시 성동구 하왕십리동 1052",
            "도로명주소":"서울시 성동구 난계로 114-31",
            "세대수":50,
            "입주년차":20,
            "용적률점수":"--",
            "건폐율점수":"--",
            "세대당주차수":30,
            "난방방식":30,
            "공급면적":"--",
            "전용률":"--",
            "욕실수":50,
            "현관타입":10,
            "주거총점":35.0,
            "지역구공급총점":100.0,
            "역세권":80,
            "30분내 이동가능 거점":80,
            "1시간내 이동가능 거점":100,
            "교통총점":84.0,
            "백화점":100,
            "아울렛몰":100,
            "대형마트":80,
            "은행":0,
            "병원":0,
            "종합병원":100,
            "공원":100,
            "혐오시설":0,
            "인프라총점":75.0,
            "초등학군":90.0,
            "중학군":50.68,
            "학군총점":58.544,
            "인구수":32.17,
            "인구증감":-14.67,
            "인구총점":18.118,
            "일자리":21.83,
            "소득수준":63.3,
            "일자리총점":34.271,
            "가치 총점":67.6816,
            "매매실거래년":20210909.0,
            "매매실거래가":88000.0,
            "전세실거래년":20220209.0,
            "전세실거래가":35700.0,
            "전세가율":40.57,
            "장기전세가율평균":67.55,
            "전세가율거품지수":26.98,
            "검색코드":3532,
            "세대수":458.0,
            "준공년월":"2001-10-05",
            "준공년차":22.0,
            "가까운역이름":"상왕십리",
            "가까운역거리":426.17,
            "역세권여부":"역세권",
            "30분이내주요거점역":4,
            "30분거점역이름":"['역삼', '을지로3가', '왕십리', '명동']",
            "1시간이내주요거점역":14,
            "1시간거점역이름":"['강남', '역삼', '잠실', '판교', '여의도', '을지로3가', '양재', '평촌', '가산디지털단지', '왕십리', '홍대입구', '구로디지털단지', '명동', 'GTX킨텍스(2023년)']",
            "3km이내백화점수":1,
            "5km이내아울렛몰수":2,
            "1km이내대형먀트수":1,
            "500m이내은행수":0,
            "500m이내병원수":0,
            "5km이내대형병원수":11,
            "500m이내공원수":5,
            "3km이내혐오시설수":0,
            "초등학교학업성취도":90.0,
            "중학교학업성취도":83.6,
            "용적률":318,
            "건폐율":23,
            "Y":37.561641,
            "X":127.025965,
            "rank":54.0,
            "area_info":"26평(87.07), 33평(110.16), 43평(144.36), 45평(150.03)",
            "last_sales":"2021-09-09,88000.0,26평(87.07)",
            "rank_history":[
                [
                    "202203",
                    54
                ],
                [
                    "202202",
                    33
                ],
                [
                    "202201",
                    49
                ]
            ],
            "rank_gap":-21
        },
        {
            "index":656,
            "아파트명":"한진해모로",
            "투자타입":"일반",
            "전용면적(m2)":"77.88",
            "전용면적(평)":"23평",
            "법정동주소":"서울시 성동구 하왕십리동 1050",
            "도로명주소":"서울시 성동구 왕십리로31길 20",
            "세대수":30,
            "입주년차":20,
            "용적률점수":"--",
            "건폐율점수":"--",
            "세대당주차수":0,
            "난방방식":30,
            "공급면적":"--",
            "전용률":"--",
            "욕실수":50,
            "현관타입":10,
            "주거총점":23.5,
            "지역구공급총점":100.0,
            "역세권":80,
            "30분내 이동가능 거점":100,
            "1시간내 이동가능 거점":100,
            "교통총점":90.0,
            "백화점":100,
            "아울렛몰":80,
            "대형마트":100,
            "은행":0,
            "병원":0,
            "종합병원":100,
            "공원":100,
            "혐오시설":0,
            "인프라총점":76.0,
            "초등학군":90.0,
            "중학군":49.8,
            "학군총점":57.84,
            "인구수":32.17,
            "인구증감":-14.67,
            "인구총점":18.118,
            "일자리":21.83,
            "소득수준":63.3,
            "일자리총점":34.271,
            "가치 총점":67.676,
            "매매실거래년":20210710.0,
            "매매실거래가":97000.0,
            "전세실거래년":20220120.0,
            "전세실거래가":37485.0,
            "전세가율":42.12,
            "장기전세가율평균":67.55,
            "전세가율거품지수":25.43,
            "검색코드":8545,
            "세대수":362.0,
            "준공년월":"2001-06-18",
            "준공년차":22.0,
            "가까운역이름":"상왕십리",
            "가까운역거리":253.59,
            "역세권여부":"역세권",
            "30분이내주요거점역":5,
            "30분거점역이름":"['역삼', '을지로3가', '왕십리', '홍대입구', '명동']",
            "1시간이내주요거점역":16,
            "1시간거점역이름":"['강남', '역삼', '잠실', '판교', '여의도', '을지로3가', '양재', '평촌', '가산디지털단지', '왕십리', '홍대입구', '구로디지털단지', '명동', '서현', '마곡', 'GTX킨텍스(2023년)']",
            "3km이내백화점수":1,
            "5km이내아울렛몰수":1,
            "1km이내대형먀트수":2,
            "500m이내은행수":0,
            "500m이내병원수":0,
            "5km이내대형병원수":11,
            "500m이내공원수":7,
            "3km이내혐오시설수":0,
            "초등학교학업성취도":90.0,
            "중학교학업성취도":80.6,
            "용적률":263,
            "건폐율":27,
            "Y":37.563296,
            "X":127.026781,
            "rank":55.0,
            "area_info":"23평(77.88), 33평(110.73), 44평(146.32)",
            "last_sales":"2021-07-10,97000.0,33평(110.73)",
            "rank_history":[
                [
                    "202203",
                    55
                ],
                [
                    "202202",
                    63
                ],
                [
                    "202201",
                    55
                ]
            ],
            "rank_gap":8
        },
        {
            "index":91,
            "아파트명":"서울숲푸르지오2차",
            "투자타입":"일반",
            "전용면적(m2)":"77.69",
            "전용면적(평)":"23평",
            "법정동주소":"서울시 성동구 금호동4가 235",
            "도로명주소":"서울시 성동구 금호로 17",
            "세대수":50,
            "입주년차":60,
            "용적률점수":"--",
            "건폐율점수":"--",
            "세대당주차수":30,
            "난방방식":30,
            "공급면적":"--",
            "전용률":"--",
            "욕실수":100,
            "현관타입":100,
            "주거총점":57.0,
            "지역구공급총점":100.0,
            "역세권":50,
            "30분내 이동가능 거점":100,
            "1시간내 이동가능 거점":100,
            "교통총점":75.0,
            "백화점":100,
            "아울렛몰":100,
            "대형마트":0,
            "은행":70,
            "병원":0,
            "종합병원":100,
            "공원":100,
            "혐오시설":0,
            "인프라총점":70.0,
            "초등학군":89.97,
            "중학군":52.42,
            "학군총점":59.93,
            "인구수":32.17,
            "인구증감":-14.67,
            "인구총점":18.118,
            "일자리":21.83,
            "소득수준":63.3,
            "일자리총점":34.271,
            "가치 총점":67.6395,
            "매매실거래년":20211106.0,
            "매매실거래가":160000.0,
            "전세실거래년":20211229.0,
            "전세실거래가":61740.0,
            "전세가율":39.58,
            "장기전세가율평균":67.55,
            "전세가율거품지수":27.97,
            "검색코드":101322,
            "세대수":586.0,
            "준공년월":"2012-08-16",
            "준공년차":11.0,
            "가까운역이름":"금호",
            "가까운역거리":749.54,
            "역세권여부":"준역세권",
            "30분이내주요거점역":5,
            "30분거점역이름":"['강남', '역삼', '을지로3가', '왕십리', '명동']",
            "1시간이내주요거점역":13,
            "1시간거점역이름":"['강남', '역삼', '판교', '여의도', '을지로3가', '양재', '정자', '가산디지털단지', '왕십리', '홍대입구', '구로디지털단지', '명동', 'GTX성남(2023년)']",
            "3km이내백화점수":2,
            "5km이내아울렛몰수":2,
            "1km이내대형먀트수":0,
            "500m이내은행수":3,
            "500m이내병원수":0,
            "5km이내대형병원수":10,
            "500m이내공원수":2,
            "3km이내혐오시설수":0,
            "초등학교학업성취도":89.97,
            "중학교학업성취도":85.9,
            "용적률":226,
            "건폐율":22,
            "Y":37.546451,
            "X":127.024019,
            "rank":56.0,
            "area_info":"23평(77.69), 23평(77.6), 23평(77.94), 32평(108.84), 33평(109.52), 33평(110.0), 44평(146.05)",
            "last_sales":"2021-11-06,160000.0,23평(77.6)",
            "rank_history":[
                [
                    "202203",
                    56
                ],
                [
                    "202202",
                    74
                ],
                [
                    "202201",
                    68
                ]
            ],
            "rank_gap":18
        },
        {
            "index":329,
            "아파트명":"한양현대",
            "투자타입":"일반",
            "전용면적(m2)":"84.24",
            "전용면적(평)":"25평",
            "법정동주소":"서울시 성동구 성수동1가 707",
            "도로명주소":"서울시 성동구 상원1길 17",
            "세대수":0,
            "입주년차":20,
            "용적률점수":"--",
            "건폐율점수":"--",
            "세대당주차수":0,
            "난방방식":30,
            "공급면적":"--",
            "전용률":"--",
            "욕실수":50,
            "현관타입":10,
            "주거총점":13.0,
            "지역구공급총점":100.0,
            "역세권":80,
            "30분내 이동가능 거점":100,
            "1시간내 이동가능 거점":100,
            "교통총점":90.0,
            "백화점":100,
            "아울렛몰":80,
            "대형마트":80,
            "은행":100,
            "병원":0,
            "종합병원":100,
            "공원":100,
            "혐오시설":0,
            "인프라총점":83.0,
            "초등학군":89.98,
            "중학군":48.2,
            "학군총점":56.556,
            "인구수":32.17,
            "인구증감":-14.67,
            "인구총점":18.118,
            "일자리":21.83,
            "소득수준":63.3,
            "일자리총점":34.271,
            "가치 총점":67.4834,
            "매매실거래년":20220119.0,
            "매매실거래가":150000.0,
            "전세실거래년":20220218.0,
            "전세실거래가":65000.0,
            "전세가율":56.52,
            "장기전세가율평균":67.55,
            "전세가율거품지수":11.03,
            "검색코드":1176,
            "세대수":168.0,
            "준공년월":"1999-01-13",
            "준공년차":24.0,
            "가까운역이름":"뚝섬",
            "가까운역거리":192.84,
            "역세권여부":"역세권",
            "30분이내주요거점역":6,
            "30분거점역이름":"['강남', '역삼', '잠실', '을지로3가', '왕십리', '명동']",
            "1시간이내주요거점역":16,
            "1시간거점역이름":"['강남', '역삼', '잠실', '판교', '여의도', '을지로3가', '양재', '정자', '가산디지털단지', '왕십리', '홍대입구', '구로디지털단지', '명동', '서현', 'GTX성남(2023년)', 'GTX동탄(2023년)']",
            "3km이내백화점수":3,
            "5km이내아울렛몰수":1,
            "1km이내대형먀트수":1,
            "500m이내은행수":6,
            "500m이내병원수":0,
            "5km이내대형병원수":10,
            "500m이내공원수":3,
            "3km이내혐오시설수":0,
            "초등학교학업성취도":89.98,
            "중학교학업성취도":79.0,
            "용적률":314,
            "건폐율":31,
            "Y":37.545565,
            "X":127.047947,
            "rank":57.0,
            "area_info":"25평(84.24), 32평(107.77)",
            "last_sales":"2022-01-19,150000.0,32평(107.77)",
            "rank_history":[
                [
                    "202203",
                    57
                ],
                [
                    "202202",
                    54
                ],
                [
                    "202201",
                    54
                ]
            ],
            "rank_gap":-3
        },
        {
            "index":0,
            "아파트명":"e편한세상금호파크힐스",
            "투자타입":"일반",
            "전용면적(m2)":"85.84",
            "전용면적(평)":"25평",
            "법정동주소":"서울시 성동구 금호동1가 1823",
            "도로명주소":"서울시 성동구 금호로 140",
            "세대수":90,
            "입주년차":100,
            "용적률점수":"--",
            "건폐율점수":"--",
            "세대당주차수":30,
            "난방방식":30,
            "공급면적":"--",
            "전용률":"--",
            "욕실수":100,
            "현관타입":100,
            "주거총점":79.0,
            "지역구공급총점":100.0,
            "역세권":80,
            "30분내 이동가능 거점":80,
            "1시간내 이동가능 거점":100,
            "교통총점":84.0,
            "백화점":0,
            "아울렛몰":100,
            "대형마트":80,
            "은행":0,
            "병원":0,
            "종합병원":100,
            "공원":100,
            "혐오시설":0,
            "인프라총점":45.0,
            "초등학군":89.98,
            "중학군":50.68,
            "학군총점":58.54,
            "인구수":32.17,
            "인구증감":-14.67,
            "인구총점":18.118,
            "일자리":21.83,
            "소득수준":63.3,
            "일자리총점":34.271,
            "가치 총점":67.481,
            "매매실거래년":20220123.0,
            "매매실거래가":150000.0,
            "전세실거래년":20220222.0,
            "전세실거래가":66150.0,
            "전세가율":44.1,
            "장기전세가율평균":67.55,
            "전세가율거품지수":23.45,
            "검색코드":110936,
            "세대수":1330.0,
            "준공년월":"2019-05-09",
            "준공년차":4.0,
            "가까운역이름":"신금호",
            "가까운역거리":214.39,
            "역세권여부":"역세권",
            "30분이내주요거점역":4,
            "30분거점역이름":"['여의도', '을지로3가', '왕십리', '명동']",
            "1시간이내주요거점역":15,
            "1시간거점역이름":"['강남', '역삼', '잠실', '판교', '여의도', '을지로3가', '양재', '정자', '가산디지털단지', '왕십리', '홍대입구', '구로디지털단지', '명동', '서현', '마곡']",
            "3km이내백화점수":0,
            "5km이내아울렛몰수":2,
            "1km이내대형먀트수":1,
            "500m이내은행수":1,
            "500m이내병원수":0,
            "5km이내대형병원수":9,
            "500m이내공원수":5,
            "3km이내혐오시설수":0,
            "초등학교학업성취도":89.98,
            "중학교학업성취도":83.6,
            "용적률":253,
            "건폐율":21,
            "Y":37.554416,
            "X":127.022924,
            "rank":58.0,
            "area_info":"25평(85.84), 26평(86.89), 27평(90.26), 33평(110.59), 34평(113.01), 35평(118.68), 45평(151.35), 49평(164.78)",
            "last_sales":"2022-01-23,150000.0,25평(85.84)",
            "rank_history":[
                [
                    "202203",
                    58
                ],
                [
                    "202202",
                    36
                ],
                [
                    "202201",
                    39
                ]
            ],
            "rank_gap":-22
        },
        {
            "index":694,
            "아파트명":"서울숲행당푸르지오",
            "투자타입":"일반",
            "전용면적(m2)":"79.53",
            "전용면적(평)":"24평",
            "법정동주소":"서울시 성동구 행당동 376",
            "도로명주소":"서울시 성동구 고산자로 177",
            "세대수":50,
            "입주년차":60,
            "용적률점수":"--",
            "건폐율점수":"--",
            "세대당주차수":30,
            "난방방식":30,
            "공급면적":"--",
            "전용률":"--",
            "욕실수":100,
            "현관타입":100,
            "주거총점":57.0,
            "지역구공급총점":100.0,
            "역세권":80,
            "30분내 이동가능 거점":100,
            "1시간내 이동가능 거점":100,
            "교통총점":90.0,
            "백화점":0,
            "아울렛몰":80,
            "대형마트":100,
            "은행":70,
            "병원":0,
            "종합병원":100,
            "공원":100,
            "혐오시설":0,
            "인프라총점":53.0,
            "초등학군":89.99,
            "중학군":49.8,
            "학군총점":57.838,
            "인구수":32.17,
            "인구증감":-14.67,
            "인구총점":18.118,
            "일자리":21.83,
            "소득수준":63.3,
            "일자리총점":34.271,
            "가치 총점":67.4757,
            "매매실거래년":20210914.0,
            "매매실거래가":134800.0,
            "전세실거래년":20220212.0,
            "전세실거래가":50400.0,
            "전세가율":38.77,
            "장기전세가율평균":67.55,
            "전세가율거품지수":28.78,
            "검색코드":27044,
            "세대수":457.0,
            "준공년월":"2011-05-02",
            "준공년차":12.0,
            "가까운역이름":"행당",
            "가까운역거리":388.21,
            "역세권여부":"역세권",
            "30분이내주요거점역":5,
            "30분거점역이름":"['강남', '역삼', '을지로3가', '왕십리', '명동']",
            "1시간이내주요거점역":15,
            "1시간거점역이름":"['강남', '역삼', '잠실', '판교', '여의도', '을지로3가', '양재', '정자', '가산디지털단지', '왕십리', '홍대입구', '구로디지털단지', '명동', '서현', '마곡']",
            "3km이내백화점수":0,
            "5km이내아울렛몰수":1,
            "1km이내대형먀트수":2,
            "500m이내은행수":4,
            "500m이내병원수":0,
            "5km이내대형병원수":12,
            "500m이내공원수":3,
            "3km이내혐오시설수":0,
            "초등학교학업성취도":89.99,
            "중학교학업성취도":80.6,
            "용적률":224,
            "건폐율":24,
            "Y":37.5559,
            "X":127.03351,
            "rank":59.0,
            "area_info":"24평(79.53), 25평(82.97), 33평(111.38), 33평(111.11), 43평(143.75)",
            "last_sales":"2021-09-14,134800.0,33평(111.38)",
            "rank_history":[
                [
                    "202203",
                    59
                ],
                [
                    "202202",
                    56
                ],
                [
                    "202201",
                    4
                ]
            ],
            "rank_gap":-3
        },
        {
            "index":238,
            "아파트명":"동아",
            "투자타입":"재건축",
            "전용면적(m2)":"57.76",
            "전용면적(평)":"17평",
            "법정동주소":"서울시 성동구 성수동1가 656-320",
            "도로명주소":"서울시 성동구 왕십리로 80",
            "세대수":30,
            "입주년차":"--",
            "용적률점수":0,
            "건폐율점수":0,
            "세대당주차수":"--",
            "난방방식":"--",
            "공급면적":50,
            "전용률":100,
            "욕실수":"--",
            "현관타입":"--",
            "주거총점":16.5,
            "지역구공급총점":100.0,
            "역세권":80,
            "30분내 이동가능 거점":100,
            "1시간내 이동가능 거점":100,
            "교통총점":90.0,
            "백화점":100,
            "아울렛몰":80,
            "대형마트":80,
            "은행":70,
            "병원":0,
            "종합병원":100,
            "공원":100,
            "혐오시설":0,
            "인프라총점":80.0,
            "초등학군":89.98,
            "중학군":48.2,
            "학군총점":56.556,
            "인구수":32.17,
            "인구증감":-14.67,
            "인구총점":18.118,
            "일자리":21.83,
            "소득수준":63.3,
            "일자리총점":34.271,
            "가치 총점":67.2834,
            "매매실거래년":20210627.0,
            "매매실거래가":172500.0,
            "전세실거래년":20220124.0,
            "전세실거래가":29000.0,
            "전세가율":26.48,
            "장기전세가율평균":67.55,
            "전세가율거품지수":41.07,
            "검색코드":553,
            "세대수":390.0,
            "준공년월":"1983-09-03",
            "준공년차":40.0,
            "가까운역이름":"서울숲",
            "가까운역거리":165.6,
            "역세권여부":"역세권",
            "30분이내주요거점역":7,
            "30분거점역이름":"['강남', '역삼', '잠실', '을지로3가', '양재', '왕십리', '명동']",
            "1시간이내주요거점역":17,
            "1시간거점역이름":"['강남', '역삼', '잠실', '판교', '여의도', '을지로3가', '양재', '정자', '평촌', '가산디지털단지', '왕십리', '홍대입구', '구로디지털단지', '명동', '서현', 'GTX성남(2023년)', 'GTX동탄(2023년)']",
            "3km이내백화점수":3,
            "5km이내아울렛몰수":1,
            "1km이내대형먀트수":1,
            "500m이내은행수":4,
            "500m이내병원수":0,
            "5km이내대형병원수":8,
            "500m이내공원수":3,
            "3km이내혐오시설수":0,
            "초등학교학업성취도":89.98,
            "중학교학업성취도":79.0,
            "용적률":0,
            "건폐율":0,
            "Y":37.544605,
            "X":127.046183,
            "rank":60.0,
            "area_info":"17평(57.76), 17평(57.07), 17평(57.35), 17평(57.37), 31평(104.53), 31평(104.2), 31평(104.18), 31평(105.45)",
            "last_sales":"2021-06-27,172500.0,31평(105.45)",
            "rank_history":[
                [
                    "202203",
                    60
                ],
                [
                    "202202",
                    58
                ],
                [
                    "202201",
                    61
                ]
            ],
            "rank_gap":-2
        },
        {
            "index":610,
            "아파트명":"왕십리KCC스위첸",
            "투자타입":"일반",
            "전용면적(m2)":"78.51",
            "전용면적(평)":"23평",
            "법정동주소":"서울시 성동구 하왕십리동 1002",
            "도로명주소":"서울시 성동구 무학봉길 35",
            "세대수":0,
            "입주년차":80,
            "용적률점수":"--",
            "건폐율점수":"--",
            "세대당주차수":30,
            "난방방식":30,
            "공급면적":"--",
            "전용률":"--",
            "욕실수":100,
            "현관타입":100,
            "주거총점":43.5,
            "지역구공급총점":100.0,
            "역세권":80,
            "30분내 이동가능 거점":60,
            "1시간내 이동가능 거점":100,
            "교통총점":78.0,
            "백화점":100,
            "아울렛몰":100,
            "대형마트":80,
            "은행":0,
            "병원":0,
            "종합병원":100,
            "공원":100,
            "혐오시설":0,
            "인프라총점":75.0,
            "초등학군":90.0,
            "중학군":49.8,
            "학군총점":57.84,
            "인구수":32.17,
            "인구증감":-14.67,
            "인구총점":18.118,
            "일자리":21.83,
            "소득수준":63.3,
            "일자리총점":34.271,
            "가치 총점":67.176,
            "매매실거래년":20220112.0,
            "매매실거래가":111000.0,
            "전세실거래년":20220209.0,
            "전세실거래가":70000.0,
            "전세가율":63.06,
            "장기전세가율평균":67.55,
            "전세가율거품지수":4.49,
            "검색코드":107508,
            "세대수":272.0,
            "준공년월":"2016-04-28",
            "준공년차":7.0,
            "가까운역이름":"상왕십리",
            "가까운역거리":434.91,
            "역세권여부":"역세권",
            "30분이내주요거점역":3,
            "30분거점역이름":"['을지로3가', '왕십리', '명동']",
            "1시간이내주요거점역":15,
            "1시간거점역이름":"['강남', '역삼', '잠실', '여의도', '을지로3가', '양재', '평촌', '가산디지털단지', '왕십리', '홍대입구', '구로디지털단지', '명동', '서현', '마곡', 'GTX킨텍스(2023년)']",
            "3km이내백화점수":1,
            "5km이내아울렛몰수":2,
            "1km이내대형먀트수":1,
            "500m이내은행수":1,
            "500m이내병원수":0,
            "5km이내대형병원수":11,
            "500m이내공원수":5,
            "3km이내혐오시설수":0,
            "초등학교학업성취도":90.0,
            "중학교학업성취도":80.6,
            "용적률":211,
            "건폐율":21,
            "Y":37.560982,
            "X":127.026959,
            "rank":61.0,
            "area_info":"23평(78.51), 23평(78.51), 25평(84.01), 25평(84.01), 25평(84.01), 26평(89.23), 27평(89.75), 29평(96.24), 33평(110.05), 33평(110.05), 33평(110.84)",
            "last_sales":"2022-01-12,111000.0,23평(78.51)",
            "rank_history":[
                [
                    "202203",
                    61
                ],
                [
                    "202202",
                    41
                ],
                [
                    "202201",
                    47
                ]
            ],
            "rank_gap":-20
        },
        {
            "index":11,
            "아파트명":"벽산",
            "투자타입":"일반",
            "전용면적(m2)":"78.09",
            "전용면적(평)":"23평",
            "법정동주소":"서울시 성동구 금호동1가 633",
            "도로명주소":"서울시 성동구 금호로 100",
            "세대수":100,
            "입주년차":20,
            "용적률점수":"--",
            "건폐율점수":"--",
            "세대당주차수":60,
            "난방방식":30,
            "공급면적":"--",
            "전용률":"--",
            "욕실수":50,
            "현관타입":10,
            "주거총점":57.0,
            "지역구공급총점":100.0,
            "역세권":50,
            "30분내 이동가능 거점":80,
            "1시간내 이동가능 거점":100,
            "교통총점":69.0,
            "백화점":100,
            "아울렛몰":100,
            "대형마트":80,
            "은행":0,
            "병원":0,
            "종합병원":100,
            "공원":100,
            "혐오시설":0,
            "인프라총점":75.0,
            "초등학군":89.98,
            "중학군":52.42,
            "학군총점":59.932,
            "인구수":32.17,
            "인구증감":-14.67,
            "인구총점":18.118,
            "일자리":21.83,
            "소득수준":63.3,
            "일자리총점":34.271,
            "가치 총점":67.0398,
            "매매실거래년":20210914.0,
            "매매실거래가":160000.0,
            "전세실거래년":null,
            "전세실거래가":null,
            "전세가율":null,
            "장기전세가율평균":67.55,
            "전세가율거품지수":null,
            "검색코드":1286,
            "세대수":1707.0,
            "준공년월":"2001-12-03",
            "준공년차":22.0,
            "가까운역이름":"응봉",
            "가까운역거리":639.65,
            "역세권여부":"준역세권",
            "30분이내주요거점역":4,
            "30분거점역이름":"['역삼', '을지로3가', '왕십리', '명동']",
            "1시간이내주요거점역":13,
            "1시간거점역이름":"['강남', '역삼', '잠실', '판교', '여의도', '을지로3가', '양재', '평촌', '왕십리', '홍대입구', '구로디지털단지', '명동', 'GTX성남(2023년)']",
            "3km이내백화점수":2,
            "5km이내아울렛몰수":2,
            "1km이내대형먀트수":1,
            "500m이내은행수":0,
            "500m이내병원수":0,
            "5km이내대형병원수":9,
            "500m이내공원수":4,
            "3km이내혐오시설수":0,
            "초등학교학업성취도":89.98,
            "중학교학업성취도":85.9,
            "용적률":219,
            "건폐율":16,
            "Y":37.551453,
            "X":127.027479,
            "rank":62.0,
            "area_info":"23평(78.09), 26평(86.44), 32평(108.59), 33평(110.58), 42평(141.41)",
            "last_sales":"2021-09-14,160000.0,42평(141.41)",
            "rank_history":[
                [
                    "202203",
                    62
                ],
                [
                    "202202",
                    60
                ],
                [
                    "202201",
                    72
                ]
            ],
            "rank_gap":-2
        },
        {
            "index":590,
            "아파트명":"상리제나우스(도시형)",
            "투자타입":"일반",
            "전용면적(m2)":"18.91",
            "전용면적(평)":"5평",
            "법정동주소":"서울시 성동구 하왕십리동 966-18",
            "도로명주소":"서울시 성동구 무학봉28길 5",
            "세대수":0,
            "입주년차":60,
            "용적률점수":"--",
            "건폐율점수":"--",
            "세대당주차수":0,
            "난방방식":30,
            "공급면적":"--",
            "전용률":"--",
            "욕실수":50,
            "현관타입":10,
            "주거총점":21.0,
            "지역구공급총점":100.0,
            "역세권":80,
            "30분내 이동가능 거점":80,
            "1시간내 이동가능 거점":100,
            "교통총점":84.0,
            "백화점":100,
            "아울렛몰":80,
            "대형마트":100,
            "은행":70,
            "병원":0,
            "종합병원":100,
            "공원":80,
            "혐오시설":0,
            "인프라총점":82.4,
            "초등학군":90.0,
            "중학군":49.8,
            "학군총점":57.84,
            "인구수":32.17,
            "인구증감":-14.67,
            "인구총점":18.118,
            "일자리":21.83,
            "소득수준":63.3,
            "일자리총점":34.271,
            "가치 총점":66.996,
            "매매실거래년":20220124.0,
            "매매실거래가":13000.0,
            "전세실거래년":20211120.0,
            "전세실거래가":13600.0,
            "전세가율":104.62,
            "장기전세가율평균":67.55,
            "전세가율거품지수":-37.07,
            "검색코드":105945,
            "세대수":70.0,
            "준공년월":"2013-03-08",
            "준공년차":10.0,
            "가까운역이름":"상왕십리",
            "가까운역거리":397.34,
            "역세권여부":"역세권",
            "30분이내주요거점역":4,
            "30분거점역이름":"['역삼', '을지로3가', '왕십리', '명동']",
            "1시간이내주요거점역":17,
            "1시간거점역이름":"['강남', '역삼', '잠실', '판교', '여의도', '을지로3가', '양재', '정자', '평촌', '가산디지털단지', '왕십리', '홍대입구', '구로디지털단지', '명동', '서현', 'GTX킨텍스(2023년)', 'GTX동탄(2023년)']",
            "3km이내백화점수":1,
            "5km이내아울렛몰수":1,
            "1km이내대형먀트수":2,
            "500m이내은행수":4,
            "500m이내병원수":0,
            "5km이내대형병원수":11,
            "500m이내공원수":1,
            "3km이내혐오시설수":0,
            "초등학교학업성취도":90.0,
            "중학교학업성취도":80.6,
            "용적률":436,
            "건폐율":59,
            "Y":37.56231,
            "X":127.032895,
            "rank":63.0,
            "area_info":"5평(18.91)",
            "last_sales":"2022-01-24,13000.0,5평(18.91)",
            "rank_history":[
                [
                    "202203",
                    63
                ],
                [
                    "202202",
                    9999
                ]
            ],
            "rank_gap":9999
        },
        {
            "index":61,
            "아파트명":"두산",
            "투자타입":"일반",
            "전용면적(m2)":"82.29",
            "전용면적(평)":"24평",
            "법정동주소":"서울시 성동구 금호동3가 1331",
            "도로명주소":"서울시 성동구 동호로 100",
            "세대수":90,
            "입주년차":0,
            "용적률점수":"--",
            "건폐율점수":"--",
            "세대당주차수":0,
            "난방방식":30,
            "공급면적":"--",
            "전용률":"--",
            "욕실수":50,
            "현관타입":10,
            "주거총점":40.5,
            "지역구공급총점":100.0,
            "역세권":80,
            "30분내 이동가능 거점":100,
            "1시간내 이동가능 거점":100,
            "교통총점":90.0,
            "백화점":100,
            "아울렛몰":100,
            "대형마트":0,
            "은행":0,
            "병원":0,
            "종합병원":100,
            "공원":100,
            "혐오시설":0,
            "인프라총점":63.0,
            "초등학군":89.97,
            "중학군":48.12,
            "학군총점":56.49,
            "인구수":32.17,
            "인구증감":-14.67,
            "인구총점":18.118,
            "일자리":21.83,
            "소득수준":63.3,
            "일자리총점":34.271,
            "가치 총점":66.9735,
            "매매실거래년":20211025.0,
            "매매실거래가":120000.0,
            "전세실거래년":20220219.0,
            "전세실거래가":53000.0,
            "전세가율":44.17,
            "장기전세가율평균":67.55,
            "전세가율거품지수":23.38,
            "검색코드":547,
            "세대수":1267.0,
            "준공년월":"1994-09-16",
            "준공년차":29.0,
            "가까운역이름":"금호",
            "가까운역거리":275.03,
            "역세권여부":"역세권",
            "30분이내주요거점역":5,
            "30분거점역이름":"['역삼', '을지로3가', '양재', '왕십리', '명동']",
            "1시간이내주요거점역":16,
            "1시간거점역이름":"['강남', '역삼', '잠실', '판교', '여의도', '을지로3가', '양재', '정자', '평촌', '가산디지털단지', '왕십리', '홍대입구', '구로디지털단지', '명동', '마곡', 'GTX성남(2023년)']",
            "3km이내백화점수":1,
            "5km이내아울렛몰수":2,
            "1km이내대형먀트수":0,
            "500m이내은행수":1,
            "500m이내병원수":0,
            "5km이내대형병원수":10,
            "500m이내공원수":2,
            "3km이내혐오시설수":0,
            "초등학교학업성취도":89.97,
            "중학교학업성취도":80.2,
            "용적률":249,
            "건폐율":21,
            "Y":37.550686,
            "X":127.016443,
            "rank":64.0,
            "area_info":"24평(82.29), 29평(96.92), 31평(104.52), 41평(136.35), 43평(144.3), 43평(145.16)",
            "last_sales":"2021-10-25,120000.0,24평(82.29)",
            "rank_history":[
                [
                    "202203",
                    64
                ],
                [
                    "202202",
                    62
                ],
                [
                    "202201",
                    63
                ]
            ],
            "rank_gap":-2
        },
        {
            "index":556,
            "아파트명":"금호현대",
            "투자타입":"재건축",
            "전용면적(m2)":"81.05",
            "전용면적(평)":"24평",
            "법정동주소":"서울시 성동구 응봉동 98",
            "도로명주소":"서울시 성동구 독서당로 377",
            "세대수":50,
            "입주년차":"--",
            "용적률점수":80,
            "건폐율점수":0,
            "세대당주차수":"--",
            "난방방식":"--",
            "공급면적":70,
            "전용률":60,
            "욕실수":"--",
            "현관타입":"--",
            "주거총점":53.5,
            "지역구공급총점":100.0,
            "역세권":80,
            "30분내 이동가능 거점":40,
            "1시간내 이동가능 거점":100,
            "교통총점":72.0,
            "백화점":100,
            "아울렛몰":80,
            "대형마트":80,
            "은행":0,
            "병원":0,
            "종합병원":100,
            "공원":100,
            "혐오시설":0,
            "인프라총점":73.0,
            "초등학군":89.98,
            "중학군":52.42,
            "학군총점":59.932,
            "인구수":32.17,
            "인구증감":-14.67,
            "인구총점":18.118,
            "일자리":21.83,
            "소득수준":63.3,
            "일자리총점":34.271,
            "가치 총점":66.7898,
            "매매실거래년":20211118.0,
            "매매실거래가":100000.0,
            "전세실거래년":20220114.0,
            "전세실거래가":31000.0,
            "전세가율":31.0,
            "장기전세가율평균":67.55,
            "전세가율거품지수":36.55,
            "검색코드":572,
            "세대수":644.0,
            "준공년월":"1990-09-20",
            "준공년차":33.0,
            "가까운역이름":"응봉",
            "가까운역거리":355.71,
            "역세권여부":"역세권",
            "30분이내주요거점역":2,
            "30분거점역이름":"['역삼', '왕십리']",
            "1시간이내주요거점역":14,
            "1시간거점역이름":"['강남', '역삼', '잠실', '판교', '여의도', '을지로3가', '양재', '평촌', '가산디지털단지', '왕십리', '홍대입구', '구로디지털단지', '명동', 'GTX성남(2023년)']",
            "3km이내백화점수":2,
            "5km이내아울렛몰수":1,
            "1km이내대형먀트수":1,
            "500m이내은행수":0,
            "500m이내병원수":0,
            "5km이내대형병원수":11,
            "500m이내공원수":6,
            "3km이내혐오시설수":0,
            "초등학교학업성취도":89.98,
            "중학교학업성취도":85.9,
            "용적률":213,
            "건폐율":0,
            "Y":37.551418,
            "X":127.030897,
            "rank":65.0,
            "area_info":"24평(81.05), 31평(104.56), 43평(143.97)",
            "last_sales":"2021-11-18,100000.0,24평(81.05)",
            "rank_history":[
                [
                    "202203",
                    65
                ],
                [
                    "202202",
                    25
                ],
                [
                    "202201",
                    40
                ]
            ],
            "rank_gap":-40
        },
        {
            "index":339,
            "아파트명":"금호2차",
            "투자타입":"일반",
            "전용면적(m2)":"81.79",
            "전용면적(평)":"24평",
            "법정동주소":"서울시 성동구 성수동2가 832",
            "도로명주소":"서울시 성동구 연무장길 31",
            "세대수":0,
            "입주년차":0,
            "용적률점수":"--",
            "건폐율점수":"--",
            "세대당주차수":0,
            "난방방식":30,
            "공급면적":"--",
            "전용률":"--",
            "욕실수":50,
            "현관타입":10,
            "주거총점":9.0,
            "지역구공급총점":100.0,
            "역세권":80,
            "30분내 이동가능 거점":100,
            "1시간내 이동가능 거점":100,
            "교통총점":90.0,
            "백화점":100,
            "아울렛몰":80,
            "대형마트":80,
            "은행":100,
            "병원":0,
            "종합병원":100,
            "공원":100,
            "혐오시설":0,
            "인프라총점":83.0,
            "초등학군":89.98,
            "중학군":48.2,
            "학군총점":56.556,
            "인구수":32.17,
            "인구증감":-14.67,
            "인구총점":18.118,
            "일자리":21.83,
            "소득수준":63.3,
            "일자리총점":34.271,
            "가치 총점":66.6834,
            "매매실거래년":20211113.0,
            "매매실거래가":102000.0,
            "전세실거래년":20210119.0,
            "전세실거래가":34000.0,
            "전세가율":33.33,
            "장기전세가율평균":67.55,
            "전세가율거품지수":34.22,
            "검색코드":551,
            "세대수":141.0,
            "준공년월":"1997-08-14",
            "준공년차":26.0,
            "가까운역이름":"성수",
            "가까운역거리":260.54,
            "역세권여부":"역세권",
            "30분이내주요거점역":6,
            "30분거점역이름":"['강남', '역삼', '잠실', '을지로3가', '왕십리', '명동']",
            "1시간이내주요거점역":15,
            "1시간거점역이름":"['강남', '역삼', '잠실', '판교', '여의도', '을지로3가', '양재', '정자', '가산디지털단지', '왕십리', '홍대입구', '구로디지털단지', '명동', '서현', 'GTX동탄(2023년)']",
            "3km이내백화점수":3,
            "5km이내아울렛몰수":1,
            "1km이내대형먀트수":1,
            "500m이내은행수":10,
            "500m이내병원수":0,
            "5km이내대형병원수":8,
            "500m이내공원수":4,
            "3km이내혐오시설수":0,
            "초등학교학업성취도":89.98,
            "중학교학업성취도":79.0,
            "용적률":313,
            "건폐율":28,
            "Y":37.543573,
            "X":127.053404,
            "rank":66.0,
            "area_info":"24평(81.79), 32평(108.16)",
            "last_sales":"2021-11-13,102000.0,24평(81.79)",
            "rank_history":[
                [
                    "202203",
                    66
                ],
                [
                    "202202",
                    67
                ],
                [
                    "202201",
                    61
                ]
            ],
            "rank_gap":1
        },
        {
            "index":511,
            "아파트명":"옥수어울림",
            "투자타입":"일반",
            "전용면적(m2)":"92.9",
            "전용면적(평)":"28평",
            "법정동주소":"서울시 성동구 옥수동 560",
            "도로명주소":"서울시 성동구 독서당로40길 37",
            "세대수":0,
            "입주년차":60,
            "용적률점수":"--",
            "건폐율점수":"--",
            "세대당주차수":60,
            "난방방식":30,
            "공급면적":"--",
            "전용률":"--",
            "욕실수":50,
            "현관타입":100,
            "주거총점":39.0,
            "지역구공급총점":100.0,
            "역세권":80,
            "30분내 이동가능 거점":100,
            "1시간내 이동가능 거점":100,
            "교통총점":90.0,
            "백화점":100,
            "아울렛몰":100,
            "대형마트":0,
            "은행":0,
            "병원":0,
            "종합병원":100,
            "공원":100,
            "혐오시설":0,
            "인프라총점":63.0,
            "초등학군":89.96,
            "중학군":47.54,
            "학군총점":56.024,
            "인구수":32.17,
            "인구증감":-14.67,
            "인구총점":18.118,
            "일자리":21.83,
            "소득수준":63.3,
            "일자리총점":34.271,
            "가치 총점":66.6036,
            "매매실거래년":20210403.0,
            "매매실거래가":184500.0,
            "전세실거래년":null,
            "전세실거래가":null,
            "전세가율":null,
            "장기전세가율평균":67.55,
            "전세가율거품지수":null,
            "검색코드":103136,
            "세대수":297.0,
            "준공년월":"2011-12-30",
            "준공년차":12.0,
            "가까운역이름":"옥수",
            "가까운역거리":191.65,
            "역세권여부":"역세권",
            "30분이내주요거점역":6,
            "30분거점역이름":"['강남', '역삼', '을지로3가', '양재', '왕십리', '명동']",
            "1시간이내주요거점역":17,
            "1시간거점역이름":"['강남', '역삼', '잠실', '판교', '여의도', '을지로3가', '양재', '정자', '평촌', '가산디지털단지', '왕십리', '홍대입구', '구로디지털단지', '명동', '서현', '마곡', 'GTX성남(2023년)']",
            "3km이내백화점수":2,
            "5km이내아울렛몰수":2,
            "1km이내대형먀트수":0,
            "500m이내은행수":1,
            "500m이내병원수":0,
            "5km이내대형병원수":9,
            "500m이내공원수":2,
            "3km이내혐오시설수":0,
            "초등학교학업성취도":89.96,
            "중학교학업성취도":78.9,
            "용적률":248,
            "건폐율":36,
            "Y":37.542149,
            "X":127.01806,
            "rank":67.0,
            "area_info":"28평(92.9), 32평(107.14), 32평(107.74), 32평(107.16), 32평(108.85), 49평(162.19), 49평(162.88), 49평(162.19), 49평(162.88), 49평(162.19), 49평(162.88)",
            "last_sales":"2021-04-03,184500.0,49평(162.88)",
            "rank_history":[
                [
                    "202203",
                    67
                ],
                [
                    "202202",
                    66
                ],
                [
                    "202201",
                    64
                ]
            ],
            "rank_gap":-1
        },
        {
            "index":318,
            "아파트명":"트리마제",
            "투자타입":"일반",
            "전용면적(m2)":"39.18",
            "전용면적(평)":"11평",
            "법정동주소":"서울시 성동구 성수동1가 718",
            "도로명주소":"서울시 성동구 왕십리로 16",
            "세대수":50,
            "입주년차":80,
            "용적률점수":"--",
            "건폐율점수":"--",
            "세대당주차수":60,
            "난방방식":30,
            "공급면적":"--",
            "전용률":"--",
            "욕실수":50,
            "현관타입":100,
            "주거총점":60.5,
            "지역구공급총점":100.0,
            "역세권":50,
            "30분내 이동가능 거점":80,
            "1시간내 이동가능 거점":100,
            "교통총점":69.0,
            "백화점":100,
            "아울렛몰":80,
            "대형마트":80,
            "은행":0,
            "병원":0,
            "종합병원":100,
            "공원":80,
            "혐오시설":0,
            "인프라총점":72.4,
            "초등학군":89.96,
            "중학군":48.2,
            "학군총점":56.552,
            "인구수":32.17,
            "인구증감":-14.67,
            "인구총점":18.118,
            "일자리":21.83,
            "소득수준":63.3,
            "일자리총점":34.271,
            "가치 총점":66.4528,
            "매매실거래년":20211227.0,
            "매매실거래가":550000.0,
            "전세실거래년":20220222.0,
            "전세실거래가":57000.0,
            "전세가율":54.29,
            "장기전세가율평균":67.55,
            "전세가율거품지수":13.26,
            "검색코드":108405,
            "세대수":688.0,
            "준공년월":"2017-05-29",
            "준공년차":6.0,
            "가까운역이름":"서울숲",
            "가까운역거리":528.77,
            "역세권여부":"준역세권",
            "30분이내주요거점역":4,
            "30분거점역이름":"['강남', '역삼', '을지로3가', '왕십리']",
            "1시간이내주요거점역":17,
            "1시간거점역이름":"['강남', '역삼', '잠실', '판교', '여의도', '을지로3가', '양재', '정자', '평촌', '가산디지털단지', '왕십리', '홍대입구', '구로디지털단지', '명동', '서현', 'GTX성남(2023년)', 'GTX동탄(2023년)']",
            "3km이내백화점수":3,
            "5km이내아울렛몰수":1,
            "1km이내대형먀트수":1,
            "500m이내은행수":0,
            "500m이내병원수":0,
            "5km이내대형병원수":7,
            "500m이내공원수":1,
            "3km이내혐오시설수":0,
            "초등학교학업성취도":89.96,
            "중학교학업성취도":79.0,
            "용적률":319,
            "건폐율":16,
            "Y":37.538893,
            "X":127.044942,
            "rank":68.0,
            "area_info":"11평(39.18), 16평(53.84), 22평(74.09), 28평(95.52), 37평(124.8), 38평(126.66), 38평(128.9), 56평(185.82), 57평(189.02), 61평(204.49), 88평(292.31)",
            "last_sales":"2021-12-27,550000.0,61평(204.49)",
            "rank_history":[
                [
                    "202203",
                    68
                ],
                [
                    "202202",
                    85
                ],
                [
                    "202201",
                    87
                ]
            ],
            "rank_gap":17
        },
        {
            "index":171,
            "아파트명":"우성에비뉴",
            "투자타입":"일반",
            "전용면적(m2)":"79.54",
            "전용면적(평)":"24평",
            "법정동주소":"서울시 성동구 마장동 835",
            "도로명주소":"서울시 성동구 고산자로26길 11",
            "세대수":0,
            "입주년차":80,
            "용적률점수":"--",
            "건폐율점수":"--",
            "세대당주차수":30,
            "난방방식":30,
            "공급면적":"--",
            "전용률":"--",
            "욕실수":100,
            "현관타입":100,
            "주거총점":43.5,
            "지역구공급총점":100.0,
            "역세권":80,
            "30분내 이동가능 거점":60,
            "1시간내 이동가능 거점":100,
            "교통총점":78.0,
            "백화점":100,
            "아울렛몰":80,
            "대형마트":80,
            "은행":20,
            "병원":0,
            "종합병원":100,
            "공원":80,
            "혐오시설":-50,
            "인프라총점":73.4,
            "초등학군":89.97,
            "중학군":47.42,
            "학군총점":55.93,
            "인구수":32.17,
            "인구증감":-14.67,
            "인구총점":18.118,
            "일자리":21.83,
            "소득수준":63.3,
            "일자리총점":34.271,
            "가치 총점":66.4095,
            "매매실거래년":20200601.0,
            "매매실거래가":50000.0,
            "전세실거래년":20211205.0,
            "전세실거래가":30870.0,
            "전세가율":70.16,
            "장기전세가율평균":67.55,
            "전세가율거품지수":-2.61,
            "검색코드":119906,
            "세대수":60.0,
            "준공년월":"2017-10-19",
            "준공년차":6.0,
            "가까운역이름":"용두",
            "가까운역거리":358.94,
            "역세권여부":"역세권",
            "30분이내주요거점역":3,
            "30분거점역이름":"['을지로3가', '왕십리', '명동']",
            "1시간이내주요거점역":14,
            "1시간거점역이름":"['강남', '역삼', '잠실', '판교', '여의도', '을지로3가', '양재', '정자', '가산디지털단지', '왕십리', '홍대입구', '구로디지털단지', '명동', '서현']",
            "3km이내백화점수":1,
            "5km이내아울렛몰수":1,
            "1km이내대형먀트수":1,
            "500m이내은행수":2,
            "500m이내병원수":0,
            "5km이내대형병원수":11,
            "500m이내공원수":1,
            "3km이내혐오시설수":1,
            "초등학교학업성취도":89.97,
            "중학교학업성취도":78.5,
            "용적률":198,
            "건폐율":25,
            "Y":37.570886,
            "X":127.039003,
            "rank":69.0,
            "area_info":"24평(79.54), 24평(81.81), 28평(93.34), 30평(101.54)",
            "last_sales":"2020-06-01,50000.0,28평(93.34)",
            "rank_history":[
                [
                    "202203",
                    69
                ],
                [
                    "202202",
                    9999
                ]
            ],
            "rank_gap":9999
        },
        {
            "index":98,
            "아파트명":"힐스테이트서울숲리버",
            "투자타입":"일반",
            "전용면적(m2)":"80.78",
            "전용면적(평)":"24평",
            "법정동주소":"서울시 성동구 금호동4가 1553",
            "도로명주소":"서울시 성동구 독서당로 344",
            "세대수":50,
            "입주년차":80,
            "용적률점수":"--",
            "건폐율점수":"--",
            "세대당주차수":30,
            "난방방식":30,
            "공급면적":"--",
            "전용률":"--",
            "욕실수":100,
            "현관타입":100,
            "주거총점":61.0,
            "지역구공급총점":100.0,
            "역세권":50,
            "30분내 이동가능 거점":80,
            "1시간내 이동가능 거점":100,
            "교통총점":69.0,
            "백화점":100,
            "아울렛몰":100,
            "대형마트":0,
            "은행":70,
            "병원":0,
            "종합병원":100,
            "공원":100,
            "혐오시설":0,
            "인프라총점":70.0,
            "초등학군":89.97,
            "중학군":52.42,
            "학군총점":59.93,
            "인구수":32.17,
            "인구증감":-14.67,
            "인구총점":18.118,
            "일자리":21.83,
            "소득수준":63.3,
            "일자리총점":34.271,
            "가치 총점":66.3395,
            "매매실거래년":20220122.0,
            "매매실거래가":255000.0,
            "전세실거래년":20220218.0,
            "전세실거래가":66100.0,
            "전세가율":45.43,
            "장기전세가율평균":67.55,
            "전세가율거품지수":22.12,
            "검색코드":110939,
            "세대수":606.0,
            "준공년월":"2018-02-01",
            "준공년차":5.0,
            "가까운역이름":"응봉",
            "가까운역거리":783.57,
            "역세권여부":"준역세권",
            "30분이내주요거점역":4,
            "30분거점역이름":"['강남', '역삼', '을지로3가', '왕십리']",
            "1시간이내주요거점역":14,
            "1시간거점역이름":"['강남', '역삼', '잠실', '판교', '여의도', '을지로3가', '양재', '정자', '평촌', '왕십리', '홍대입구', '구로디지털단지', '명동', 'GTX성남(2023년)']",
            "3km이내백화점수":2,
            "5km이내아울렛몰수":2,
            "1km이내대형먀트수":0,
            "500m이내은행수":3,
            "500m이내병원수":0,
            "5km이내대형병원수":10,
            "500m이내공원수":2,
            "3km이내혐오시설수":0,
            "초등학교학업성취도":89.97,
            "중학교학업성취도":85.9,
            "용적률":200,
            "건폐율":24,
            "Y":37.547053,
            "X":127.026383,
            "rank":70.0,
            "area_info":"24평(80.78), 24평(80.54), 26평(88.33), 33평(110.61), 33평(110.15), 33평(110.9), 33평(111.77), 43평(142.39), 43평(142.69), 51평(168.87)",
            "last_sales":"2022-01-22,255000.0,43평(142.69)",
            "rank_history":[
                [
                    "202203",
                    70
                ],
                [
                    "202202",
                    68
                ],
                [
                    "202201",
                    71
                ]
            ],
            "rank_gap":-2
        },
        {
            "index":36,
            "아파트명":"신금호파크자이",
            "투자타입":"일반",
            "전용면적(m2)":"81.2",
            "전용면적(평)":"24평",
            "법정동주소":"서울시 성동구 금호동2가 1",
            "도로명주소":"서울시 성동구 금호로 173",
            "세대수":90,
            "입주년차":80,
            "용적률점수":"--",
            "건폐율점수":"--",
            "세대당주차수":30,
            "난방방식":30,
            "공급면적":"--",
            "전용률":"--",
            "욕실수":100,
            "현관타입":100,
            "주거총점":75.0,
            "지역구공급총점":100.0,
            "역세권":80,
            "30분내 이동가능 거점":80,
            "1시간내 이동가능 거점":100,
            "교통총점":84.0,
            "백화점":0,
            "아울렛몰":100,
            "대형마트":80,
            "은행":0,
            "병원":0,
            "종합병원":100,
            "공원":80,
            "혐오시설":0,
            "인프라총점":44.4,
            "초등학군":90.0,
            "중학군":48.12,
            "학군총점":56.496,
            "인구수":32.17,
            "인구증감":-14.67,
            "인구총점":18.118,
            "일자리":21.83,
            "소득수준":63.3,
            "일자리총점":34.271,
            "가치 총점":66.1944,
            "매매실거래년":20220117.0,
            "매매실거래가":158500.0,
            "전세실거래년":20220221.0,
            "전세실거래가":59850.0,
            "전세가율":37.76,
            "장기전세가율평균":67.55,
            "전세가율거품지수":29.79,
            "검색코드":110226,
            "세대수":1156.0,
            "준공년월":"2016-04-20",
            "준공년차":7.0,
            "가까운역이름":"신금호",
            "가까운역거리":195.71,
            "역세권여부":"역세권",
            "30분이내주요거점역":4,
            "30분거점역이름":"['여의도', '을지로3가', '왕십리', '명동']",
            "1시간이내주요거점역":16,
            "1시간거점역이름":"['강남', '역삼', '잠실', '판교', '여의도', '을지로3가', '양재', '정자', '평촌', '가산디지털단지', '왕십리', '홍대입구', '구로디지털단지', '명동', '서현', '마곡']",
            "3km이내백화점수":0,
            "5km이내아울렛몰수":2,
            "1km이내대형먀트수":1,
            "500m이내은행수":1,
            "500m이내병원수":0,
            "5km이내대형병원수":11,
            "500m이내공원수":1,
            "3km이내혐오시설수":0,
            "초등학교학업성취도":90.0,
            "중학교학업성취도":80.2,
            "용적률":217,
            "건폐율":18,
            "Y":37.555393,
            "X":127.018598,
            "rank":71.0,
            "area_info":"24평(81.2), 24평(81.54), 33평(109.15), 33평(109.1), 33평(109.1), 33평(110.61), 43평(142.92)",
            "last_sales":"2022-01-17,158500.0,24평(81.2)",
            "rank_history":[
                [
                    "202203",
                    71
                ],
                [
                    "202202",
                    46
                ],
                [
                    "202201",
                    48
                ]
            ],
            "rank_gap":-25
        },
        {
            "index":75,
            "아파트명":"금호브라운스톤1차",
            "투자타입":"일반",
            "전용면적(m2)":"106.45",
            "전용면적(평)":"32평",
            "법정동주소":"서울시 성동구 금호동4가 1507",
            "도로명주소":"서울시 성동구 매봉길 24",
            "세대수":0,
            "입주년차":40,
            "용적률점수":"--",
            "건폐율점수":"--",
            "세대당주차수":30,
            "난방방식":30,
            "공급면적":"--",
            "전용률":"--",
            "욕실수":100,
            "현관타입":100,
            "주거총점":35.5,
            "지역구공급총점":100.0,
            "역세권":80,
            "30분내 이동가능 거점":100,
            "1시간내 이동가능 거점":100,
            "교통총점":90.0,
            "백화점":100,
            "아울렛몰":100,
            "대형마트":0,
            "은행":0,
            "병원":0,
            "종합병원":100,
            "공원":100,
            "혐오시설":0,
            "인프라총점":63.0,
            "초등학군":89.98,
            "중학군":47.54,
            "학군총점":56.028,
            "인구수":32.17,
            "인구증감":-14.67,
            "인구총점":18.118,
            "일자리":21.83,
            "소득수준":63.3,
            "일자리총점":34.271,
            "가치 총점":65.9042,
            "매매실거래년":20210603.0,
            "매매실거래가":159000.0,
            "전세실거래년":20220219.0,
            "전세실거래가":63669.0,
            "전세가율":40.04,
            "장기전세가율평균":67.55,
            "전세가율거품지수":27.51,
            "검색코드":14019,
            "세대수":217.0,
            "준공년월":"2007-03-30",
            "준공년차":16.0,
            "가까운역이름":"금호",
            "가까운역거리":155.39,
            "역세권여부":"역세권",
            "30분이내주요거점역":6,
            "30분거점역이름":"['강남', '역삼', '을지로3가', '양재', '왕십리', '명동']",
            "1시간이내주요거점역":18,
            "1시간거점역이름":"['강남', '역삼', '잠실', '판교', '여의도', '을지로3가', '양재', '정자', '평촌', '가산디지털단지', '왕십리', '홍대입구', '수원', '구로디지털단지', '명동', '서현', '마곡', 'GTX성남(2023년)']",
            "3km이내백화점수":2,
            "5km이내아울렛몰수":2,
            "1km이내대형먀트수":0,
            "500m이내은행수":0,
            "500m이내병원수":0,
            "5km이내대형병원수":10,
            "500m이내공원수":3,
            "3km이내혐오시설수":0,
            "초등학교학업성취도":89.98,
            "중학교학업성취도":78.9,
            "용적률":243,
            "건폐율":20,
            "Y":37.546902,
            "X":127.015418,
            "rank":72.0,
            "area_info":"32평(106.45)",
            "last_sales":"2021-06-03,159000.0,32평(106.45)",
            "rank_history":[
                [
                    "202203",
                    72
                ],
                [
                    "202202",
                    71
                ],
                [
                    "202201",
                    65
                ]
            ],
            "rank_gap":-1
        },
        {
            "index":183,
            "아파트명":"인암빌(도시형)",
            "투자타입":"일반",
            "전용면적(m2)":"24.25",
            "전용면적(평)":"7평",
            "법정동주소":"서울시 성동구 사근동 210-4",
            "도로명주소":"서울시 성동구 사근동길 47",
            "세대수":0,
            "입주년차":80,
            "용적률점수":"--",
            "건폐율점수":"--",
            "세대당주차수":0,
            "난방방식":30,
            "공급면적":"--",
            "전용률":"--",
            "욕실수":50,
            "현관타입":100,
            "주거총점":34.0,
            "지역구공급총점":100.0,
            "역세권":80,
            "30분내 이동가능 거점":80,
            "1시간내 이동가능 거점":100,
            "교통총점":84.0,
            "백화점":100,
            "아울렛몰":80,
            "대형마트":80,
            "은행":0,
            "병원":0,
            "종합병원":100,
            "공원":100,
            "혐오시설":0,
            "인프라총점":73.0,
            "초등학군":89.96,
            "중학군":42.48,
            "학군총점":51.976,
            "인구수":32.17,
            "인구증감":-14.67,
            "인구총점":18.118,
            "일자리":21.83,
            "소득수준":63.3,
            "일자리총점":34.271,
            "가치 총점":65.8964,
            "매매실거래년":"18000101",
            "매매실거래가":null,
            "전세실거래년":null,
            "전세실거래가":null,
            "전세가율":null,
            "장기전세가율평균":67.55,
            "전세가율거품지수":null,
            "검색코드":130250,
            "세대수":84.0,
            "준공년월":"2018-08-14",
            "준공년차":5.0,
            "가까운역이름":"용답",
            "가까운역거리":435.25,
            "역세권여부":"역세권",
            "30분이내주요거점역":4,
            "30분거점역이름":"['잠실', '을지로3가', '왕십리', '명동']",
            "1시간이내주요거점역":13,
            "1시간거점역이름":"['강남', '역삼', '잠실', '판교', '여의도', '을지로3가', '양재', '평촌', '왕십리', '홍대입구', '구로디지털단지', '명동', '서현']",
            "3km이내백화점수":1,
            "5km이내아울렛몰수":1,
            "1km이내대형먀트수":1,
            "500m이내은행수":0,
            "500m이내병원수":0,
            "5km이내대형병원수":12,
            "500m이내공원수":2,
            "3km이내혐오시설수":0,
            "초등학교학업성취도":89.96,
            "중학교학업성취도":70.4,
            "용적률":199,
            "건폐율":42,
            "Y":37.561196,
            "X":127.046092,
            "rank":73.0,
            "area_info":"7평(24.25), 7평(25.07), 7평(25.72), 8평(26.54), 13평(45.26), 13평(45.66)",
            "last_sales":"1800-01-01,nan,7평(24.25)",
            "rank_history":[
                [
                    "202203",
                    73
                ],
                [
                    "202202",
                    9999
                ]
            ],
            "rank_gap":9999
        },
        {
            "index":181,
            "아파트명":"어반큐브(도시형)",
            "투자타입":"일반",
            "전용면적(m2)":"25.18",
            "전용면적(평)":"7평",
            "법정동주소":"서울시 성동구 사근동 231-28",
            "도로명주소":"서울시 성동구 살곶이길 152",
            "세대수":0,
            "입주년차":80,
            "용적률점수":"--",
            "건폐율점수":"--",
            "세대당주차수":0,
            "난방방식":30,
            "공급면적":"--",
            "전용률":"--",
            "욕실수":50,
            "현관타입":100,
            "주거총점":34.0,
            "지역구공급총점":100.0,
            "역세권":80,
            "30분내 이동가능 거점":80,
            "1시간내 이동가능 거점":100,
            "교통총점":84.0,
            "백화점":100,
            "아울렛몰":80,
            "대형마트":80,
            "은행":0,
            "병원":0,
            "종합병원":100,
            "공원":100,
            "혐오시설":0,
            "인프라총점":73.0,
            "초등학군":89.96,
            "중학군":42.48,
            "학군총점":51.976,
            "인구수":32.17,
            "인구증감":-14.67,
            "인구총점":18.118,
            "일자리":21.83,
            "소득수준":63.3,
            "일자리총점":34.271,
            "가치 총점":65.8964,
            "매매실거래년":"18000101",
            "매매실거래가":null,
            "전세실거래년":null,
            "전세실거래가":null,
            "전세가율":null,
            "장기전세가율평균":67.55,
            "전세가율거품지수":null,
            "검색코드":122917,
            "세대수":94.0,
            "준공년월":"2018-08-16",
            "준공년차":5.0,
            "가까운역이름":"용답",
            "가까운역거리":211.7,
            "역세권여부":"역세권",
            "30분이내주요거점역":4,
            "30분거점역이름":"['잠실', '을지로3가', '왕십리', '명동']",
            "1시간이내주요거점역":13,
            "1시간거점역이름":"['강남', '역삼', '잠실', '판교', '여의도', '을지로3가', '양재', '가산디지털단지', '왕십리', '홍대입구', '구로디지털단지', '명동', '서현']",
            "3km이내백화점수":1,
            "5km이내아울렛몰수":1,
            "1km이내대형먀트수":1,
            "500m이내은행수":0,
            "500m이내병원수":0,
            "5km이내대형병원수":11,
            "500m이내공원수":2,
            "3km이내혐오시설수":0,
            "초등학교학업성취도":89.96,
            "중학교학업성취도":70.4,
            "용적률":228,
            "건폐율":45,
            "Y":37.562651,
            "X":127.048582,
            "rank":73.0,
            "area_info":"7평(25.18), 15평(50.17)",
            "last_sales":"1800-01-01,nan,7평(25.18)",
            "rank_history":[
                [
                    "202203",
                    73
                ],
                [
                    "202202",
                    9999
                ]
            ],
            "rank_gap":9999
        },
        {
            "index":720,
            "아파트명":"청계대주파크빌",
            "투자타입":"일반",
            "전용면적(m2)":"90.68",
            "전용면적(평)":"27평",
            "법정동주소":"서울시 성동구 홍익동 53",
            "도로명주소":"서울시 성동구 무학로12길 11",
            "세대수":0,
            "입주년차":40,
            "용적률점수":"--",
            "건폐율점수":"--",
            "세대당주차수":30,
            "난방방식":30,
            "공급면적":"--",
            "전용률":"--",
            "욕실수":100,
            "현관타입":100,
            "주거총점":35.5,
            "지역구공급총점":100.0,
            "역세권":80,
            "30분내 이동가능 거점":60,
            "1시간내 이동가능 거점":100,
            "교통총점":78.0,
            "백화점":100,
            "아울렛몰":80,
            "대형마트":100,
            "은행":20,
            "병원":0,
            "종합병원":100,
            "공원":100,
            "혐오시설":-50,
            "인프라총점":77.0,
            "초등학군":89.97,
            "중학군":46.98,
            "학군총점":55.578,
            "인구수":32.17,
            "인구증감":-14.67,
            "인구총점":18.118,
            "일자리":21.83,
            "소득수준":63.3,
            "일자리총점":34.271,
            "가치 총점":65.8367,
            "매매실거래년":20211129.0,
            "매매실거래가":104000.0,
            "전세실거래년":null,
            "전세실거래가":null,
            "전세가율":null,
            "장기전세가율평균":67.55,
            "전세가율거품지수":null,
            "검색코드":22692,
            "세대수":101.0,
            "준공년월":"2005-11-23",
            "준공년차":18.0,
            "가까운역이름":"상왕십리",
            "가까운역거리":364.42,
            "역세권여부":"역세권",
            "30분이내주요거점역":3,
            "30분거점역이름":"['을지로3가', '왕십리', '명동']",
            "1시간이내주요거점역":13,
            "1시간거점역이름":"['강남', '역삼', '잠실', '판교', '여의도', '을지로3가', '양재', '평촌', '왕십리', '홍대입구', '구로디지털단지', '명동', '서현']",
            "3km이내백화점수":1,
            "5km이내아울렛몰수":1,
            "1km이내대형먀트수":2,
            "500m이내은행수":2,
            "500m이내병원수":0,
            "5km이내대형병원수":11,
            "500m이내공원수":4,
            "3km이내혐오시설수":1,
            "초등학교학업성취도":89.97,
            "중학교학업성취도":76.9,
            "용적률":248,
            "건폐율":19,
            "Y":37.567307,
            "X":127.031268,
            "rank":74.0,
            "area_info":"27평(90.68), 28평(94.7), 29평(97.21), 30평(100.04), 30평(102.23), 30평(102.32), 30평(102.4)",
            "last_sales":"2021-11-29,104000.0,30평(102.4)",
            "rank_history":[
                [
                    "202203",
                    74
                ],
                [
                    "202202",
                    52
                ],
                [
                    "202201",
                    56
                ]
            ],
            "rank_gap":-22
        },
        {
            "index":501,
            "아파트명":"옥수강변풍림아이원",
            "투자타입":"일반",
            "전용면적(m2)":"105.86",
            "전용면적(평)":"32평",
            "법정동주소":"서울시 성동구 옥수동 60",
            "도로명주소":"서울시 성동구 뚝섬로 51",
            "세대수":0,
            "입주년차":40,
            "용적률점수":"--",
            "건폐율점수":"--",
            "세대당주차수":30,
            "난방방식":30,
            "공급면적":"--",
            "전용률":"--",
            "욕실수":100,
            "현관타입":100,
            "주거총점":35.5,
            "지역구공급총점":100.0,
            "역세권":80,
            "30분내 이동가능 거점":100,
            "1시간내 이동가능 거점":100,
            "교통총점":90.0,
            "백화점":100,
            "아울렛몰":100,
            "대형마트":0,
            "은행":0,
            "병원":0,
            "종합병원":100,
            "공원":80,
            "혐오시설":0,
            "인프라총점":62.4,
            "초등학군":89.96,
            "중학군":47.54,
            "학군총점":56.024,
            "인구수":32.17,
            "인구증감":-14.67,
            "인구총점":18.118,
            "일자리":21.83,
            "소득수준":63.3,
            "일자리총점":34.271,
            "가치 총점":65.7236,
            "매매실거래년":20211011.0,
            "매매실거래가":186000.0,
            "전세실거래년":20220216.0,
            "전세실거래가":69300.0,
            "전세가율":37.26,
            "장기전세가율평균":67.55,
            "전세가율거품지수":30.29,
            "검색코드":8593,
            "세대수":269.0,
            "준공년월":"2004-10-29",
            "준공년차":19.0,
            "가까운역이름":"옥수",
            "가까운역거리":218.34,
            "역세권여부":"역세권",
            "30분이내주요거점역":5,
            "30분거점역이름":"['역삼', '을지로3가', '양재', '왕십리', '명동']",
            "1시간이내주요거점역":16,
            "1시간거점역이름":"['강남', '역삼', '잠실', '판교', '여의도', '을지로3가', '양재', '정자', '평촌', '가산디지털단지', '왕십리', '홍대입구', '구로디지털단지', '명동', '서현', 'GTX성남(2023년)']",
            "3km이내백화점수":2,
            "5km이내아울렛몰수":2,
            "1km이내대형먀트수":0,
            "500m이내은행수":1,
            "500m이내병원수":0,
            "5km이내대형병원수":9,
            "500m이내공원수":1,
            "3km이내혐오시설수":0,
            "초등학교학업성취도":89.96,
            "중학교학업성취도":78.9,
            "용적률":247,
            "건폐율":18,
            "Y":37.542377,
            "X":127.019528,
            "rank":75.0,
            "area_info":"32평(105.86), 32평(105.86)",
            "last_sales":"2021-10-11,186000.0,32평(105.86)",
            "rank_history":[
                [
                    "202203",
                    75
                ],
                [
                    "202202",
                    72
                ],
                [
                    "202201",
                    69
                ]
            ],
            "rank_gap":-3
        },
        {
            "index":76,
            "아파트명":"롯데",
            "투자타입":"일반",
            "전용면적(m2)":"114.64",
            "전용면적(평)":"34평",
            "법정동주소":"서울시 성동구 금호동4가 1250",
            "도로명주소":"서울시 성동구 동호로 84",
            "세대수":0,
            "입주년차":20,
            "용적률점수":"--",
            "건폐율점수":"--",
            "세대당주차수":30,
            "난방방식":30,
            "공급면적":"--",
            "전용률":"--",
            "욕실수":100,
            "현관타입":100,
            "주거총점":31.5,
            "지역구공급총점":100.0,
            "역세권":80,
            "30분내 이동가능 거점":100,
            "1시간내 이동가능 거점":100,
            "교통총점":90.0,
            "백화점":100,
            "아울렛몰":100,
            "대형마트":0,
            "은행":20,
            "병원":0,
            "종합병원":100,
            "공원":100,
            "혐오시설":0,
            "인프라총점":65.0,
            "초등학군":89.98,
            "중학군":47.54,
            "학군총점":56.028,
            "인구수":32.17,
            "인구증감":-14.67,
            "인구총점":18.118,
            "일자리":21.83,
            "소득수준":63.3,
            "일자리총점":34.271,
            "가치 총점":65.7042,
            "매매실거래년":20211203.0,
            "매매실거래가":139500.0,
            "전세실거래년":20220222.0,
            "전세실거래가":78000.0,
            "전세가율":55.91,
            "장기전세가율평균":67.55,
            "전세가율거품지수":11.64,
            "검색코드":9213,
            "세대수":249.0,
            "준공년월":"2003-01-09",
            "준공년차":20.0,
            "가까운역이름":"금호",
            "가까운역거리":189.69,
            "역세권여부":"역세권",
            "30분이내주요거점역":6,
            "30분거점역이름":"['강남', '역삼', '을지로3가', '양재', '왕십리', '명동']",
            "1시간이내주요거점역":17,
            "1시간거점역이름":"['강남', '역삼', '잠실', '판교', '여의도', '을지로3가', '양재', '정자', '평촌', '가산디지털단지', '왕십리', '홍대입구', '구로디지털단지', '명동', '서현', '마곡', 'GTX성남(2023년)']",
            "3km이내백화점수":2,
            "5km이내아울렛몰수":2,
            "1km이내대형먀트수":0,
            "500m이내은행수":2,
            "500m이내병원수":0,
            "5km이내대형병원수":11,
            "500m이내공원수":4,
            "3km이내혐오시설수":0,
            "초등학교학업성취도":89.98,
            "중학교학업성취도":78.9,
            "용적률":298,
            "건폐율":20,
            "Y":37.546935,
            "X":127.017183,
            "rank":76.0,
            "area_info":"34평(114.64), 34평(114.79)",
            "last_sales":"2021-12-03,139500.0,34평(114.64)",
            "rank_history":[
                [
                    "202203",
                    76
                ],
                [
                    "202202",
                    73
                ],
                [
                    "202201",
                    67
                ]
            ],
            "rank_gap":-3
        },
        {
            "index":8,
            "아파트명":"금호삼성래미안",
            "투자타입":"일반",
            "전용면적(m2)":"78.46",
            "전용면적(평)":"23평",
            "법정동주소":"서울시 성동구 금호동1가 1500",
            "도로명주소":"서울시 성동구 독서당로 343",
            "세대수":50,
            "입주년차":20,
            "용적률점수":"--",
            "건폐율점수":"--",
            "세대당주차수":30,
            "난방방식":30,
            "공급면적":"--",
            "전용률":"--",
            "욕실수":100,
            "현관타입":100,
            "주거총점":49.0,
            "지역구공급총점":100.0,
            "역세권":50,
            "30분내 이동가능 거점":80,
            "1시간내 이동가능 거점":100,
            "교통총점":69.0,
            "백화점":100,
            "아울렛몰":80,
            "대형마트":80,
            "은행":20,
            "병원":0,
            "종합병원":100,
            "공원":100,
            "혐오시설":0,
            "인프라총점":75.0,
            "초등학군":89.98,
            "중학군":52.42,
            "학군총점":59.932,
            "인구수":32.17,
            "인구증감":-14.67,
            "인구총점":18.118,
            "일자리":21.83,
            "소득수준":63.3,
            "일자리총점":34.271,
            "가치 총점":65.4398,
            "매매실거래년":20211201.0,
            "매매실거래가":120000.0,
            "전세실거래년":20220125.0,
            "전세실거래가":46200.0,
            "전세가율":38.5,
            "장기전세가율평균":67.55,
            "전세가율거품지수":29.05,
            "검색코드":3417,
            "세대수":582.0,
            "준공년월":"2001-10-31",
            "준공년차":22.0,
            "가까운역이름":"응봉",
            "가까운역거리":632.67,
            "역세권여부":"준역세권",
            "30분이내주요거점역":4,
            "30분거점역이름":"['강남', '역삼', '왕십리', '명동']",
            "1시간이내주요거점역":15,
            "1시간거점역이름":"['강남', '역삼', '잠실', '판교', '여의도', '을지로3가', '양재', '정자', '평촌', '가산디지털단지', '왕십리', '홍대입구', '구로디지털단지', '명동', 'GTX성남(2023년)']",
            "3km이내백화점수":2,
            "5km이내아울렛몰수":1,
            "1km이내대형먀트수":1,
            "500m이내은행수":2,
            "500m이내병원수":0,
            "5km이내대형병원수":10,
            "500m이내공원수":4,
            "3km이내혐오시설수":0,
            "초등학교학업성취도":89.98,
            "중학교학업성취도":85.9,
            "용적률":227,
            "건폐율":20,
            "Y":37.549587,
            "X":127.027322,
            "rank":77.0,
            "area_info":"23평(78.46), 31평(105.33), 42평(138.88)",
            "last_sales":"2021-12-01,120000.0,23평(78.46)",
            "rank_history":[
                [
                    "202203",
                    77
                ],
                [
                    "202202",
                    53
                ],
                [
                    "202201",
                    58
                ]
            ],
            "rank_gap":-24
        },
        {
            "index":311,
            "아파트명":"장미",
            "투자타입":"재건축",
            "전용면적(m2)":"58.71",
            "전용면적(평)":"17평",
            "법정동주소":"서울시 성동구 성수동1가 656-421",
            "도로명주소":"서울시 성동구 왕십리로 66-15",
            "세대수":0,
            "입주년차":"--",
            "용적률점수":0,
            "건폐율점수":0,
            "세대당주차수":"--",
            "난방방식":"--",
            "공급면적":50,
            "전용률":80,
            "욕실수":"--",
            "현관타입":"--",
            "주거총점":6.5,
            "지역구공급총점":100.0,
            "역세권":80,
            "30분내 이동가능 거점":100,
            "1시간내 이동가능 거점":100,
            "교통총점":90.0,
            "백화점":100,
            "아울렛몰":80,
            "대형마트":80,
            "은행":70,
            "병원":0,
            "종합병원":100,
            "공원":100,
            "혐오시설":0,
            "인프라총점":80.0,
            "초등학군":89.96,
            "중학군":48.2,
            "학군총점":56.552,
            "인구수":32.17,
            "인구증감":-14.67,
            "인구총점":18.118,
            "일자리":21.83,
            "소득수준":63.3,
            "일자리총점":34.271,
            "가치 총점":65.2828,
            "매매실거래년":20200525.0,
            "매매실거래가":151000.0,
            "전세실거래년":20210220.0,
            "전세실거래가":20000.0,
            "전세가율":23.26,
            "장기전세가율평균":67.55,
            "전세가율거품지수":44.29,
            "검색코드":558,
            "세대수":173.0,
            "준공년월":"1982-04-30",
            "준공년차":41.0,
            "가까운역이름":"서울숲",
            "가까운역거리":128.17,
            "역세권여부":"역세권",
            "30분이내주요거점역":7,
            "30분거점역이름":"['강남', '역삼', '잠실', '을지로3가', '양재', '왕십리', '명동']",
            "1시간이내주요거점역":17,
            "1시간거점역이름":"['강남', '역삼', '잠실', '판교', '여의도', '을지로3가', '양재', '정자', '평촌', '가산디지털단지', '왕십리', '홍대입구', '구로디지털단지', '명동', '서현', 'GTX성남(2023년)', 'GTX동탄(2023년)']",
            "3km이내백화점수":3,
            "5km이내아울렛몰수":1,
            "1km이내대형먀트수":1,
            "500m이내은행수":3,
            "500m이내병원수":0,
            "5km이내대형병원수":8,
            "500m이내공원수":2,
            "3km이내혐오시설수":0,
            "초등학교학업성취도":89.96,
            "중학교학업성취도":79.0,
            "용적률":0,
            "건폐율":0,
            "Y":37.543108,
            "X":127.046032,
            "rank":78.0,
            "area_info":"17평(58.71), 19평(64.23), 19평(65.95), 24평(79.48), 24평(81.8)",
            "last_sales":"2020-05-25,151000.0,24평(81.8)",
            "rank_history":[
                [
                    "202203",
                    78
                ],
                [
                    "202202",
                    76
                ],
                [
                    "202201",
                    75
                ]
            ],
            "rank_gap":-2
        },
        {
            "index":82,
            "아파트명":"서울숲푸르지오1차",
            "투자타입":"일반",
            "전용면적(m2)":"73.07",
            "전용면적(평)":"22평",
            "법정동주소":"서울시 성동구 금호동4가 340",
            "도로명주소":"서울시 성동구 금호로 15",
            "세대수":80,
            "입주년차":40,
            "용적률점수":"--",
            "건폐율점수":"--",
            "세대당주차수":30,
            "난방방식":30,
            "공급면적":"--",
            "전용률":"--",
            "욕실수":50,
            "현관타입":100,
            "주거총점":58.5,
            "지역구공급총점":100.0,
            "역세권":50,
            "30분내 이동가능 거점":80,
            "1시간내 이동가능 거점":100,
            "교통총점":69.0,
            "백화점":100,
            "아울렛몰":100,
            "대형마트":0,
            "은행":70,
            "병원":0,
            "종합병원":100,
            "공원":100,
            "혐오시설":0,
            "인프라총점":70.0,
            "초등학군":89.97,
            "중학군":47.54,
            "학군총점":56.026,
            "인구수":32.17,
            "인구증감":-14.67,
            "인구총점":18.118,
            "일자리":21.83,
            "소득수준":63.3,
            "일자리총점":34.271,
            "가치 총점":65.2539,
            "매매실거래년":20211222.0,
            "매매실거래가":171000.0,
            "전세실거래년":20220217.0,
            "전세실거래가":70000.0,
            "전세가율":46.67,
            "장기전세가율평균":67.55,
            "전세가율거품지수":20.88,
            "검색코드":18541,
            "세대수":888.0,
            "준공년월":"2007-07-31",
            "준공년차":16.0,
            "가까운역이름":"옥수",
            "가까운역거리":580.9,
            "역세권여부":"준역세권",
            "30분이내주요거점역":4,
            "30분거점역이름":"['역삼', '을지로3가', '왕십리', '명동']",
            "1시간이내주요거점역":13,
            "1시간거점역이름":"['강남', '역삼', '판교', '여의도', '을지로3가', '양재', '정자', '가산디지털단지', '왕십리', '홍대입구', '구로디지털단지', '명동', 'GTX성남(2023년)']",
            "3km이내백화점수":2,
            "5km이내아울렛몰수":2,
            "1km이내대형먀트수":0,
            "500m이내은행수":3,
            "500m이내병원수":0,
            "5km이내대형병원수":9,
            "500m이내공원수":2,
            "3km이내혐오시설수":0,
            "초등학교학업성취도":89.97,
            "중학교학업성취도":78.9,
            "용적률":228,
            "건폐율":22,
            "Y":37.544958,
            "X":127.02221,
            "rank":79.0,
            "area_info":"22평(73.07), 23평(76.26), 23평(77.67), 31평(102.79), 31평(102.69), 31평(103.06), 38평(125.65), 41평(135.57), 41평(136.2)",
            "last_sales":"2021-12-22,171000.0,31평(102.69)",
            "rank_history":[
                [
                    "202203",
                    79
                ],
                [
                    "202202",
                    55
                ],
                [
                    "202201",
                    53
                ]
            ],
            "rank_gap":-24
        },
        {
            "index":308,
            "아파트명":"우성",
            "투자타입":"일반",
            "전용면적(m2)":"103.46",
            "전용면적(평)":"31평",
            "법정동주소":"서울시 성동구 성수동1가 716",
            "도로명주소":"서울시 성동구 성수일로11길 9",
            "세대수":0,
            "입주년차":40,
            "용적률점수":"--",
            "건폐율점수":"--",
            "세대당주차수":30,
            "난방방식":30,
            "공급면적":"--",
            "전용률":"--",
            "욕실수":100,
            "현관타입":100,
            "주거총점":35.5,
            "지역구공급총점":100.0,
            "역세권":80,
            "30분내 이동가능 거점":80,
            "1시간내 이동가능 거점":100,
            "교통총점":84.0,
            "백화점":100,
            "아울렛몰":80,
            "대형마트":0,
            "은행":70,
            "병원":0,
            "종합병원":100,
            "공원":100,
            "혐오시설":-50,
            "인프라총점":67.0,
            "초등학군":89.98,
            "중학군":48.2,
            "학군총점":56.556,
            "인구수":32.17,
            "인구증감":-14.67,
            "인구총점":18.118,
            "일자리":21.83,
            "소득수준":63.3,
            "일자리총점":34.271,
            "가치 총점":65.0834,
            "매매실거래년":20210408.0,
            "매매실거래가":125000.0,
            "전세실거래년":20220112.0,
            "전세실거래가":47000.0,
            "전세가율":37.6,
            "장기전세가율평균":67.55,
            "전세가율거품지수":29.95,
            "검색코드":19711,
            "세대수":55.0,
            "준공년월":"2004-11-11",
            "준공년차":19.0,
            "가까운역이름":"뚝섬",
            "가까운역거리":327.15,
            "역세권여부":"역세권",
            "30분이내주요거점역":4,
            "30분거점역이름":"['잠실', '을지로3가', '왕십리', '명동']",
            "1시간이내주요거점역":15,
            "1시간거점역이름":"['강남', '역삼', '잠실', '판교', '여의도', '을지로3가', '양재', '정자', '가산디지털단지', '왕십리', '홍대입구', '구로디지털단지', '명동', '서현', 'GTX동탄(2023년)']",
            "3km이내백화점수":2,
            "5km이내아울렛몰수":1,
            "1km이내대형먀트수":0,
            "500m이내은행수":4,
            "500m이내병원수":0,
            "5km이내대형병원수":11,
            "500m이내공원수":5,
            "3km이내혐오시설수":1,
            "초등학교학업성취도":89.98,
            "중학교학업성취도":79.0,
            "용적률":228,
            "건폐율":23,
            "Y":37.548847,
            "X":127.050497,
            "rank":80.0,
            "area_info":"31평(103.46), 31평(103.93), 45평(149.32)",
            "last_sales":"2021-04-08,125000.0,31평(103.46)",
            "rank_history":[
                [
                    "202203",
                    80
                ],
                [
                    "202202",
                    9999
                ]
            ],
            "rank_gap":9999
        },
        {
            "index":659,
            "아파트명":"두산",
            "투자타입":"일반",
            "전용면적(m2)":"79.12",
            "전용면적(평)":"23평",
            "법정동주소":"서울시 성동구 행당동 345",
            "도로명주소":"서울시 성동구 고산자로14길 40",
            "세대수":0,
            "입주년차":0,
            "용적률점수":"--",
            "건폐율점수":"--",
            "세대당주차수":0,
            "난방방식":30,
            "공급면적":"--",
            "전용률":"--",
            "욕실수":50,
            "현관타입":100,
            "주거총점":18.0,
            "지역구공급총점":100.0,
            "역세권":80,
            "30분내 이동가능 거점":80,
            "1시간내 이동가능 거점":100,
            "교통총점":84.0,
            "백화점":100,
            "아울렛몰":80,
            "대형마트":80,
            "은행":70,
            "병원":0,
            "종합병원":100,
            "공원":100,
            "혐오시설":-50,
            "인프라총점":79.0,
            "초등학군":89.97,
            "중학군":46.98,
            "학군총점":55.578,
            "인구수":32.17,
            "인구증감":-14.67,
            "인구총점":18.118,
            "일자리":21.83,
            "소득수준":63.3,
            "일자리총점":34.271,
            "가치 총점":65.0367,
            "매매실거래년":20211203.0,
            "매매실거래가":101000.0,
            "전세실거래년":20220221.0,
            "전세실거래가":55000.0,
            "전세가율":54.46,
            "장기전세가율평균":67.55,
            "전세가율거품지수":13.09,
            "검색코드":8854,
            "세대수":251.0,
            "준공년월":"1997-07-04",
            "준공년차":26.0,
            "가까운역이름":"왕십리",
            "가까운역거리":475.74,
            "역세권여부":"역세권",
            "30분이내주요거점역":4,
            "30분거점역이름":"['역삼', '을지로3가', '왕십리', '명동']",
            "1시간이내주요거점역":17,
            "1시간거점역이름":"['강남', '역삼', '잠실', '판교', '여의도', '을지로3가', '양재', '정자', '가산디지털단지', '왕십리', '홍대입구', '구로디지털단지', '명동', '서현', '마곡', 'GTX성남(2023년)', 'GTX동탄(2023년)']",
            "3km이내백화점수":1,
            "5km이내아울렛몰수":1,
            "1km이내대형먀트수":1,
            "500m이내은행수":4,
            "500m이내병원수":0,
            "5km이내대형병원수":12,
            "500m이내공원수":2,
            "3km이내혐오시설수":1,
            "초등학교학업성취도":89.97,
            "중학교학업성취도":76.9,
            "용적률":394,
            "건폐율":27,
            "Y":37.564724,
            "X":127.037176,
            "rank":81.0,
            "area_info":"23평(79.12), 31평(104.26)",
            "last_sales":"2021-12-03,101000.0,23평(79.12)",
            "rank_history":[
                [
                    "202203",
                    81
                ],
                [
                    "202202",
                    64
                ],
                [
                    "202201",
                    50
                ]
            ],
            "rank_gap":-17
        },
        {
            "index":426,
            "아파트명":"성수우방2차",
            "투자타입":"일반",
            "전용면적(m2)":"80.25",
            "전용면적(평)":"24평",
            "법정동주소":"서울시 성동구 성수동2가 286",
            "도로명주소":"서울시 성동구 성수일로10길 3",
            "세대수":0,
            "입주년차":20,
            "용적률점수":"--",
            "건폐율점수":"--",
            "세대당주차수":0,
            "난방방식":30,
            "공급면적":"--",
            "전용률":"--",
            "욕실수":50,
            "현관타입":50,
            "주거총점":17.0,
            "지역구공급총점":100.0,
            "역세권":80,
            "30분내 이동가능 거점":80,
            "1시간내 이동가능 거점":100,
            "교통총점":84.0,
            "백화점":100,
            "아울렛몰":80,
            "대형마트":80,
            "은행":70,
            "병원":0,
            "종합병원":100,
            "공원":100,
            "혐오시설":-50,
            "인프라총점":79.0,
            "초등학군":89.98,
            "중학군":48.2,
            "학군총점":56.556,
            "인구수":32.17,
            "인구증감":-14.67,
            "인구총점":18.118,
            "일자리":21.83,
            "소득수준":63.3,
            "일자리총점":34.271,
            "가치 총점":64.9834,
            "매매실거래년":20211022.0,
            "매매실거래가":120000.0,
            "전세실거래년":20220212.0,
            "전세실거래가":39900.0,
            "전세가율":46.94,
            "장기전세가율평균":67.55,
            "전세가율거품지수":20.61,
            "검색코드":324,
            "세대수":221.0,
            "준공년월":"1999-12-08",
            "준공년차":24.0,
            "가까운역이름":"뚝섬",
            "가까운역거리":402.51,
            "역세권여부":"역세권",
            "30분이내주요거점역":4,
            "30분거점역이름":"['잠실', '을지로3가', '왕십리', '명동']",
            "1시간이내주요거점역":15,
            "1시간거점역이름":"['강남', '역삼', '잠실', '판교', '여의도', '을지로3가', '양재', '정자', '가산디지털단지', '왕십리', '홍대입구', '구로디지털단지', '명동', '서현', 'GTX동탄(2023년)']",
            "3km이내백화점수":2,
            "5km이내아울렛몰수":1,
            "1km이내대형먀트수":1,
            "500m이내은행수":4,
            "500m이내병원수":0,
            "5km이내대형병원수":11,
            "500m이내공원수":4,
            "3km이내혐오시설수":1,
            "초등학교학업성취도":89.98,
            "중학교학업성취도":79.0,
            "용적률":372,
            "건폐율":26,
            "Y":37.548371,
            "X":127.051725,
            "rank":82.0,
            "area_info":"24평(80.25), 28평(95.63), 34평(113.56), 34평(113.69)",
            "last_sales":"2021-10-22,120000.0,34평(113.56)",
            "rank_history":[
                [
                    "202203",
                    82
                ],
                [
                    "202202",
                    61
                ],
                [
                    "202201",
                    59
                ]
            ],
            "rank_gap":-21
        },
        {
            "index":175,
            "아파트명":"중앙하이츠",
            "투자타입":"일반",
            "전용면적(m2)":"87.53",
            "전용면적(평)":"26평",
            "법정동주소":"서울시 성동구 마장동 819",
            "도로명주소":"서울시 성동구 마장로 262",
            "세대수":0,
            "입주년차":20,
            "용적률점수":"--",
            "건폐율점수":"--",
            "세대당주차수":30,
            "난방방식":30,
            "공급면적":"--",
            "전용률":"--",
            "욕실수":50,
            "현관타입":10,
            "주거총점":17.5,
            "지역구공급총점":100.0,
            "역세권":80,
            "30분내 이동가능 거점":80,
            "1시간내 이동가능 거점":100,
            "교통총점":84.0,
            "백화점":100,
            "아울렛몰":80,
            "대형마트":80,
            "은행":70,
            "병원":0,
            "종합병원":100,
            "공원":100,
            "혐오시설":-50,
            "인프라총점":79.0,
            "초등학군":90.0,
            "중학군":46.98,
            "학군총점":55.584,
            "인구수":32.17,
            "인구증감":-14.67,
            "인구총점":18.118,
            "일자리":21.83,
            "소득수준":63.3,
            "일자리총점":34.271,
            "가치 총점":64.9376,
            "매매실거래년":20220128.0,
            "매매실거래가":110000.0,
            "전세실거래년":20220119.0,
            "전세실거래가":50000.0,
            "전세가율":55.68,
            "장기전세가율평균":67.55,
            "전세가율거품지수":11.87,
            "검색코드":1171,
            "세대수":170.0,
            "준공년월":"1999-05-31",
            "준공년차":24.0,
            "가까운역이름":"마장",
            "가까운역거리":373.93,
            "역세권여부":"역세권",
            "30분이내주요거점역":4,
            "30분거점역이름":"['역삼', '을지로3가', '왕십리', '명동']",
            "1시간이내주요거점역":18,
            "1시간거점역이름":"['강남', '역삼', '잠실', '판교', '여의도', '을지로3가', '양재', '정자', '평촌', '가산디지털단지', '왕십리', '홍대입구', '구로디지털단지', '명동', '서현', '마곡', 'GTX성남(2023년)', 'GTX동탄(2023년)']",
            "3km이내백화점수":1,
            "5km이내아울렛몰수":1,
            "1km이내대형먀트수":1,
            "500m이내은행수":4,
            "500m이내병원수":0,
            "5km이내대형병원수":12,
            "500m이내공원수":2,
            "3km이내혐오시설수":1,
            "초등학교학업성취도":90.0,
            "중학교학업성취도":76.9,
            "용적률":367,
            "건폐율":22,
            "Y":37.565611,
            "X":127.038795,
            "rank":83.0,
            "area_info":"26평(87.53), 33평(109.29)",
            "last_sales":"2022-01-28,110000.0,33평(109.29)",
            "rank_history":[
                [
                    "202203",
                    83
                ],
                [
                    "202202",
                    65
                ],
                [
                    "202201",
                    57
                ]
            ],
            "rank_gap":-18
        },
        {
            "index":251,
            "아파트명":"성수금호베스트빌3차",
            "투자타입":"일반",
            "전용면적(m2)":"76.11",
            "전용면적(평)":"23평",
            "법정동주소":"서울시 성동구 성수동1가 714",
            "도로명주소":"서울시 성동구 뚝섬로5길 17",
            "세대수":0,
            "입주년차":20,
            "용적률점수":"--",
            "건폐율점수":"--",
            "세대당주차수":30,
            "난방방식":30,
            "공급면적":"--",
            "전용률":"--",
            "욕실수":50,
            "현관타입":100,
            "주거총점":26.5,
            "지역구공급총점":100.0,
            "역세권":50,
            "30분내 이동가능 거점":100,
            "1시간내 이동가능 거점":100,
            "교통총점":75.0,
            "백화점":100,
            "아울렛몰":80,
            "대형마트":80,
            "은행":100,
            "병원":0,
            "종합병원":100,
            "공원":100,
            "혐오시설":0,
            "인프라총점":83.0,
            "초등학군":89.98,
            "중학군":48.2,
            "학군총점":56.556,
            "인구수":32.17,
            "인구증감":-14.67,
            "인구총점":18.118,
            "일자리":21.83,
            "소득수준":63.3,
            "일자리총점":34.271,
            "가치 총점":64.9334,
            "매매실거래년":20210814.0,
            "매매실거래가":129000.0,
            "전세실거래년":20220110.0,
            "전세실거래가":70000.0,
            "전세가율":54.26,
            "장기전세가율평균":67.55,
            "전세가율거품지수":13.29,
            "검색코드":9481,
            "세대수":159.0,
            "준공년월":"2003-09-25",
            "준공년차":20.0,
            "가까운역이름":"서울숲",
            "가까운역거리":534.14,
            "역세권여부":"준역세권",
            "30분이내주요거점역":5,
            "30분거점역이름":"['역삼', '잠실', '을지로3가', '왕십리', '명동']",
            "1시간이내주요거점역":16,
            "1시간거점역이름":"['강남', '역삼', '잠실', '판교', '여의도', '을지로3가', '양재', '정자', '가산디지털단지', '왕십리', '홍대입구', '구로디지털단지', '명동', '서현', 'GTX성남(2023년)', 'GTX동탄(2023년)']",
            "3km이내백화점수":3,
            "5km이내아울렛몰수":1,
            "1km이내대형먀트수":1,
            "500m이내은행수":6,
            "500m이내병원수":0,
            "5km이내대형병원수":8,
            "500m이내공원수":4,
            "3km이내혐오시설수":0,
            "초등학교학업성취도":89.98,
            "중학교학업성취도":79.0,
            "용적률":249,
            "건폐율":19,
            "Y":37.54192,
            "X":127.0504,
            "rank":84.0,
            "area_info":"23평(76.11), 32평(108.59), 32평(108.59)",
            "last_sales":"2021-08-14,129000.0,23평(76.11)",
            "rank_history":[
                [
                    "202203",
                    84
                ],
                [
                    "202202",
                    77
                ],
                [
                    "202201",
                    74
                ]
            ],
            "rank_gap":-7
        },
        {
            "index":479,
            "아파트명":"동인샤인빌",
            "투자타입":"일반",
            "전용면적(m2)":"72.95",
            "전용면적(평)":"22평",
            "법정동주소":"서울시 성동구 옥수동 12",
            "도로명주소":"서울시 성동구 독서당로 242",
            "세대수":0,
            "입주년차":20,
            "용적률점수":"--",
            "건폐율점수":"--",
            "세대당주차수":0,
            "난방방식":30,
            "공급면적":"--",
            "전용률":"--",
            "욕실수":100,
            "현관타입":100,
            "주거총점":27.0,
            "지역구공급총점":100.0,
            "역세권":80,
            "30분내 이동가능 거점":100,
            "1시간내 이동가능 거점":100,
            "교통총점":90.0,
            "백화점":100,
            "아울렛몰":100,
            "대형마트":0,
            "은행":20,
            "병원":0,
            "종합병원":100,
            "공원":100,
            "혐오시설":0,
            "인프라총점":65.0,
            "초등학군":89.98,
            "중학군":47.54,
            "학군총점":56.028,
            "인구수":32.17,
            "인구증감":-14.67,
            "인구총점":18.118,
            "일자리":21.83,
            "소득수준":63.3,
            "일자리총점":34.271,
            "가치 총점":64.8042,
            "매매실거래년":20210904.0,
            "매매실거래가":99300.0,
            "전세실거래년":20210605.0,
            "전세실거래가":45000.0,
            "전세가율":45.32,
            "장기전세가율평균":67.55,
            "전세가율거품지수":22.23,
            "검색코드":9173,
            "세대수":68.0,
            "준공년월":"2003-01-30",
            "준공년차":20.0,
            "가까운역이름":"금호",
            "가까운역거리":391.26,
            "역세권여부":"역세권",
            "30분이내주요거점역":6,
            "30분거점역이름":"['강남', '역삼', '을지로3가', '양재', '왕십리', '명동']",
            "1시간이내주요거점역":14,
            "1시간거점역이름":"['강남', '역삼', '판교', '여의도', '을지로3가', '양재', '정자', '가산디지털단지', '왕십리', '홍대입구', '구로디지털단지', '명동', '마곡', 'GTX성남(2023년)']",
            "3km이내백화점수":2,
            "5km이내아울렛몰수":2,
            "1km이내대형먀트수":0,
            "500m이내은행수":2,
            "500m이내병원수":0,
            "5km이내대형병원수":9,
            "500m이내공원수":3,
            "3km이내혐오시설수":0,
            "초등학교학업성취도":89.98,
            "중학교학업성취도":78.9,
            "용적률":226,
            "건폐율":23,
            "Y":37.545028,
            "X":127.017581,
            "rank":85.0,
            "area_info":"22평(72.95), 30평(99.19)",
            "last_sales":"2021-09-04,99300.0,22평(72.95)",
            "rank_history":[
                [
                    "202203",
                    85
                ],
                [
                    "202202",
                    9999
                ]
            ],
            "rank_gap":9999
        },
        {
            "index":534,
            "아파트명":"덕현해밀",
            "투자타입":"일반",
            "전용면적(m2)":"66.89",
            "전용면적(평)":"20평",
            "법정동주소":"서울시 성동구 용답동 252",
            "도로명주소":"서울시 성동구",
            "세대수":0,
            "입주년차":80,
            "용적률점수":"--",
            "건폐율점수":"--",
            "세대당주차수":30,
            "난방방식":30,
            "공급면적":"--",
            "전용률":"--",
            "욕실수":50,
            "현관타입":100,
            "주거총점":38.5,
            "지역구공급총점":100.0,
            "역세권":80,
            "30분내 이동가능 거점":80,
            "1시간내 이동가능 거점":100,
            "교통총점":84.0,
            "백화점":100,
            "아울렛몰":80,
            "대형마트":0,
            "은행":70,
            "병원":0,
            "종합병원":100,
            "공원":0,
            "혐오시설":0,
            "인프라총점":65.0,
            "초등학군":89.97,
            "중학군":42.48,
            "학군총점":51.978,
            "인구수":32.17,
            "인구증감":-14.67,
            "인구총점":18.118,
            "일자리":21.83,
            "소득수준":63.3,
            "일자리총점":34.271,
            "가치 총점":64.3967,
            "매매실거래년":20211120.0,
            "매매실거래가":100000.0,
            "전세실거래년":20210727.0,
            "전세실거래가":50000.0,
            "전세가율":86.21,
            "장기전세가율평균":67.55,
            "전세가율거품지수":-18.66,
            "검색코드":109007,
            "세대수":66.0,
            "준공년월":"2014-01-23",
            "준공년차":9.0,
            "가까운역이름":"답십리",
            "가까운역거리":263.42,
            "역세권여부":"역세권",
            "30분이내주요거점역":4,
            "30분거점역이름":"['잠실', '을지로3가', '왕십리', '명동']",
            "1시간이내주요거점역":14,
            "1시간거점역이름":"['강남', '역삼', '잠실', '판교', '여의도', '을지로3가', '양재', '가산디지털단지', '왕십리', '홍대입구', '구로디지털단지', '명동', '서현', '마곡']",
            "3km이내백화점수":1,
            "5km이내아울렛몰수":1,
            "1km이내대형먀트수":0,
            "500m이내은행수":3,
            "500m이내병원수":0,
            "5km이내대형병원수":10,
            "500m이내공원수":0,
            "3km이내혐오시설수":0,
            "초등학교학업성취도":89.97,
            "중학교학업성취도":70.4,
            "용적률":248,
            "건폐율":34,
            "Y":37.564683,
            "X":127.053318,
            "rank":86.0,
            "area_info":"20평(66.89), 28평(93.69), 28평(95.31), 29평(96.5), 30평(100.13), 31평(103.55), 31평(104.85), 33평(110.14)",
            "last_sales":"2021-11-20,100000.0,33평(110.14)",
            "rank_history":[
                [
                    "202203",
                    86
                ],
                [
                    "202202",
                    9999
                ]
            ],
            "rank_gap":9999
        },
        {
            "index":331,
            "아파트명":"한진타운",
            "투자타입":"일반",
            "전용면적(m2)":"78.94",
            "전용면적(평)":"23평",
            "법정동주소":"서울시 성동구 성수동1가 704",
            "도로명주소":"서울시 성동구 뚝섬로 310",
            "세대수":30,
            "입주년차":0,
            "용적률점수":"--",
            "건폐율점수":"--",
            "세대당주차수":0,
            "난방방식":30,
            "공급면적":"--",
            "전용률":"--",
            "욕실수":50,
            "현관타입":10,
            "주거총점":19.5,
            "지역구공급총점":100.0,
            "역세권":80,
            "30분내 이동가능 거점":80,
            "1시간내 이동가능 거점":100,
            "교통총점":84.0,
            "백화점":100,
            "아울렛몰":80,
            "대형마트":80,
            "은행":20,
            "병원":0,
            "종합병원":100,
            "공원":100,
            "혐오시설":0,
            "인프라총점":75.0,
            "초등학군":89.96,
            "중학군":48.2,
            "학군총점":56.552,
            "인구수":32.17,
            "인구증감":-14.67,
            "인구총점":18.118,
            "일자리":21.83,
            "소득수준":63.3,
            "일자리총점":34.271,
            "가치 총점":64.2828,
            "매매실거래년":20211117.0,
            "매매실거래가":175000.0,
            "전세실거래년":20220218.0,
            "전세실거래가":47000.0,
            "전세가율":33.57,
            "장기전세가율평균":67.55,
            "전세가율거품지수":33.98,
            "검색코드":560,
            "세대수":378.0,
            "준공년월":"1994-04-04",
            "준공년차":29.0,
            "가까운역이름":"서울숲",
            "가까운역거리":289.67,
            "역세권여부":"역세권",
            "30분이내주요거점역":4,
            "30분거점역이름":"['강남', '역삼', '을지로3가', '왕십리']",
            "1시간이내주요거점역":17,
            "1시간거점역이름":"['강남', '역삼', '잠실', '판교', '여의도', '을지로3가', '양재', '정자', '평촌', '가산디지털단지', '왕십리', '홍대입구', '구로디지털단지', '명동', '서현', 'GTX성남(2023년)', 'GTX동탄(2023년)']",
            "3km이내백화점수":3,
            "5km이내아울렛몰수":1,
            "1km이내대형먀트수":1,
            "500m이내은행수":2,
            "500m이내병원수":0,
            "5km이내대형병원수":8,
            "500m이내공원수":2,
            "3km이내혐오시설수":0,
            "초등학교학업성취도":89.96,
            "중학교학업성취도":79.0,
            "용적률":294,
            "건폐율":28,
            "Y":37.541093,
            "X":127.045401,
            "rank":87.0,
            "area_info":"23평(78.94), 31평(103.53)",
            "last_sales":"2021-11-17,175000.0,31평(103.53)",
            "rank_history":[
                [
                    "202203",
                    87
                ],
                [
                    "202202",
                    69
                ],
                [
                    "202201",
                    73
                ]
            ],
            "rank_gap":-18
        },
        {
            "index":192,
            "아파트명":"센트럴큐브(도시형)",
            "투자타입":"일반",
            "전용면적(m2)":"33.3",
            "전용면적(평)":"10평",
            "법정동주소":"서울시 성동구 상왕십리동 12-47",
            "도로명주소":"서울시 성동구 난계로24길 19",
            "세대수":0,
            "입주년차":100,
            "용적률점수":"--",
            "건폐율점수":"--",
            "세대당주차수":0,
            "난방방식":30,
            "공급면적":"--",
            "전용률":"--",
            "욕실수":50,
            "현관타입":100,
            "주거총점":38.0,
            "지역구공급총점":100.0,
            "역세권":50,
            "30분내 이동가능 거점":80,
            "1시간내 이동가능 거점":100,
            "교통총점":69.0,
            "백화점":100,
            "아울렛몰":80,
            "대형마트":80,
            "은행":70,
            "병원":0,
            "종합병원":100,
            "공원":100,
            "혐오시설":0,
            "인프라총점":80.0,
            "초등학군":89.97,
            "중학군":48.22,
            "학군총점":56.57,
            "인구수":32.17,
            "인구증감":-14.67,
            "인구총점":18.118,
            "일자리":21.83,
            "소득수준":63.3,
            "일자리총점":34.271,
            "가치 총점":64.2355,
            "매매실거래년":20210413.0,
            "매매실거래가":30800.0,
            "전세실거래년":null,
            "전세실거래가":null,
            "전세가율":null,
            "장기전세가율평균":67.55,
            "전세가율거품지수":null,
            "검색코드":120863,
            "세대수":75.0,
            "준공년월":"2019-04-04",
            "준공년차":4.0,
            "가까운역이름":"신설동",
            "가까운역거리":605.4,
            "역세권여부":"준역세권",
            "30분이내주요거점역":4,
            "30분거점역이름":"['여의도', '을지로3가', '왕십리', '명동']",
            "1시간이내주요거점역":11,
            "1시간거점역이름":"['강남', '역삼', '잠실', '여의도', '을지로3가', '양재', '가산디지털단지', '왕십리', '홍대입구', '구로디지털단지', '명동']",
            "3km이내백화점수":1,
            "5km이내아울렛몰수":1,
            "1km이내대형먀트수":1,
            "500m이내은행수":3,
            "500m이내병원수":0,
            "5km이내대형병원수":10,
            "500m이내공원수":6,
            "3km이내혐오시설수":0,
            "초등학교학업성취도":89.97,
            "중학교학업성취도":79.3,
            "용적률":599,
            "건폐율":52,
            "Y":37.570651,
            "X":127.025519,
            "rank":88.0,
            "area_info":"10평(33.3), 10평(33.3), 10평(33.3), 12평(40.86), 12평(42.15)",
            "last_sales":"2021-04-13,30800.0,12평(42.15)",
            "rank_history":[
                [
                    "202203",
                    88
                ],
                [
                    "202202",
                    9999
                ]
            ],
            "rank_gap":9999
        },
        {
            "index":190,
            "아파트명":"한양마이라움(도시형)",
            "투자타입":"일반",
            "전용면적(m2)":"25.8",
            "전용면적(평)":"7평",
            "법정동주소":"서울시 성동구 사근동 315",
            "도로명주소":"서울시 성동구 살곶이길 146",
            "세대수":0,
            "입주년차":80,
            "용적률점수":"--",
            "건폐율점수":"--",
            "세대당주차수":0,
            "난방방식":30,
            "공급면적":"--",
            "전용률":"--",
            "욕실수":50,
            "현관타입":10,
            "주거총점":25.0,
            "지역구공급총점":100.0,
            "역세권":80,
            "30분내 이동가능 거점":80,
            "1시간내 이동가능 거점":100,
            "교통총점":84.0,
            "백화점":100,
            "아울렛몰":80,
            "대형마트":80,
            "은행":0,
            "병원":0,
            "종합병원":100,
            "공원":100,
            "혐오시설":0,
            "인프라총점":73.0,
            "초등학군":89.96,
            "중학군":42.48,
            "학군총점":51.976,
            "인구수":32.17,
            "인구증감":-14.67,
            "인구총점":18.118,
            "일자리":21.83,
            "소득수준":63.3,
            "일자리총점":34.271,
            "가치 총점":64.0964,
            "매매실거래년":20211119.0,
            "매매실거래가":17500.0,
            "전세실거래년":20220210.0,
            "전세실거래가":15400.0,
            "전세가율":88.0,
            "장기전세가율평균":67.55,
            "전세가율거품지수":-20.45,
            "검색코드":122916,
            "세대수":107.0,
            "준공년월":"2018-02-20",
            "준공년차":5.0,
            "가까운역이름":"용답",
            "가까운역거리":275.11,
            "역세권여부":"역세권",
            "30분이내주요거점역":4,
            "30분거점역이름":"['잠실', '을지로3가', '왕십리', '명동']",
            "1시간이내주요거점역":13,
            "1시간거점역이름":"['강남', '역삼', '잠실', '판교', '여의도', '을지로3가', '양재', '가산디지털단지', '왕십리', '홍대입구', '구로디지털단지', '명동', '서현']",
            "3km이내백화점수":1,
            "5km이내아울렛몰수":1,
            "1km이내대형먀트수":1,
            "500m이내은행수":0,
            "500m이내병원수":0,
            "5km이내대형병원수":11,
            "500m이내공원수":2,
            "3km이내혐오시설수":0,
            "초등학교학업성취도":89.96,
            "중학교학업성취도":70.4,
            "용적률":199,
            "건폐율":49,
            "Y":37.56341,
            "X":127.048224,
            "rank":89.0,
            "area_info":"7평(25.8), 7평(26.33)",
            "last_sales":"2021-11-19,17500.0,7평(25.8)",
            "rank_history":[
                [
                    "202203",
                    89
                ],
                [
                    "202202",
                    79
                ],
                [
                    "202201",
                    82
                ]
            ],
            "rank_gap":-10
        },
        {
            "index":588,
            "아파트명":"무학현대",
            "투자타입":"일반",
            "전용면적(m2)":"97.86",
            "전용면적(평)":"29평",
            "법정동주소":"서울시 성동구 하왕십리동 992",
            "도로명주소":"서울시 성동구 무학봉길 49",
            "세대수":0,
            "입주년차":0,
            "용적률점수":"--",
            "건폐율점수":"--",
            "세대당주차수":0,
            "난방방식":30,
            "공급면적":"--",
            "전용률":"--",
            "욕실수":100,
            "현관타입":100,
            "주거총점":23.0,
            "지역구공급총점":100.0,
            "역세권":80,
            "30분내 이동가능 거점":60,
            "1시간내 이동가능 거점":100,
            "교통총점":78.0,
            "백화점":100,
            "아울렛몰":80,
            "대형마트":100,
            "은행":20,
            "병원":0,
            "종합병원":100,
            "공원":100,
            "혐오시설":0,
            "인프라총점":78.0,
            "초등학군":90.0,
            "중학군":49.8,
            "학군총점":57.84,
            "인구수":32.17,
            "인구증감":-14.67,
            "인구총점":18.118,
            "일자리":21.83,
            "소득수준":63.3,
            "일자리총점":34.271,
            "가치 총점":63.976,
            "매매실거래년":20211009.0,
            "매매실거래가":96000.0,
            "전세실거래년":20220128.0,
            "전세실거래가":42000.0,
            "전세가율":44.07,
            "장기전세가율평균":67.55,
            "전세가율거품지수":23.48,
            "검색코드":838,
            "세대수":277.0,
            "준공년월":"1996-03-15",
            "준공년차":27.0,
            "가까운역이름":"상왕십리",
            "가까운역거리":350.62,
            "역세권여부":"역세권",
            "30분이내주요거점역":3,
            "30분거점역이름":"['을지로3가', '왕십리', '명동']",
            "1시간이내주요거점역":15,
            "1시간거점역이름":"['강남', '역삼', '잠실', '판교', '여의도', '을지로3가', '양재', '가산디지털단지', '왕십리', '홍대입구', '구로디지털단지', '명동', '서현', '마곡', 'GTX킨텍스(2023년)']",
            "3km이내백화점수":1,
            "5km이내아울렛몰수":1,
            "1km이내대형먀트수":2,
            "500m이내은행수":2,
            "500m이내병원수":0,
            "5km이내대형병원수":11,
            "500m이내공원수":4,
            "3km이내혐오시설수":0,
            "초등학교학업성취도":90.0,
            "중학교학업성취도":80.6,
            "용적률":220,
            "건폐율":21,
            "Y":37.561433,
            "X":127.028062,
            "rank":90.0,
            "area_info":"29평(97.86), 29평(98.44)",
            "last_sales":"2021-10-09,96000.0,29평(98.44)",
            "rank_history":[
                [
                    "202203",
                    90
                ],
                [
                    "202202",
                    49
                ],
                [
                    "202201",
                    45
                ]
            ],
            "rank_gap":-41
        },
        {
            "index":177,
            "아파트명":"사근벽산",
            "투자타입":"일반",
            "전용면적(m2)":"31.35",
            "전용면적(평)":"9평",
            "법정동주소":"서울시 성동구 사근동 314",
            "도로명주소":"서울시 성동구 살곶이길 176",
            "세대수":0,
            "입주년차":20,
            "용적률점수":"--",
            "건폐율점수":"--",
            "세대당주차수":30,
            "난방방식":30,
            "공급면적":"--",
            "전용률":"--",
            "욕실수":50,
            "현관타입":100,
            "주거총점":26.5,
            "지역구공급총점":100.0,
            "역세권":80,
            "30분내 이동가능 거점":80,
            "1시간내 이동가능 거점":100,
            "교통총점":84.0,
            "백화점":100,
            "아울렛몰":80,
            "대형마트":80,
            "은행":0,
            "병원":0,
            "종합병원":100,
            "공원":80,
            "혐오시설":-50,
            "인프라총점":71.4,
            "초등학군":89.96,
            "중학군":42.48,
            "학군총점":51.976,
            "인구수":32.17,
            "인구증감":-14.67,
            "인구총점":18.118,
            "일자리":21.83,
            "소득수준":63.3,
            "일자리총점":34.271,
            "가치 총점":63.9164,
            "매매실거래년":20210713.0,
            "매매실거래가":89000.0,
            "전세실거래년":20180218.0,
            "전세실거래가":12000.0,
            "전세가율":150.0,
            "장기전세가율평균":67.55,
            "전세가율거품지수":-82.45,
            "검색코드":1172,
            "세대수":133.0,
            "준공년월":"2000-05-15",
            "준공년차":23.0,
            "가까운역이름":"용답",
            "가까운역거리":202.64,
            "역세권여부":"역세권",
            "30분이내주요거점역":4,
            "30분거점역이름":"['잠실', '을지로3가', '왕십리', '명동']",
            "1시간이내주요거점역":13,
            "1시간거점역이름":"['강남', '역삼', '잠실', '판교', '여의도', '을지로3가', '양재', '가산디지털단지', '왕십리', '홍대입구', '구로디지털단지', '명동', '서현']",
            "3km이내백화점수":1,
            "5km이내아울렛몰수":1,
            "1km이내대형먀트수":1,
            "500m이내은행수":0,
            "500m이내병원수":0,
            "5km이내대형병원수":12,
            "500m이내공원수":1,
            "3km이내혐오시설수":1,
            "초등학교학업성취도":89.96,
            "중학교학업성취도":70.4,
            "용적률":373,
            "건폐율":25,
            "Y":37.560626,
            "X":127.049578,
            "rank":91.0,
            "area_info":"9평(31.35), 24평(80.58), 32평(108.08), 38평(127.51)",
            "last_sales":"2021-07-13,89000.0,38평(127.51)",
            "rank_history":[
                [
                    "202203",
                    91
                ],
                [
                    "202202",
                    70
                ],
                [
                    "202201",
                    76
                ]
            ],
            "rank_gap":-21
        },
        {
            "index":727,
            "아파트명":"홍익한신",
            "투자타입":"재건축",
            "전용면적(m2)":"62.98",
            "전용면적(평)":"19평",
            "법정동주소":"서울시 성동구 홍익동 119-1",
            "도로명주소":"서울시 성동구 마장로 219",
            "세대수":0,
            "입주년차":"--",
            "용적률점수":0,
            "건폐율점수":0,
            "세대당주차수":"--",
            "난방방식":"--",
            "공급면적":50,
            "전용률":100,
            "욕실수":"--",
            "현관타입":"--",
            "주거총점":7.5,
            "지역구공급총점":100.0,
            "역세권":80,
            "30분내 이동가능 거점":80,
            "1시간내 이동가능 거점":100,
            "교통총점":84.0,
            "백화점":100,
            "아울렛몰":80,
            "대형마트":100,
            "은행":70,
            "병원":0,
            "종합병원":100,
            "공원":100,
            "혐오시설":-50,
            "인프라총점":82.0,
            "초등학군":89.97,
            "중학군":46.98,
            "학군총점":55.578,
            "인구수":32.17,
            "인구증감":-14.67,
            "인구총점":18.118,
            "일자리":21.83,
            "소득수준":63.3,
            "일자리총점":34.271,
            "가치 총점":63.8367,
            "매매실거래년":20150224.0,
            "매매실거래가":27500.0,
            "전세실거래년":null,
            "전세실거래가":null,
            "전세가율":null,
            "장기전세가율평균":67.55,
            "전세가율거품지수":null,
            "검색코드":12943,
            "세대수":95.0,
            "준공년월":"1975-06-24",
            "준공년차":48.0,
            "가까운역이름":"상왕십리",
            "가까운역거리":476.1,
            "역세권여부":"역세권",
            "30분이내주요거점역":4,
            "30분거점역이름":"['역삼', '을지로3가', '왕십리', '명동']",
            "1시간이내주요거점역":15,
            "1시간거점역이름":"['강남', '역삼', '잠실', '판교', '여의도', '을지로3가', '양재', '정자', '가산디지털단지', '왕십리', '홍대입구', '구로디지털단지', '명동', '서현', 'GTX동탄(2023년)']",
            "3km이내백화점수":1,
            "5km이내아울렛몰수":1,
            "1km이내대형먀트수":2,
            "500m이내은행수":3,
            "500m이내병원수":0,
            "5km이내대형병원수":12,
            "500m이내공원수":2,
            "3km이내혐오시설수":1,
            "초등학교학업성취도":89.97,
            "중학교학업성취도":76.9,
            "용적률":0,
            "건폐율":0,
            "Y":37.56664,
            "X":127.033904,
            "rank":92.0,
            "area_info":"19평(62.98), 19평(62.98), 19평(64.53), 20평(67.53), 20평(67.54), 20평(69.29), 20평(69.29), 20평(69.26), 21평(71.21), 21평(71.2), 21평(71.44), 21평(71.21), 22평(74.35), 22평(74.35), 22평(75.24), 22평(75.24), 23평(76.1), 23평(76.1), 23평(77.45), 24평(80.2), 24평(80.19)",
            "last_sales":"2015-02-24,27500.0,24평(80.2)",
            "rank_history":[
                [
                    "202203",
                    92
                ],
                [
                    "202202",
                    9999
                ]
            ],
            "rank_gap":9999
        },
        {
            "index":411,
            "아파트명":"성수두산위브",
            "투자타입":"일반",
            "전용면적(m2)":"91.31",
            "전용면적(평)":"27평",
            "법정동주소":"서울시 성동구 성수동2가 838",
            "도로명주소":"서울시 성동구 뚝섬로 434",
            "세대수":0,
            "입주년차":40,
            "용적률점수":"--",
            "건폐율점수":"--",
            "세대당주차수":60,
            "난방방식":30,
            "공급면적":"--",
            "전용률":"--",
            "욕실수":100,
            "현관타입":100,
            "주거총점":40.0,
            "지역구공급총점":100.0,
            "역세권":50,
            "30분내 이동가능 거점":80,
            "1시간내 이동가능 거점":100,
            "교통총점":69.0,
            "백화점":100,
            "아울렛몰":80,
            "대형마트":80,
            "은행":70,
            "병원":0,
            "종합병원":100,
            "공원":80,
            "혐오시설":0,
            "인프라총점":79.4,
            "초등학군":89.99,
            "중학군":41.92,
            "학군총점":51.534,
            "인구수":32.17,
            "인구증감":-14.67,
            "인구총점":18.118,
            "일자리":21.83,
            "소득수준":63.3,
            "일자리총점":34.271,
            "가치 총점":63.7001,
            "매매실거래년":20200520.0,
            "매매실거래가":138500.0,
            "전세실거래년":20150607.0,
            "전세실거래가":30000.0,
            "전세가율":60.0,
            "장기전세가율평균":67.55,
            "전세가율거품지수":7.55,
            "검색코드":19369,
            "세대수":157.0,
            "준공년월":"2006-05-30",
            "준공년차":17.0,
            "가까운역이름":"성수",
            "가까운역거리":837.26,
            "역세권여부":"준역세권",
            "30분이내주요거점역":4,
            "30분거점역이름":"['강남', '역삼', '잠실', '왕십리']",
            "1시간이내주요거점역":16,
            "1시간거점역이름":"['강남', '역삼', '잠실', '판교', '여의도', '을지로3가', '양재', '정자', '가산디지털단지', '왕십리', '홍대입구', '구로디지털단지', '명동', '서현', 'GTX성남(2023년)', 'GTX동탄(2023년)']",
            "3km이내백화점수":3,
            "5km이내아울렛몰수":1,
            "1km이내대형먀트수":1,
            "500m이내은행수":4,
            "500m이내병원수":0,
            "5km이내대형병원수":7,
            "500m이내공원수":1,
            "3km이내혐오시설수":0,
            "초등학교학업성취도":89.99,
            "중학교학업성취도":68.6,
            "용적률":243,
            "건폐율":25,
            "Y":37.537334,
            "X":127.058609,
            "rank":93.0,
            "area_info":"27평(91.31), 32평(106.88), 32평(108.4), 33평(111.41), 47평(155.61), 48평(159.11), 54평(179.46)",
            "last_sales":"2020-05-20,138500.0,47평(155.61)",
            "rank_history":[
                [
                    "202203",
                    93
                ],
                [
                    "202202",
                    91
                ],
                [
                    "202201",
                    89
                ]
            ],
            "rank_gap":-2
        },
        {
            "index":341,
            "아파트명":"대명루첸",
            "투자타입":"일반",
            "전용면적(m2)":"113.5",
            "전용면적(평)":"34평",
            "법정동주소":"서울시 성동구 성수동2가 840",
            "도로명주소":"서울시 성동구 뚝섬로 436",
            "세대수":0,
            "입주년차":60,
            "용적률점수":"--",
            "건폐율점수":"--",
            "세대당주차수":30,
            "난방방식":30,
            "공급면적":"--",
            "전용률":"--",
            "욕실수":100,
            "현관타입":100,
            "주거총점":39.5,
            "지역구공급총점":100.0,
            "역세권":50,
            "30분내 이동가능 거점":80,
            "1시간내 이동가능 거점":100,
            "교통총점":69.0,
            "백화점":100,
            "아울렛몰":80,
            "대형마트":80,
            "은행":70,
            "병원":0,
            "종합병원":100,
            "공원":80,
            "혐오시설":0,
            "인프라총점":79.4,
            "초등학군":89.99,
            "중학군":41.92,
            "학군총점":51.534,
            "인구수":32.17,
            "인구증감":-14.67,
            "인구총점":18.118,
            "일자리":21.83,
            "소득수준":63.3,
            "일자리총점":34.271,
            "가치 총점":63.6001,
            "매매실거래년":20130628.0,
            "매매실거래가":36813.0,
            "전세실거래년":null,
            "전세실거래가":null,
            "전세가율":null,
            "장기전세가율평균":67.55,
            "전세가율거품지수":null,
            "검색코드":100075,
            "세대수":114.0,
            "준공년월":"2009-02-06",
            "준공년차":14.0,
            "가까운역이름":"성수",
            "가까운역거리":869.94,
            "역세권여부":"준역세권",
            "30분이내주요거점역":4,
            "30분거점역이름":"['강남', '역삼', '잠실', '왕십리']",
            "1시간이내주요거점역":16,
            "1시간거점역이름":"['강남', '역삼', '잠실', '판교', '여의도', '을지로3가', '양재', '정자', '가산디지털단지', '왕십리', '홍대입구', '구로디지털단지', '명동', '서현', 'GTX성남(2023년)', 'GTX동탄(2023년)']",
            "3km이내백화점수":3,
            "5km이내아울렛몰수":1,
            "1km이내대형먀트수":1,
            "500m이내은행수":3,
            "500m이내병원수":0,
            "5km이내대형병원수":7,
            "500m이내공원수":1,
            "3km이내혐오시설수":0,
            "초등학교학업성취도":89.99,
            "중학교학업성취도":68.6,
            "용적률":248,
            "건폐율":27,
            "Y":37.537158,
            "X":127.059154,
            "rank":94.0,
            "area_info":"34평(113.5), 34평(113.5), 34평(113.5), 46평(153.76)",
            "last_sales":"2013-06-28,36813.0,46평(153.76)",
            "rank_history":[
                [
                    "202203",
                    94
                ],
                [
                    "202202",
                    87
                ],
                [
                    "202201",
                    84
                ]
            ],
            "rank_gap":-7
        },
        {
            "index":717,
            "아파트명":"행당한진타운",
            "투자타입":"일반",
            "전용면적(m2)":"86.96",
            "전용면적(평)":"26평",
            "법정동주소":"서울시 성동구 행당동 346",
            "도로명주소":"서울시 성동구 행당로 82",
            "세대수":100,
            "입주년차":20,
            "용적률점수":"--",
            "건폐율점수":"--",
            "세대당주차수":30,
            "난방방식":30,
            "공급면적":"--",
            "전용률":"--",
            "욕실수":50,
            "현관타입":10,
            "주거총점":52.5,
            "지역구공급총점":100.0,
            "역세권":80,
            "30분내 이동가능 거점":100,
            "1시간내 이동가능 거점":100,
            "교통총점":90.0,
            "백화점":0,
            "아울렛몰":80,
            "대형마트":80,
            "은행":0,
            "병원":0,
            "종합병원":100,
            "공원":100,
            "혐오시설":0,
            "인프라총점":43.0,
            "초등학군":89.96,
            "중학군":49.8,
            "학군총점":57.832,
            "인구수":32.17,
            "인구증감":-14.67,
            "인구총점":18.118,
            "일자리":21.83,
            "소득수준":63.3,
            "일자리총점":34.271,
            "가치 총점":63.5748,
            "매매실거래년":20220122.0,
            "매매실거래가":117000.0,
            "전세실거래년":20220221.0,
            "전세실거래가":42000.0,
            "전세가율":35.9,
            "장기전세가율평균":67.55,
            "전세가율거품지수":31.65,
            "검색코드":878,
            "세대수":2123.0,
            "준공년월":"2000-11-07",
            "준공년차":23.0,
            "가까운역이름":"행당",
            "가까운역거리":167.19,
            "역세권여부":"역세권",
            "30분이내주요거점역":5,
            "30분거점역이름":"['역삼', '여의도', '을지로3가', '왕십리', '명동']",
            "1시간이내주요거점역":16,
            "1시간거점역이름":"['강남', '역삼', '잠실', '판교', '여의도', '을지로3가', '양재', '평촌', '가산디지털단지', '왕십리', '홍대입구', '구로디지털단지', '명동', '서현', '마곡', 'GTX동탄(2023년)']",
            "3km이내백화점수":0,
            "5km이내아울렛몰수":1,
            "1km이내대형먀트수":1,
            "500m이내은행수":1,
            "500m이내병원수":0,
            "5km이내대형병원수":11,
            "500m이내공원수":5,
            "3km이내혐오시설수":0,
            "초등학교학업성취도":89.96,
            "중학교학업성취도":80.6,
            "용적률":294,
            "건폐율":19,
            "Y":37.555891,
            "X":127.02913,
            "rank":95.0,
            "area_info":"26평(86.96), 32평(108.47), 43평(144.37)",
            "last_sales":"2022-01-22,117000.0,26평(86.96)",
            "rank_history":[
                [
                    "202203",
                    95
                ],
                [
                    "202202",
                    82
                ],
                [
                    "202201",
                    80
                ]
            ],
            "rank_gap":-13
        },
        {
            "index":633,
            "아파트명":"청계벽산",
            "투자타입":"일반",
            "전용면적(m2)":"88.99",
            "전용면적(평)":"26평",
            "법정동주소":"서울시 성동구 하왕십리동 258",
            "도로명주소":"서울시 성동구 무학로 50",
            "세대수":90,
            "입주년차":0,
            "용적률점수":"--",
            "건폐율점수":"--",
            "세대당주차수":0,
            "난방방식":30,
            "공급면적":"--",
            "전용률":"--",
            "욕실수":50,
            "현관타입":100,
            "주거총점":49.5,
            "지역구공급총점":100.0,
            "역세권":50,
            "30분내 이동가능 거점":60,
            "1시간내 이동가능 거점":100,
            "교통총점":63.0,
            "백화점":100,
            "아울렛몰":80,
            "대형마트":100,
            "은행":20,
            "병원":0,
            "종합병원":100,
            "공원":100,
            "혐오시설":-50,
            "인프라총점":77.0,
            "초등학군":89.97,
            "중학군":47.42,
            "학군총점":55.93,
            "인구수":32.17,
            "인구증감":-14.67,
            "인구총점":18.118,
            "일자리":21.83,
            "소득수준":63.3,
            "일자리총점":34.271,
            "가치 총점":63.4395,
            "매매실거래년":20211119.0,
            "매매실거래가":142000.0,
            "전세실거래년":20211023.0,
            "전세실거래가":43050.0,
            "전세가율":39.14,
            "장기전세가율평균":67.55,
            "전세가율거품지수":28.41,
            "검색코드":573,
            "세대수":1332.0,
            "준공년월":"1996-06-07",
            "준공년차":27.0,
            "가까운역이름":"상왕십리",
            "가까운역거리":526.15,
            "역세권여부":"준역세권",
            "30분이내주요거점역":3,
            "30분거점역이름":"['을지로3가', '왕십리', '명동']",
            "1시간이내주요거점역":13,
            "1시간거점역이름":"['강남', '역삼', '잠실', '판교', '여의도', '을지로3가', '양재', '가산디지털단지', '왕십리', '홍대입구', '구로디지털단지', '명동', '서현']",
            "3km이내백화점수":1,
            "5km이내아울렛몰수":1,
            "1km이내대형먀트수":2,
            "500m이내은행수":2,
            "500m이내병원수":0,
            "5km이내대형병원수":11,
            "500m이내공원수":4,
            "3km이내혐오시설수":1,
            "초등학교학업성취도":89.97,
            "중학교학업성취도":78.5,
            "용적률":267,
            "건폐율":23,
            "Y":37.56889,
            "X":127.03129,
            "rank":96.0,
            "area_info":"26평(88.99), 32평(107.35), 42평(139.51)",
            "last_sales":"2021-11-19,142000.0,42평(139.51)",
            "rank_history":[
                [
                    "202203",
                    96
                ],
                [
                    "202202",
                    75
                ],
                [
                    "202201",
                    77
                ]
            ],
            "rank_gap":-21
        },
        {
            "index":553,
            "아파트명":"힐데스하임(도시형)",
            "투자타입":"일반",
            "전용면적(m2)":"25.24",
            "전용면적(평)":"7평",
            "법정동주소":"서울시 성동구 용답동 233-1",
            "도로명주소":"서울시 성동구 천호대로 416",
            "세대수":0,
            "입주년차":100,
            "용적률점수":"--",
            "건폐율점수":"--",
            "세대당주차수":0,
            "난방방식":30,
            "공급면적":"--",
            "전용률":"--",
            "욕실수":50,
            "현관타입":100,
            "주거총점":38.0,
            "지역구공급총점":100.0,
            "역세권":80,
            "30분내 이동가능 거점":80,
            "1시간내 이동가능 거점":100,
            "교통총점":84.0,
            "백화점":100,
            "아울렛몰":0,
            "대형마트":0,
            "은행":100,
            "병원":0,
            "종합병원":100,
            "공원":0,
            "혐오시설":0,
            "인프라총점":60.0,
            "초등학군":90.01,
            "중학군":40.24,
            "학군총점":50.194,
            "인구수":32.17,
            "인구증감":-14.67,
            "인구총점":18.118,
            "일자리":21.83,
            "소득수준":63.3,
            "일자리총점":34.271,
            "가치 총점":62.5291,
            "매매실거래년":"18000101",
            "매매실거래가":null,
            "전세실거래년":null,
            "전세실거래가":null,
            "전세가율":null,
            "장기전세가율평균":67.55,
            "전세가율거품지수":null,
            "검색코드":132743,
            "세대수":170.0,
            "준공년월":"2020-03-02",
            "준공년차":3.0,
            "가까운역이름":"장한평",
            "가까운역거리":141.59,
            "역세권여부":"역세권",
            "30분이내주요거점역":4,
            "30분거점역이름":"['잠실', '을지로3가', '왕십리', '명동']",
            "1시간이내주요거점역":15,
            "1시간거점역이름":"['강남', '역삼', '잠실', '판교', '여의도', '을지로3가', '양재', '정자', '가산디지털단지', '왕십리', '홍대입구', '구로디지털단지', '명동', '서현', '마곡']",
            "3km이내백화점수":2,
            "5km이내아울렛몰수":0,
            "1km이내대형먀트수":0,
            "500m이내은행수":5,
            "500m이내병원수":0,
            "5km이내대형병원수":9,
            "500m이내공원수":0,
            "3km이내혐오시설수":0,
            "초등학교학업성취도":90.01,
            "중학교학업성취도":66.2,
            "용적률":795,
            "건폐율":63,
            "Y":37.56098,
            "X":127.065104,
            "rank":97.0,
            "area_info":"7평(25.24), 11평(37.54), 14평(48.67)",
            "last_sales":"1800-01-01,nan,7평(25.24)",
            "rank_history":[
                [
                    "202203",
                    97
                ],
                [
                    "202202",
                    48
                ],
                [
                    "202201",
                    66
                ]
            ],
            "rank_gap":-49
        },
        {
            "index":476,
            "아파트명":"극동옥정",
            "투자타입":"일반",
            "전용면적(m2)":"71.85",
            "전용면적(평)":"21평",
            "법정동주소":"서울시 성동구 옥수동 557",
            "도로명주소":"서울시 성동구 한림말길 24",
            "세대수":0,
            "입주년차":0,
            "용적률점수":"--",
            "건폐율점수":"--",
            "세대당주차수":0,
            "난방방식":30,
            "공급면적":"--",
            "전용률":"--",
            "욕실수":50,
            "현관타입":100,
            "주거총점":18.0,
            "지역구공급총점":100.0,
            "역세권":80,
            "30분내 이동가능 거점":100,
            "1시간내 이동가능 거점":100,
            "교통총점":90.0,
            "백화점":100,
            "아울렛몰":100,
            "대형마트":0,
            "은행":20,
            "병원":0,
            "종합병원":100,
            "공원":0,
            "혐오시설":0,
            "인프라총점":62.0,
            "초등학군":89.96,
            "중학군":47.54,
            "학군총점":56.024,
            "인구수":32.17,
            "인구증감":-14.67,
            "인구총점":18.118,
            "일자리":21.83,
            "소득수준":63.3,
            "일자리총점":34.271,
            "가치 총점":62.1036,
            "매매실거래년":20211123.0,
            "매매실거래가":113000.0,
            "전세실거래년":20211121.0,
            "전세실거래가":45500.0,
            "전세가율":58.33,
            "장기전세가율평균":67.55,
            "전세가율거품지수":9.22,
            "검색코드":3531,
            "세대수":72.0,
            "준공년월":"1998-11-30",
            "준공년차":25.0,
            "가까운역이름":"옥수",
            "가까운역거리":431.84,
            "역세권여부":"역세권",
            "30분이내주요거점역":5,
            "30분거점역이름":"['역삼', '을지로3가', '양재', '왕십리', '명동']",
            "1시간이내주요거점역":13,
            "1시간거점역이름":"['강남', '역삼', '판교', '여의도', '을지로3가', '양재', '정자', '가산디지털단지', '왕십리', '홍대입구', '구로디지털단지', '명동', 'GTX성남(2023년)']",
            "3km이내백화점수":2,
            "5km이내아울렛몰수":2,
            "1km이내대형먀트수":0,
            "500m이내은행수":2,
            "500m이내병원수":0,
            "5km이내대형병원수":8,
            "500m이내공원수":0,
            "3km이내혐오시설수":0,
            "초등학교학업성취도":89.96,
            "중학교학업성취도":78.9,
            "용적률":259,
            "건폐율":29,
            "Y":37.540519,
            "X":127.013849,
            "rank":98.0,
            "area_info":"21평(71.85), 23평(76.08), 32평(108.91)",
            "last_sales":"2021-11-23,113000.0,32평(108.91)",
            "rank_history":[
                [
                    "202203",
                    98
                ],
                [
                    "202202",
                    9999
                ]
            ],
            "rank_gap":9999
        },
        {
            "index":189,
            "아파트명":"하이츠",
            "투자타입":"재건축",
            "전용면적(m2)":"90.0",
            "전용면적(평)":"27평",
            "법정동주소":"서울시 성동구 사근동 199",
            "도로명주소":"서울시 성동구 사근동길 65",
            "세대수":0,
            "입주년차":"--",
            "용적률점수":20,
            "건폐율점수":0,
            "세대당주차수":"--",
            "난방방식":"--",
            "공급면적":70,
            "전용률":80,
            "욕실수":"--",
            "현관타입":"--",
            "주거총점":15.5,
            "지역구공급총점":100.0,
            "역세권":80,
            "30분내 이동가능 거점":80,
            "1시간내 이동가능 거점":100,
            "교통총점":84.0,
            "백화점":100,
            "아울렛몰":80,
            "대형마트":80,
            "은행":0,
            "병원":0,
            "종합병원":100,
            "공원":80,
            "혐오시설":0,
            "인프라총점":72.4,
            "초등학군":89.96,
            "중학군":42.48,
            "학군총점":51.976,
            "인구수":32.17,
            "인구증감":-14.67,
            "인구총점":18.118,
            "일자리":21.83,
            "소득수준":63.3,
            "일자리총점":34.271,
            "가치 총점":62.0164,
            "매매실거래년":20210424.0,
            "매매실거래가":79500.0,
            "전세실거래년":20211130.0,
            "전세실거래가":33000.0,
            "전세가율":41.51,
            "장기전세가율평균":67.55,
            "전세가율거품지수":26.04,
            "검색코드":1173,
            "세대수":270.0,
            "준공년월":"1989-09-12",
            "준공년차":34.0,
            "가까운역이름":"용답",
            "가까운역거리":202.47,
            "역세권여부":"역세권",
            "30분이내주요거점역":4,
            "30분거점역이름":"['잠실', '을지로3가', '왕십리', '명동']",
            "1시간이내주요거점역":13,
            "1시간거점역이름":"['강남', '역삼', '잠실', '판교', '여의도', '을지로3가', '양재', '가산디지털단지', '왕십리', '홍대입구', '구로디지털단지', '명동', '서현']",
            "3km이내백화점수":1,
            "5km이내아울렛몰수":1,
            "1km이내대형먀트수":1,
            "500m이내은행수":0,
            "500m이내병원수":0,
            "5km이내대형병원수":11,
            "500m이내공원수":1,
            "3km이내혐오시설수":0,
            "초등학교학업성취도":89.96,
            "중학교학업성취도":70.4,
            "용적률":275,
            "건폐율":0,
            "Y":37.561996,
            "X":127.048598,
            "rank":99.0,
            "area_info":"27평(90.0)",
            "last_sales":"2021-04-24,79500.0,27평(90.0)",
            "rank_history":[
                [
                    "202203",
                    99
                ],
                [
                    "202202",
                    78
                ],
                [
                    "202201",
                    81
                ]
            ],
            "rank_gap":-21
        },
        {
            "index":254,
            "아파트명":"성수대우2차",
            "투자타입":"일반",
            "전용면적(m2)":"82.64",
            "전용면적(평)":"24평",
            "법정동주소":"서울시 성동구 성수동1가 709",
            "도로명주소":"서울시 성동구 상원6길 16",
            "세대수":0,
            "입주년차":20,
            "용적률점수":"--",
            "건폐율점수":"--",
            "세대당주차수":30,
            "난방방식":30,
            "공급면적":"--",
            "전용률":"--",
            "욕실수":50,
            "현관타입":10,
            "주거총점":17.5,
            "지역구공급총점":100.0,
            "역세권":80,
            "30분내 이동가능 거점":80,
            "1시간내 이동가능 거점":100,
            "교통총점":84.0,
            "백화점":100,
            "아울렛몰":80,
            "대형마트":0,
            "은행":70,
            "병원":0,
            "종합병원":100,
            "공원":100,
            "혐오시설":-50,
            "인프라총점":67.0,
            "초등학군":89.98,
            "중학군":48.2,
            "학군총점":56.556,
            "인구수":32.17,
            "인구증감":-14.67,
            "인구총점":18.118,
            "일자리":21.83,
            "소득수준":63.3,
            "일자리총점":34.271,
            "가치 총점":61.4834,
            "매매실거래년":20210813.0,
            "매매실거래가":140000.0,
            "전세실거래년":20220122.0,
            "전세실거래가":43000.0,
            "전세가율":52.44,
            "장기전세가율평균":67.55,
            "전세가율거품지수":15.11,
            "검색코드":1175,
            "세대수":283.0,
            "준공년월":"1999-07-31",
            "준공년차":24.0,
            "가까운역이름":"뚝섬",
            "가까운역거리":287.83,
            "역세권여부":"역세권",
            "30분이내주요거점역":4,
            "30분거점역이름":"['잠실', '을지로3가', '왕십리', '명동']",
            "1시간이내주요거점역":15,
            "1시간거점역이름":"['강남', '역삼', '잠실', '판교', '여의도', '을지로3가', '양재', '정자', '가산디지털단지', '왕십리', '홍대입구', '구로디지털단지', '명동', '서현', 'GTX동탄(2023년)']",
            "3km이내백화점수":2,
            "5km이내아울렛몰수":1,
            "1km이내대형먀트수":0,
            "500m이내은행수":4,
            "500m이내병원수":0,
            "5km이내대형병원수":10,
            "500m이내공원수":5,
            "3km이내혐오시설수":1,
            "초등학교학업성취도":89.98,
            "중학교학업성취도":79.0,
            "용적률":297,
            "건폐율":22,
            "Y":37.548718,
            "X":127.050069,
            "rank":100.0,
            "area_info":"24평(82.64), 24평(82.64), 32평(108.7)",
            "last_sales":"2021-08-13,140000.0,32평(108.7)",
            "rank_history":[
                [
                    "202203",
                    100
                ],
                [
                    "202202",
                    80
                ],
                [
                    "202201",
                    79
                ]
            ],
            "rank_gap":-20
        },
        {
            "index":574,
            "아파트명":"신동아",
            "투자타입":"일반",
            "전용면적(m2)":"81.64",
            "전용면적(평)":"24평",
            "법정동주소":"서울시 성동구 응봉동 275",
            "도로명주소":"서울시 성동구 독서당로 375",
            "세대수":50,
            "입주년차":0,
            "용적률점수":"--",
            "건폐율점수":"--",
            "세대당주차수":0,
            "난방방식":30,
            "공급면적":"--",
            "전용률":"--",
            "욕실수":50,
            "현관타입":10,
            "주거총점":26.5,
            "지역구공급총점":100.0,
            "역세권":80,
            "30분내 이동가능 거점":40,
            "1시간내 이동가능 거점":100,
            "교통총점":72.0,
            "백화점":100,
            "아울렛몰":80,
            "대형마트":80,
            "은행":0,
            "병원":0,
            "종합병원":100,
            "공원":100,
            "혐오시설":0,
            "인프라총점":73.0,
            "초등학군":89.98,
            "중학군":52.42,
            "학군총점":59.932,
            "인구수":32.17,
            "인구증감":-14.67,
            "인구총점":18.118,
            "일자리":21.83,
            "소득수준":63.3,
            "일자리총점":34.271,
            "가치 총점":61.3898,
            "매매실거래년":20211122.0,
            "매매실거래가":115000.0,
            "전세실거래년":20220125.0,
            "전세실거래가":49000.0,
            "전세가율":46.23,
            "장기전세가율평균":67.55,
            "전세가율거품지수":21.32,
            "검색코드":568,
            "세대수":434.0,
            "준공년월":"1996-04-09",
            "준공년차":27.0,
            "가까운역이름":"응봉",
            "가까운역거리":457.35,
            "역세권여부":"역세권",
            "30분이내주요거점역":2,
            "30분거점역이름":"['역삼', '왕십리']",
            "1시간이내주요거점역":13,
            "1시간거점역이름":"['강남', '역삼', '잠실', '판교', '여의도', '을지로3가', '양재', '평촌', '가산디지털단지', '왕십리', '홍대입구', '명동', 'GTX성남(2023년)']",
            "3km이내백화점수":2,
            "5km이내아울렛몰수":1,
            "1km이내대형먀트수":1,
            "500m이내은행수":0,
            "500m이내병원수":0,
            "5km이내대형병원수":10,
            "500m이내공원수":3,
            "3km이내혐오시설수":0,
            "초등학교학업성취도":89.98,
            "중학교학업성취도":85.9,
            "용적률":282,
            "건폐율":26,
            "Y":37.54981,
            "X":127.029299,
            "rank":101.0,
            "area_info":"24평(81.64), 29평(97.4), 29평(97.49), 31평(103.65), 41평(136.39)",
            "last_sales":"2021-11-22,115000.0,31평(103.65)",
            "rank_history":[
                [
                    "202203",
                    101
                ],
                [
                    "202202",
                    81
                ],
                [
                    "202201",
                    83
                ]
            ],
            "rank_gap":-20
        },
        {
            "index":630,
            "아파트명":"왕십리풍림아이원",
            "투자타입":"일반",
            "전용면적(m2)":"74.87",
            "전용면적(평)":"22평",
            "법정동주소":"서울시 성동구 하왕십리동 1061",
            "도로명주소":"서울시 성동구 난계로 84",
            "세대수":80,
            "입주년차":40,
            "용적률점수":"--",
            "건폐율점수":"--",
            "세대당주차수":30,
            "난방방식":30,
            "공급면적":"--",
            "전용률":"--",
            "욕실수":50,
            "현관타입":100,
            "주거총점":58.5,
            "지역구공급총점":100.0,
            "역세권":80,
            "30분내 이동가능 거점":60,
            "1시간내 이동가능 거점":100,
            "교통총점":78.0,
            "백화점":0,
            "아울렛몰":100,
            "대형마트":80,
            "은행":0,
            "병원":0,
            "종합병원":100,
            "공원":100,
            "혐오시설":0,
            "인프라총점":45.0,
            "초등학군":89.98,
            "중학군":50.68,
            "학군총점":58.54,
            "인구수":32.17,
            "인구증감":-14.67,
            "인구총점":18.118,
            "일자리":21.83,
            "소득수준":63.3,
            "일자리총점":34.271,
            "가치 총점":61.281,
            "매매실거래년":20211123.0,
            "매매실거래가":114000.0,
            "전세실거래년":20220219.0,
            "전세실거래가":42000.0,
            "전세가율":38.18,
            "장기전세가율평균":67.55,
            "전세가율거품지수":29.37,
            "검색코드":9168,
            "세대수":758.0,
            "준공년월":"2004-11-30",
            "준공년차":19.0,
            "가까운역이름":"행당",
            "가까운역거리":408.28,
            "역세권여부":"역세권",
            "30분이내주요거점역":3,
            "30분거점역이름":"['을지로3가', '왕십리', '명동']",
            "1시간이내주요거점역":14,
            "1시간거점역이름":"['강남', '역삼', '잠실', '판교', '여의도', '을지로3가', '양재', '가산디지털단지', '왕십리', '홍대입구', '구로디지털단지', '명동', '서현', '마곡']",
            "3km이내백화점수":0,
            "5km이내아울렛몰수":2,
            "1km이내대형먀트수":1,
            "500m이내은행수":1,
            "500m이내병원수":0,
            "5km이내대형병원수":11,
            "500m이내공원수":6,
            "3km이내혐오시설수":0,
            "초등학교학업성취도":89.98,
            "중학교학업성취도":83.6,
            "용적률":245,
            "건폐율":16,
            "Y":37.558851,
            "X":127.025277,
            "rank":102.0,
            "area_info":"22평(74.87), 31평(104.9), 43평(144.01)",
            "last_sales":"2021-11-23,114000.0,31평(104.9)",
            "rank_history":[
                [
                    "202203",
                    102
                ],
                [
                    "202202",
                    83
                ],
                [
                    "202201",
                    21
                ]
            ],
            "rank_gap":-19
        },
        {
            "index":711,
            "아파트명":"행당대림",
            "투자타입":"일반",
            "전용면적(m2)":"83.76",
            "전용면적(평)":"25평",
            "법정동주소":"서울시 성동구 행당동 347",
            "도로명주소":"서울시 성동구 행당로 79",
            "세대수":100,
            "입주년차":20,
            "용적률점수":"--",
            "건폐율점수":"--",
            "세대당주차수":0,
            "난방방식":30,
            "공급면적":"--",
            "전용률":"--",
            "욕실수":50,
            "현관타입":10,
            "주거총점":48.0,
            "지역구공급총점":100.0,
            "역세권":80,
            "30분내 이동가능 거점":80,
            "1시간내 이동가능 거점":100,
            "교통총점":84.0,
            "백화점":0,
            "아울렛몰":100,
            "대형마트":80,
            "은행":0,
            "병원":0,
            "종합병원":100,
            "공원":100,
            "혐오시설":0,
            "인프라총점":45.0,
            "초등학군":89.96,
            "중학군":49.8,
            "학군총점":57.832,
            "인구수":32.17,
            "인구증감":-14.67,
            "인구총점":18.118,
            "일자리":21.83,
            "소득수준":63.3,
            "일자리총점":34.271,
            "가치 총점":61.1748,
            "매매실거래년":20211224.0,
            "매매실거래가":173000.0,
            "전세실거래년":20220216.0,
            "전세실거래가":44100.0,
            "전세가율":37.53,
            "장기전세가율평균":67.55,
            "전세가율거품지수":30.02,
            "검색코드":950,
            "세대수":3404.0,
            "준공년월":"2000-12-30",
            "준공년차":23.0,
            "가까운역이름":"행당",
            "가까운역거리":201.32,
            "역세권여부":"역세권",
            "30분이내주요거점역":4,
            "30분거점역이름":"['여의도', '을지로3가', '왕십리', '명동']",
            "1시간이내주요거점역":16,
            "1시간거점역이름":"['강남', '역삼', '잠실', '판교', '여의도', '을지로3가', '양재', '평촌', '가산디지털단지', '왕십리', '홍대입구', '구로디지털단지', '명동', '서현', '마곡', 'GTX동탄(2023년)']",
            "3km이내백화점수":0,
            "5km이내아울렛몰수":2,
            "1km이내대형먀트수":1,
            "500m이내은행수":1,
            "500m이내병원수":0,
            "5km이내대형병원수":11,
            "500m이내공원수":8,
            "3km이내혐오시설수":0,
            "초등학교학업성취도":89.96,
            "중학교학업성취도":80.6,
            "용적률":254,
            "건폐율":22,
            "Y":37.557759,
            "X":127.027283,
            "rank":103.0,
            "area_info":"25평(83.76), 31평(104.58), 41평(137.26)",
            "last_sales":"2021-12-24,173000.0,41평(137.26)",
            "rank_history":[
                [
                    "202203",
                    103
                ],
                [
                    "202202",
                    84
                ],
                [
                    "202201",
                    25
                ]
            ],
            "rank_gap":-19
        },
        {
            "index":549,
            "아파트명":"와이엠프라젠",
            "투자타입":"일반",
            "전용면적(m2)":"79.82",
            "전용면적(평)":"24평",
            "법정동주소":"서울시 성동구 용답동 226-4",
            "도로명주소":"서울시 성동구 자동차시장1길 14",
            "세대수":0,
            "입주년차":40,
            "용적률점수":"--",
            "건폐율점수":"--",
            "세대당주차수":30,
            "난방방식":30,
            "공급면적":"--",
            "전용률":"--",
            "욕실수":100,
            "현관타입":100,
            "주거총점":35.5,
            "지역구공급총점":100.0,
            "역세권":80,
            "30분내 이동가능 거점":60,
            "1시간내 이동가능 거점":100,
            "교통총점":78.0,
            "백화점":100,
            "아울렛몰":80,
            "대형마트":0,
            "은행":70,
            "병원":0,
            "종합병원":100,
            "공원":0,
            "혐오시설":-50,
            "인프라총점":64.0,
            "초등학군":90.01,
            "중학군":40.24,
            "학군총점":50.194,
            "인구수":32.17,
            "인구증감":-14.67,
            "인구총점":18.118,
            "일자리":21.83,
            "소득수준":63.3,
            "일자리총점":34.271,
            "가치 총점":61.1291,
            "매매실거래년":20211012.0,
            "매매실거래가":69000.0,
            "전세실거래년":20200118.0,
            "전세실거래가":32000.0,
            "전세가율":46.38,
            "장기전세가율평균":67.55,
            "전세가율거품지수":21.17,
            "검색코드":26171,
            "세대수":83.0,
            "준공년월":"2007-11-08",
            "준공년차":16.0,
            "가까운역이름":"장한평",
            "가까운역거리":443.49,
            "역세권여부":"역세권",
            "30분이내주요거점역":3,
            "30분거점역이름":"['잠실', '왕십리', '명동']",
            "1시간이내주요거점역":11,
            "1시간거점역이름":"['강남', '역삼', '잠실', '판교', '여의도', '을지로3가', '양재', '왕십리', '홍대입구', '구로디지털단지', '명동']",
            "3km이내백화점수":2,
            "5km이내아울렛몰수":1,
            "1km이내대형먀트수":0,
            "500m이내은행수":4,
            "500m이내병원수":0,
            "5km이내대형병원수":10,
            "500m이내공원수":0,
            "3km이내혐오시설수":1,
            "초등학교학업성취도":90.01,
            "중학교학업성취도":66.2,
            "용적률":246,
            "건폐율":20,
            "Y":37.561383,
            "X":127.05868,
            "rank":104.0,
            "area_info":"24평(79.82), 32평(105.88)",
            "last_sales":"2021-10-12,69000.0,24평(79.82)",
            "rank_history":[
                [
                    "202203",
                    104
                ],
                [
                    "202202",
                    9999
                ]
            ],
            "rank_gap":9999
        },
        {
            "index":491,
            "아파트명":"옥수",
            "투자타입":"재건축",
            "전용면적(m2)":"44.99",
            "전용면적(평)":"13평",
            "법정동주소":"서울시 성동구 옥수동 306",
            "도로명주소":"서울시 성동구 한림말3길 24",
            "세대수":0,
            "입주년차":"--",
            "용적률점수":0,
            "건폐율점수":0,
            "세대당주차수":"--",
            "난방방식":"--",
            "공급면적":50,
            "전용률":100,
            "욕실수":"--",
            "현관타입":"--",
            "주거총점":7.5,
            "지역구공급총점":100.0,
            "역세권":80,
            "30분내 이동가능 거점":100,
            "1시간내 이동가능 거점":100,
            "교통총점":90.0,
            "백화점":100,
            "아울렛몰":100,
            "대형마트":0,
            "은행":20,
            "병원":0,
            "종합병원":100,
            "공원":100,
            "혐오시설":0,
            "인프라총점":65.0,
            "초등학군":89.96,
            "중학군":47.54,
            "학군총점":56.024,
            "인구수":32.17,
            "인구증감":-14.67,
            "인구총점":18.118,
            "일자리":21.83,
            "소득수준":63.3,
            "일자리총점":34.271,
            "가치 총점":60.9036,
            "매매실거래년":20150612.0,
            "매매실거래가":25000.0,
            "전세실거래년":null,
            "전세실거래가":null,
            "전세가율":null,
            "장기전세가율평균":67.55,
            "전세가율거품지수":null,
            "검색코드":26820,
            "세대수":50.0,
            "준공년월":"1975-11-22",
            "준공년차":48.0,
            "가까운역이름":"옥수",
            "가까운역거리":399.53,
            "역세권여부":"역세권",
            "30분이내주요거점역":6,
            "30분거점역이름":"['강남', '역삼', '을지로3가', '양재', '왕십리', '명동']",
            "1시간이내주요거점역":14,
            "1시간거점역이름":"['강남', '역삼', '판교', '여의도', '을지로3가', '양재', '정자', '평촌', '가산디지털단지', '왕십리', '홍대입구', '구로디지털단지', '명동', 'GTX성남(2023년)']",
            "3km이내백화점수":2,
            "5km이내아울렛몰수":2,
            "1km이내대형먀트수":0,
            "500m이내은행수":2,
            "500m이내병원수":0,
            "5km이내대형병원수":10,
            "500m이내공원수":2,
            "3km이내혐오시설수":0,
            "초등학교학업성취도":89.96,
            "중학교학업성취도":78.9,
            "용적률":0,
            "건폐율":0,
            "Y":37.543284,
            "X":127.015861,
            "rank":105.0,
            "area_info":"13평(44.99), 14평(46.64), 14평(49.42), 16평(52.9), 16평(53.02), 16평(53.96), 16평(54.91), 16평(55.47), 20평(67.87), 21평(70.84)",
            "last_sales":"2015-06-12,25000.0,21평(70.84)",
            "rank_history":[
                [
                    "202203",
                    105
                ],
                [
                    "202202",
                    9999
                ]
            ],
            "rank_gap":9999
        },
        {
            "index":257,
            "아파트명":"성수동아그린",
            "투자타입":"일반",
            "전용면적(m2)":"75.55",
            "전용면적(평)":"22평",
            "법정동주소":"서울시 성동구 성수동1가 708",
            "도로명주소":"서울시 성동구 상원길 76",
            "세대수":30,
            "입주년차":20,
            "용적률점수":"--",
            "건폐율점수":"--",
            "세대당주차수":30,
            "난방방식":30,
            "공급면적":"--",
            "전용률":"--",
            "욕실수":50,
            "현관타입":10,
            "주거총점":28.0,
            "지역구공급총점":100.0,
            "역세권":80,
            "30분내 이동가능 거점":80,
            "1시간내 이동가능 거점":100,
            "교통총점":84.0,
            "백화점":100,
            "아울렛몰":80,
            "대형마트":0,
            "은행":0,
            "병원":0,
            "종합병원":100,
            "공원":100,
            "혐오시설":-50,
            "인프라총점":60.0,
            "초등학군":89.99,
            "중학군":41.22,
            "학군총점":50.974,
            "인구수":32.17,
            "인구증감":-14.67,
            "인구총점":18.118,
            "일자리":21.83,
            "소득수준":63.3,
            "일자리총점":34.271,
            "가치 총점":60.6461,
            "매매실거래년":20210925.0,
            "매매실거래가":142000.0,
            "전세실거래년":20220118.0,
            "전세실거래가":60000.0,
            "전세가율":62.5,
            "장기전세가율평균":67.55,
            "전세가율거품지수":5.05,
            "검색코드":552,
            "세대수":331.0,
            "준공년월":"1999-06-11",
            "준공년차":24.0,
            "가까운역이름":"뚝섬",
            "가까운역거리":402.65,
            "역세권여부":"역세권",
            "30분이내주요거점역":4,
            "30분거점역이름":"['잠실', '을지로3가', '왕십리', '명동']",
            "1시간이내주요거점역":14,
            "1시간거점역이름":"['강남', '역삼', '잠실', '판교', '여의도', '을지로3가', '양재', '정자', '가산디지털단지', '왕십리', '홍대입구', '구로디지털단지', '명동', '서현']",
            "3km이내백화점수":2,
            "5km이내아울렛몰수":1,
            "1km이내대형먀트수":0,
            "500m이내은행수":1,
            "500m이내병원수":0,
            "5km이내대형병원수":11,
            "500m이내공원수":2,
            "3km이내혐오시설수":1,
            "초등학교학업성취도":89.99,
            "중학교학업성취도":68.7,
            "용적률":279,
            "건폐율":27,
            "Y":37.550802,
            "X":127.04822,
            "rank":106.0,
            "area_info":"22평(75.55), 33평(109.98), 33평(110.01), 43평(145.22)",
            "last_sales":"2021-09-25,142000.0,43평(145.22)",
            "rank_history":[
                [
                    "202203",
                    106
                ],
                [
                    "202202",
                    88
                ],
                [
                    "202201",
                    86
                ]
            ],
            "rank_gap":-18
        },
        {
            "index":542,
            "아파트명":"드레곤힐(도시형)",
            "투자타입":"일반",
            "전용면적(m2)":"32.95",
            "전용면적(평)":"9평",
            "법정동주소":"서울시 성동구 용답동 69-2",
            "도로명주소":"서울시 성동구 천호대로 298",
            "세대수":0,
            "입주년차":60,
            "용적률점수":"--",
            "건폐율점수":"--",
            "세대당주차수":0,
            "난방방식":30,
            "공급면적":"--",
            "전용률":"--",
            "욕실수":50,
            "현관타입":10,
            "주거총점":21.0,
            "지역구공급총점":100.0,
            "역세권":80,
            "30분내 이동가능 거점":80,
            "1시간내 이동가능 거점":100,
            "교통총점":84.0,
            "백화점":100,
            "아울렛몰":80,
            "대형마트":0,
            "은행":70,
            "병원":0,
            "종합병원":100,
            "공원":0,
            "혐오시설":0,
            "인프라총점":65.0,
            "초등학군":89.99,
            "중학군":39.04,
            "학군총점":49.23,
            "인구수":32.17,
            "인구증감":-14.67,
            "인구총점":18.118,
            "일자리":21.83,
            "소득수준":63.3,
            "일자리총점":34.271,
            "가치 총점":60.4845,
            "매매실거래년":"18000101",
            "매매실거래가":null,
            "전세실거래년":20151202.0,
            "전세실거래가":13000.0,
            "전세가율":null,
            "장기전세가율평균":67.55,
            "전세가율거품지수":null,
            "검색코드":107199,
            "세대수":91.0,
            "준공년월":"2013-09-16",
            "준공년차":10.0,
            "가까운역이름":"답십리",
            "가까운역거리":141.39,
            "역세권여부":"역세권",
            "30분이내주요거점역":4,
            "30분거점역이름":"['잠실', '을지로3가', '왕십리', '명동']",
            "1시간이내주요거점역":16,
            "1시간거점역이름":"['강남', '역삼', '잠실', '판교', '여의도', '을지로3가', '양재', '정자', '평촌', '가산디지털단지', '왕십리', '홍대입구', '구로디지털단지', '명동', '서현', '마곡']",
            "3km이내백화점수":1,
            "5km이내아울렛몰수":1,
            "1km이내대형먀트수":0,
            "500m이내은행수":4,
            "500m이내병원수":0,
            "5km이내대형병원수":10,
            "500m이내공원수":0,
            "3km이내혐오시설수":0,
            "초등학교학업성취도":89.99,
            "중학교학업성취도":63.8,
            "용적률":398,
            "건폐율":59,
            "Y":37.565928,
            "X":127.053472,
            "rank":107.0,
            "area_info":"9평(32.95), 10평(33.43), 9평(33.03), 10평(33.43), 10평(34.45), 10평(34.07), 13평(45.11)",
            "last_sales":"1800-01-01,nan,9평(32.95)",
            "rank_history":[
                [
                    "202203",
                    107
                ],
                [
                    "202202",
                    9999
                ]
            ],
            "rank_gap":9999
        },
        {
            "index":16,
            "아파트명":"신금호두산위브",
            "투자타입":"일반",
            "전용면적(m2)":"79.34",
            "전용면적(평)":"24평",
            "법정동주소":"서울시 성동구 금호동1가 1818",
            "도로명주소":"서울시 성동구 행당로 27",
            "세대수":0,
            "입주년차":40,
            "용적률점수":"--",
            "건폐율점수":"--",
            "세대당주차수":30,
            "난방방식":30,
            "공급면적":"--",
            "전용률":"--",
            "욕실수":100,
            "현관타입":100,
            "주거총점":35.5,
            "지역구공급총점":100.0,
            "역세권":80,
            "30분내 이동가능 거점":80,
            "1시간내 이동가능 거점":100,
            "교통총점":84.0,
            "백화점":0,
            "아울렛몰":100,
            "대형마트":80,
            "은행":20,
            "병원":0,
            "종합병원":100,
            "공원":100,
            "혐오시설":0,
            "인프라총점":47.0,
            "초등학군":89.98,
            "중학군":50.68,
            "학군총점":58.54,
            "인구수":32.17,
            "인구증감":-14.67,
            "인구총점":18.118,
            "일자리":21.83,
            "소득수준":63.3,
            "일자리총점":34.271,
            "가치 총점":59.381,
            "매매실거래년":20210812.0,
            "매매실거래가":138000.0,
            "전세실거래년":20210415.0,
            "전세실거래가":48300.0,
            "전세가율":46.89,
            "장기전세가율평균":67.55,
            "전세가율거품지수":20.66,
            "검색코드":17512,
            "세대수":169.0,
            "준공년월":"2006-03-31",
            "준공년차":17.0,
            "가까운역이름":"신금호",
            "가까운역거리":268.64,
            "역세권여부":"역세권",
            "30분이내주요거점역":4,
            "30분거점역이름":"['여의도', '을지로3가', '왕십리', '명동']",
            "1시간이내주요거점역":13,
            "1시간거점역이름":"['강남', '역삼', '잠실', '판교', '여의도', '을지로3가', '양재', '가산디지털단지', '왕십리', '홍대입구', '구로디지털단지', '명동', '마곡']",
            "3km이내백화점수":0,
            "5km이내아울렛몰수":2,
            "1km이내대형먀트수":1,
            "500m이내은행수":2,
            "500m이내병원수":0,
            "5km이내대형병원수":10,
            "500m이내공원수":6,
            "3km이내혐오시설수":0,
            "초등학교학업성취도":89.98,
            "중학교학업성취도":83.6,
            "용적률":243,
            "건폐율":23,
            "Y":37.556144,
            "X":127.022698,
            "rank":108.0,
            "area_info":"24평(79.34), 24평(79.35), 33평(109.11), 33평(109.11), 33평(109.11), 34평(113.29), 43평(143.44)",
            "last_sales":"2021-08-12,138000.0,43평(143.44)",
            "rank_history":[
                [
                    "202203",
                    108
                ],
                [
                    "202202",
                    86
                ],
                [
                    "202201",
                    85
                ]
            ],
            "rank_gap":-22
        },
        {
            "index":337,
            "아파트명":"E-아름다운세상",
            "투자타입":"일반",
            "전용면적(m2)":"94.56",
            "전용면적(평)":"28평",
            "법정동주소":"서울시 성동구 성수동2가 846",
            "도로명주소":"서울시 성동구",
            "세대수":0,
            "입주년차":80,
            "용적률점수":"--",
            "건폐율점수":"--",
            "세대당주차수":30,
            "난방방식":30,
            "공급면적":"--",
            "전용률":"--",
            "욕실수":100,
            "현관타입":100,
            "주거총점":43.5,
            "지역구공급총점":100.0,
            "역세권":50,
            "30분내 이동가능 거점":80,
            "1시간내 이동가능 거점":100,
            "교통총점":69.0,
            "백화점":100,
            "아울렛몰":0,
            "대형마트":0,
            "은행":100,
            "병원":0,
            "종합병원":100,
            "공원":100,
            "혐오시설":-50,
            "인프라총점":62.0,
            "초등학군":89.98,
            "중학군":41.92,
            "학군총점":51.532,
            "인구수":32.17,
            "인구증감":-14.67,
            "인구총점":18.118,
            "일자리":21.83,
            "소득수준":63.3,
            "일자리총점":34.271,
            "가치 총점":59.1798,
            "매매실거래년":20210430.0,
            "매매실거래가":94000.0,
            "전세실거래년":20210524.0,
            "전세실거래가":55000.0,
            "전세가율":58.51,
            "장기전세가율평균":67.55,
            "전세가율거품지수":9.04,
            "검색코드":108545,
            "세대수":52.0,
            "준공년월":"2014-04-25",
            "준공년차":9.0,
            "가까운역이름":"성수",
            "가까운역거리":550.27,
            "역세권여부":"준역세권",
            "30분이내주요거점역":4,
            "30분거점역이름":"['잠실', '을지로3가', '왕십리', '명동']",
            "1시간이내주요거점역":14,
            "1시간거점역이름":"['강남', '역삼', '잠실', '판교', '여의도', '을지로3가', '양재', '정자', '가산디지털단지', '왕십리', '홍대입구', '구로디지털단지', '명동', '서현']",
            "3km이내백화점수":2,
            "5km이내아울렛몰수":0,
            "1km이내대형먀트수":0,
            "500m이내은행수":8,
            "500m이내병원수":0,
            "5km이내대형병원수":8,
            "500m이내공원수":2,
            "3km이내혐오시설수":1,
            "초등학교학업성취도":89.98,
            "중학교학업성취도":68.6,
            "용적률":249,
            "건폐율":26,
            "Y":37.547786,
            "X":127.060831,
            "rank":109.0,
            "area_info":"28평(94.56), 33평(112.19)",
            "last_sales":"2021-04-30,94000.0,28평(94.56)",
            "rank_history":[
                [
                    "202203",
                    109
                ],
                [
                    "202202",
                    9999
                ]
            ],
            "rank_gap":9999
        },
        {
            "index":473,
            "아파트명":"극동그린",
            "투자타입":"일반",
            "전용면적(m2)":"83.52",
            "전용면적(평)":"25평",
            "법정동주소":"서울시 성동구 옥수동 436",
            "도로명주소":"서울시 성동구 독서당로 175",
            "세대수":50,
            "입주년차":0,
            "용적률점수":"--",
            "건폐율점수":"--",
            "세대당주차수":0,
            "난방방식":80,
            "공급면적":"--",
            "전용률":"--",
            "욕실수":50,
            "현관타입":10,
            "주거총점":31.5,
            "지역구공급총점":100.0,
            "역세권":50,
            "30분내 이동가능 거점":100,
            "1시간내 이동가능 거점":100,
            "교통총점":75.0,
            "백화점":100,
            "아울렛몰":100,
            "대형마트":0,
            "은행":0,
            "병원":0,
            "종합병원":100,
            "공원":0,
            "혐오시설":0,
            "인프라총점":60.0,
            "초등학군":89.96,
            "중학군":47.54,
            "학군총점":56.024,
            "인구수":32.17,
            "인구증감":-14.67,
            "인구총점":18.118,
            "일자리":21.83,
            "소득수준":63.3,
            "일자리총점":34.271,
            "가치 총점":58.9536,
            "매매실거래년":20210709.0,
            "매매실거래가":142000.0,
            "전세실거래년":20211120.0,
            "전세실거래가":58000.0,
            "전세가율":49.36,
            "장기전세가율평균":67.55,
            "전세가율거품지수":18.19,
            "검색코드":563,
            "세대수":583.0,
            "준공년월":"1997-10-02",
            "준공년차":26.0,
            "가까운역이름":"버티고개",
            "가까운역거리":707.79,
            "역세권여부":"준역세권",
            "30분이내주요거점역":5,
            "30분거점역이름":"['강남', '역삼', '을지로3가', '왕십리', '명동']",
            "1시간이내주요거점역":15,
            "1시간거점역이름":"['강남', '역삼', '판교', '여의도', '을지로3가', '양재', '정자', '평촌', '가산디지털단지', '왕십리', '홍대입구', '구로디지털단지', '명동', '서현', 'GTX성남(2023년)']",
            "3km이내백화점수":1,
            "5km이내아울렛몰수":2,
            "1km이내대형먀트수":0,
            "500m이내은행수":1,
            "500m이내병원수":0,
            "5km이내대형병원수":10,
            "500m이내공원수":0,
            "3km이내혐오시설수":0,
            "초등학교학업성취도":89.96,
            "중학교학업성취도":78.9,
            "용적률":291,
            "건폐율":22,
            "Y":37.541954,
            "X":127.009825,
            "rank":110.0,
            "area_info":"25평(83.52), 32평(109.09), 42평(141.82)",
            "last_sales":"2021-07-09,142000.0,42평(141.82)",
            "rank_history":[
                [
                    "202203",
                    110
                ],
                [
                    "202202",
                    92
                ],
                [
                    "202201",
                    91
                ]
            ],
            "rank_gap":-18
        },
        {
            "index":621,
            "아파트명":"왕십리자이",
            "투자타입":"일반",
            "전용면적(m2)":"73.17",
            "전용면적(평)":"22평",
            "법정동주소":"서울시 성동구 하왕십리동 1071",
            "도로명주소":"서울시 성동구 난계로 100",
            "세대수":80,
            "입주년차":80,
            "용적률점수":"--",
            "건폐율점수":"--",
            "세대당주차수":60,
            "난방방식":30,
            "공급면적":"--",
            "전용률":"--",
            "욕실수":50,
            "현관타입":100,
            "주거총점":71.0,
            "지역구공급총점":100.0,
            "역세권":50,
            "30분내 이동가능 거점":60,
            "1시간내 이동가능 거점":100,
            "교통총점":63.0,
            "백화점":0,
            "아울렛몰":100,
            "대형마트":80,
            "은행":0,
            "병원":0,
            "종합병원":100,
            "공원":100,
            "혐오시설":0,
            "인프라총점":45.0,
            "초등학군":89.98,
            "중학군":50.68,
            "학군총점":58.54,
            "인구수":32.17,
            "인구증감":-14.67,
            "인구총점":18.118,
            "일자리":21.83,
            "소득수준":63.3,
            "일자리총점":34.271,
            "가치 총점":58.531,
            "매매실거래년":20211028.0,
            "매매실거래가":160000.0,
            "전세실거래년":20210716.0,
            "전세실거래가":45500.0,
            "전세가율":43.75,
            "장기전세가율평균":67.55,
            "전세가율거품지수":23.8,
            "검색코드":111002,
            "세대수":713.0,
            "준공년월":"2017-07-28",
            "준공년차":6.0,
            "가까운역이름":"행당",
            "가까운역거리":550.91,
            "역세권여부":"준역세권",
            "30분이내주요거점역":3,
            "30분거점역이름":"['을지로3가', '왕십리', '명동']",
            "1시간이내주요거점역":12,
            "1시간거점역이름":"['강남', '역삼', '잠실', '판교', '여의도', '을지로3가', '양재', '가산디지털단지', '왕십리', '홍대입구', '구로디지털단지', '명동']",
            "3km이내백화점수":0,
            "5km이내아울렛몰수":2,
            "1km이내대형먀트수":1,
            "500m이내은행수":1,
            "500m이내병원수":0,
            "5km이내대형병원수":11,
            "500m이내공원수":5,
            "3km이내혐오시설수":0,
            "초등학교학업성취도":89.98,
            "중학교학업성취도":83.6,
            "용적률":226,
            "건폐율":18,
            "Y":37.560484,
            "X":127.024657,
            "rank":111.0,
            "area_info":"22평(73.17), 22평(73.14), 24평(81.39), 24평(81.83), 24평(82.53), 25평(85.01), 34평(112.79)",
            "last_sales":"2021-10-28,160000.0,34평(112.79)",
            "rank_history":[
                [
                    "202203",
                    111
                ],
                [
                    "202202",
                    89
                ],
                [
                    "202201",
                    38
                ]
            ],
            "rank_gap":-22
        },
        {
            "index":267,
            "아파트명":"성수현대그린",
            "투자타입":"일반",
            "전용면적(m2)":"77.39",
            "전용면적(평)":"23평",
            "법정동주소":"서울시 성동구 성수동1가 33-2",
            "도로명주소":"서울시 성동구 뚝섬로3길 6",
            "세대수":0,
            "입주년차":0,
            "용적률점수":"--",
            "건폐율점수":"--",
            "세대당주차수":30,
            "난방방식":30,
            "공급면적":"--",
            "전용률":"--",
            "욕실수":50,
            "현관타입":10,
            "주거총점":13.5,
            "지역구공급총점":100.0,
            "역세권":50,
            "30분내 이동가능 거점":80,
            "1시간내 이동가능 거점":100,
            "교통총점":69.0,
            "백화점":100,
            "아울렛몰":80,
            "대형마트":80,
            "은행":70,
            "병원":0,
            "종합병원":100,
            "공원":100,
            "혐오시설":0,
            "인프라총점":80.0,
            "초등학군":89.96,
            "중학군":40.18,
            "학군총점":50.136,
            "인구수":32.17,
            "인구증감":-14.67,
            "인구총점":18.118,
            "일자리":21.83,
            "소득수준":63.3,
            "일자리총점":34.271,
            "가치 총점":58.3704,
            "매매실거래년":20220109.0,
            "매매실거래가":110000.0,
            "전세실거래년":20211004.0,
            "전세실거래가":38850.0,
            "전세가율":35.32,
            "장기전세가율평균":67.55,
            "전세가율거품지수":32.23,
            "검색코드":561,
            "세대수":219.0,
            "준공년월":"1994-02-04",
            "준공년차":29.0,
            "가까운역이름":"서울숲",
            "가까운역거리":574.07,
            "역세권여부":"준역세권",
            "30분이내주요거점역":4,
            "30분거점역이름":"['강남', '역삼', '을지로3가', '왕십리']",
            "1시간이내주요거점역":16,
            "1시간거점역이름":"['강남', '역삼', '잠실', '판교', '여의도', '을지로3가', '양재', '정자', '가산디지털단지', '왕십리', '홍대입구', '구로디지털단지', '명동', '서현', 'GTX성남(2023년)', 'GTX동탄(2023년)']",
            "3km이내백화점수":3,
            "5km이내아울렛몰수":1,
            "1km이내대형먀트수":1,
            "500m이내은행수":4,
            "500m이내병원수":0,
            "5km이내대형병원수":8,
            "500m이내공원수":4,
            "3km이내혐오시설수":0,
            "초등학교학업성취도":89.96,
            "중학교학업성취도":65.3,
            "용적률":299,
            "건폐율":21,
            "Y":37.54064,
            "X":127.05004,
            "rank":112.0,
            "area_info":"23평(77.39), 33평(110.69)",
            "last_sales":"2022-01-09,110000.0,23평(77.39)",
            "rank_history":[
                [
                    "202203",
                    112
                ],
                [
                    "202202",
                    95
                ],
                [
                    "202201",
                    93
                ]
            ],
            "rank_gap":-17
        },
        {
            "index":551,
            "아파트명":"중앙하이츠",
            "투자타입":"일반",
            "전용면적(m2)":"85.86",
            "전용면적(평)":"25평",
            "법정동주소":"서울시 성동구 용답동 15",
            "도로명주소":"서울시 성동구 용답중앙27길 10",
            "세대수":0,
            "입주년차":0,
            "용적률점수":"--",
            "건폐율점수":"--",
            "세대당주차수":0,
            "난방방식":30,
            "공급면적":"--",
            "전용률":"--",
            "욕실수":50,
            "현관타입":100,
            "주거총점":18.0,
            "지역구공급총점":100.0,
            "역세권":80,
            "30분내 이동가능 거점":60,
            "1시간내 이동가능 거점":100,
            "교통총점":78.0,
            "백화점":100,
            "아울렛몰":80,
            "대형마트":0,
            "은행":70,
            "병원":0,
            "종합병원":100,
            "공원":0,
            "혐오시설":0,
            "인프라총점":65.0,
            "초등학군":89.97,
            "중학군":42.48,
            "학군총점":51.978,
            "인구수":32.17,
            "인구증감":-14.67,
            "인구총점":18.118,
            "일자리":21.83,
            "소득수준":63.3,
            "일자리총점":34.271,
            "가치 총점":58.1967,
            "매매실거래년":20210827.0,
            "매매실거래가":73400.0,
            "전세실거래년":20210520.0,
            "전세실거래가":30000.0,
            "전세가율":40.87,
            "장기전세가율평균":67.55,
            "전세가율거품지수":26.68,
            "검색코드":9984,
            "세대수":136.0,
            "준공년월":"1995-11-27",
            "준공년차":28.0,
            "가까운역이름":"용답",
            "가까운역거리":428.69,
            "역세권여부":"역세권",
            "30분이내주요거점역":3,
            "30분거점역이름":"['을지로3가', '왕십리', '명동']",
            "1시간이내주요거점역":13,
            "1시간거점역이름":"['강남', '역삼', '잠실', '판교', '여의도', '을지로3가', '양재', '가산디지털단지', '왕십리', '홍대입구', '구로디지털단지', '명동', '서현']",
            "3km이내백화점수":1,
            "5km이내아울렛몰수":1,
            "1km이내대형먀트수":0,
            "500m이내은행수":3,
            "500m이내병원수":0,
            "5km이내대형병원수":10,
            "500m이내공원수":0,
            "3km이내혐오시설수":0,
            "초등학교학업성취도":89.97,
            "중학교학업성취도":70.4,
            "용적률":355,
            "건폐율":34,
            "Y":37.563179,
            "X":127.055567,
            "rank":113.0,
            "area_info":"25평(85.86), 33평(109.53)",
            "last_sales":"2021-08-27,73400.0,25평(85.86)",
            "rank_history":[
                [
                    "202203",
                    113
                ],
                [
                    "202202",
                    90
                ],
                [
                    "202201",
                    88
                ]
            ],
            "rank_gap":-23
        },
        {
            "index":439,
            "아파트명":"신성노바빌",
            "투자타입":"일반",
            "전용면적(m2)":"86.88",
            "전용면적(평)":"26평",
            "법정동주소":"서울시 성동구 성수동2가 833",
            "도로명주소":"서울시 성동구 뚝섬로13길 11",
            "세대수":0,
            "입주년차":20,
            "용적률점수":"--",
            "건폐율점수":"--",
            "세대당주차수":0,
            "난방방식":30,
            "공급면적":"--",
            "전용률":"--",
            "욕실수":50,
            "현관타입":10,
            "주거총점":13.0,
            "지역구공급총점":100.0,
            "역세권":50,
            "30분내 이동가능 거점":100,
            "1시간내 이동가능 거점":100,
            "교통총점":75.0,
            "백화점":100,
            "아울렛몰":0,
            "대형마트":80,
            "은행":70,
            "병원":0,
            "종합병원":100,
            "공원":100,
            "혐오시설":0,
            "인프라총점":72.0,
            "초등학군":89.99,
            "중학군":41.92,
            "학군총점":51.534,
            "인구수":32.17,
            "인구증감":-14.67,
            "인구총점":18.118,
            "일자리":21.83,
            "소득수준":63.3,
            "일자리총점":34.271,
            "가치 총점":58.1801,
            "매매실거래년":20211222.0,
            "매매실거래가":108000.0,
            "전세실거래년":20220214.0,
            "전세실거래가":38000.0,
            "전세가율":35.19,
            "장기전세가율평균":67.55,
            "전세가율거품지수":32.36,
            "검색코드":3419,
            "세대수":146.0,
            "준공년월":"2001-12-21",
            "준공년차":22.0,
            "가까운역이름":"성수",
            "가까운역거리":615.49,
            "역세권여부":"준역세권",
            "30분이내주요거점역":6,
            "30분거점역이름":"['강남', '역삼', '잠실', '을지로3가', '왕십리', '명동']",
            "1시간이내주요거점역":15,
            "1시간거점역이름":"['강남', '역삼', '잠실', '판교', '여의도', '을지로3가', '양재', '정자', '가산디지털단지', '왕십리', '홍대입구', '구로디지털단지', '명동', '서현', 'GTX동탄(2023년)']",
            "3km이내백화점수":3,
            "5km이내아울렛몰수":0,
            "1km이내대형먀트수":1,
            "500m이내은행수":4,
            "500m이내병원수":0,
            "5km이내대형병원수":7,
            "500m이내공원수":3,
            "3km이내혐오시설수":0,
            "초등학교학업성취도":89.99,
            "중학교학업성취도":68.6,
            "용적률":246,
            "건폐율":26,
            "Y":37.539115,
            "X":127.057104,
            "rank":114.0,
            "area_info":"26평(86.88), 33평(109.16), 33평(109.16)",
            "last_sales":"2021-12-22,108000.0,26평(86.88)",
            "rank_history":[
                [
                    "202203",
                    114
                ],
                [
                    "202202",
                    93
                ],
                [
                    "202201",
                    90
                ]
            ],
            "rank_gap":-21
        },
        {
            "index":265,
            "아파트명":"성수우방",
            "투자타입":"일반",
            "전용면적(m2)":"81.52",
            "전용면적(평)":"24평",
            "법정동주소":"서울시 성동구 성수동1가 705",
            "도로명주소":"서울시 성동구 상원길 75",
            "세대수":0,
            "입주년차":0,
            "용적률점수":"--",
            "건폐율점수":"--",
            "세대당주차수":30,
            "난방방식":30,
            "공급면적":"--",
            "전용률":"--",
            "욕실수":50,
            "현관타입":10,
            "주거총점":13.5,
            "지역구공급총점":100.0,
            "역세권":80,
            "30분내 이동가능 거점":80,
            "1시간내 이동가능 거점":100,
            "교통총점":84.0,
            "백화점":100,
            "아울렛몰":80,
            "대형마트":0,
            "은행":0,
            "병원":0,
            "종합병원":100,
            "공원":100,
            "혐오시설":-50,
            "인프라총점":60.0,
            "초등학군":89.99,
            "중학군":41.22,
            "학군총점":50.974,
            "인구수":32.17,
            "인구증감":-14.67,
            "인구총점":18.118,
            "일자리":21.83,
            "소득수준":63.3,
            "일자리총점":34.271,
            "가치 총점":57.7461,
            "매매실거래년":20210929.0,
            "매매실거래가":105000.0,
            "전세실거래년":20220124.0,
            "전세실거래가":55000.0,
            "전세가율":52.38,
            "장기전세가율평균":67.55,
            "전세가율거품지수":15.17,
            "검색코드":557,
            "세대수":92.0,
            "준공년월":"1997-06-28",
            "준공년차":26.0,
            "가까운역이름":"뚝섬",
            "가까운역거리":385.77,
            "역세권여부":"역세권",
            "30분이내주요거점역":4,
            "30분거점역이름":"['잠실', '을지로3가', '왕십리', '명동']",
            "1시간이내주요거점역":15,
            "1시간거점역이름":"['강남', '역삼', '잠실', '판교', '여의도', '을지로3가', '양재', '정자', '가산디지털단지', '왕십리', '홍대입구', '구로디지털단지', '명동', '서현', 'GTX동탄(2023년)']",
            "3km이내백화점수":2,
            "5km이내아울렛몰수":1,
            "1km이내대형먀트수":0,
            "500m이내은행수":0,
            "500m이내병원수":0,
            "5km이내대형병원수":10,
            "500m이내공원수":2,
            "3km이내혐오시설수":1,
            "초등학교학업성취도":89.99,
            "중학교학업성취도":68.7,
            "용적률":274,
            "건폐율":29,
            "Y":37.55071,
            "X":127.04729,
            "rank":115.0,
            "area_info":"24평(81.52), 34평(115.43)",
            "last_sales":"2021-09-29,105000.0,24평(81.52)",
            "rank_history":[
                [
                    "202203",
                    115
                ],
                [
                    "202202",
                    9999
                ]
            ],
            "rank_gap":9999
        },
        {
            "index":80,
            "아파트명":"삼산",
            "투자타입":"재건축",
            "전용면적(m2)":"49.45",
            "전용면적(평)":"14평",
            "법정동주소":"서울시 성동구 금호동4가 180",
            "도로명주소":"서울시 성동구 금호로3길 10",
            "세대수":0,
            "입주년차":"--",
            "용적률점수":0,
            "건폐율점수":0,
            "세대당주차수":"--",
            "난방방식":"--",
            "공급면적":50,
            "전용률":100,
            "욕실수":"--",
            "현관타입":"--",
            "주거총점":7.5,
            "지역구공급총점":100.0,
            "역세권":50,
            "30분내 이동가능 거점":100,
            "1시간내 이동가능 거점":100,
            "교통총점":75.0,
            "백화점":100,
            "아울렛몰":100,
            "대형마트":0,
            "은행":70,
            "병원":0,
            "종합병원":100,
            "공원":100,
            "혐오시설":0,
            "인프라총점":70.0,
            "초등학군":89.97,
            "중학군":52.42,
            "학군총점":59.93,
            "인구수":32.17,
            "인구증감":-14.67,
            "인구총점":18.118,
            "일자리":21.83,
            "소득수준":63.3,
            "일자리총점":34.271,
            "가치 총점":57.7395,
            "매매실거래년":20211023.0,
            "매매실거래가":68000.0,
            "전세실거래년":20220212.0,
            "전세실거래가":25000.0,
            "전세가율":65.79,
            "장기전세가율평균":67.55,
            "전세가율거품지수":1.76,
            "검색코드":26172,
            "세대수":75.0,
            "준공년월":"1975-12-23",
            "준공년차":48.0,
            "가까운역이름":"금호",
            "가까운역거리":777.87,
            "역세권여부":"준역세권",
            "30분이내주요거점역":5,
            "30분거점역이름":"['강남', '역삼', '을지로3가', '왕십리', '명동']",
            "1시간이내주요거점역":15,
            "1시간거점역이름":"['강남', '역삼', '잠실', '판교', '여의도', '을지로3가', '양재', '정자', '평촌', '가산디지털단지', '왕십리', '홍대입구', '구로디지털단지', '명동', 'GTX성남(2023년)']",
            "3km이내백화점수":2,
            "5km이내아울렛몰수":2,
            "1km이내대형먀트수":0,
            "500m이내은행수":3,
            "500m이내병원수":0,
            "5km이내대형병원수":10,
            "500m이내공원수":3,
            "3km이내혐오시설수":0,
            "초등학교학업성취도":89.97,
            "중학교학업성취도":85.9,
            "용적률":0,
            "건폐율":0,
            "Y":37.547456,
            "X":127.024594,
            "rank":116.0,
            "area_info":"14평(49.45), 14평(49.49)",
            "last_sales":"2021-10-23,68000.0,14평(49.49)",
            "rank_history":[
                [
                    "202203",
                    116
                ],
                [
                    "202202",
                    9999
                ]
            ],
            "rank_gap":9999
        },
        {
            "index":408,
            "아파트명":"성수대우1차",
            "투자타입":"일반",
            "전용면적(m2)":"79.68",
            "전용면적(평)":"24평",
            "법정동주소":"서울시 성동구 성수동2가 279-50",
            "도로명주소":"서울시 성동구 동일로 143",
            "세대수":0,
            "입주년차":20,
            "용적률점수":"--",
            "건폐율점수":"--",
            "세대당주차수":60,
            "난방방식":30,
            "공급면적":"--",
            "전용률":"--",
            "욕실수":50,
            "현관타입":10,
            "주거총점":22.0,
            "지역구공급총점":100.0,
            "역세권":50,
            "30분내 이동가능 거점":80,
            "1시간내 이동가능 거점":100,
            "교통총점":69.0,
            "백화점":100,
            "아울렛몰":80,
            "대형마트":0,
            "은행":100,
            "병원":0,
            "종합병원":100,
            "공원":80,
            "혐오시설":0,
            "인프라총점":70.4,
            "초등학군":89.98,
            "중학군":41.92,
            "학군총점":51.532,
            "인구수":32.17,
            "인구증감":-14.67,
            "인구총점":18.118,
            "일자리":21.83,
            "소득수준":63.3,
            "일자리총점":34.271,
            "가치 총점":57.3998,
            "매매실거래년":20211115.0,
            "매매실거래가":73000.0,
            "전세실거래년":20201109.0,
            "전세실거래가":24150.0,
            "전세가율":33.08,
            "장기전세가율평균":67.55,
            "전세가율거품지수":34.47,
            "검색코드":1174,
            "세대수":108.0,
            "준공년월":"1999-04-30",
            "준공년차":24.0,
            "가까운역이름":"건대입구",
            "가까운역거리":645.63,
            "역세권여부":"준역세권",
            "30분이내주요거점역":4,
            "30분거점역이름":"['강남', '역삼', '잠실', '왕십리']",
            "1시간이내주요거점역":14,
            "1시간거점역이름":"['강남', '역삼', '잠실', '판교', '여의도', '을지로3가', '양재', '정자', '가산디지털단지', '왕십리', '홍대입구', '구로디지털단지', '명동', '서현']",
            "3km이내백화점수":2,
            "5km이내아울렛몰수":1,
            "1km이내대형먀트수":0,
            "500m이내은행수":9,
            "500m이내병원수":0,
            "5km이내대형병원수":8,
            "500m이내공원수":1,
            "3km이내혐오시설수":0,
            "초등학교학업성취도":89.98,
            "중학교학업성취도":68.6,
            "용적률":421,
            "건폐율":59,
            "Y":37.54535,
            "X":127.06536,
            "rank":117.0,
            "area_info":"24평(79.68), 34평(113.32), 34평(113.19)",
            "last_sales":"2021-11-15,73000.0,24평(79.68)",
            "rank_history":[
                [
                    "202203",
                    117
                ],
                [
                    "202202",
                    94
                ],
                [
                    "202201",
                    92
                ]
            ],
            "rank_gap":-23
        },
        {
            "index":333,
            "아파트명":"현대",
            "투자타입":"재건축",
            "전용면적(m2)":"82.29",
            "전용면적(평)":"24평",
            "법정동주소":"서울시 성동구 성수동1가 676-5",
            "도로명주소":"서울시 성동구 서울숲길 25",
            "세대수":0,
            "입주년차":"--",
            "용적률점수":20,
            "건폐율점수":0,
            "세대당주차수":"--",
            "난방방식":"--",
            "공급면적":70,
            "전용률":60,
            "욕실수":"--",
            "현관타입":"--",
            "주거총점":14.5,
            "지역구공급총점":100.0,
            "역세권":50,
            "30분내 이동가능 거점":100,
            "1시간내 이동가능 거점":100,
            "교통총점":75.0,
            "백화점":100,
            "아울렛몰":80,
            "대형마트":0,
            "은행":0,
            "병원":0,
            "종합병원":100,
            "공원":0,
            "혐오시설":0,
            "인프라총점":58.0,
            "초등학군":89.98,
            "중학군":49.44,
            "학군총점":57.548,
            "인구수":32.17,
            "인구증감":-14.67,
            "인구총점":18.118,
            "일자리":21.83,
            "소득수준":63.3,
            "일자리총점":34.271,
            "가치 총점":55.1822,
            "매매실거래년":20211022.0,
            "매매실거래가":175000.0,
            "전세실거래년":20211220.0,
            "전세실거래가":36750.0,
            "전세가율":32.24,
            "장기전세가율평균":67.55,
            "전세가율거품지수":35.31,
            "검색코드":1,
            "세대수":217.0,
            "준공년월":"1990-09-22",
            "준공년차":33.0,
            "가까운역이름":"응봉",
            "가까운역거리":579.6,
            "역세권여부":"준역세권",
            "30분이내주요거점역":6,
            "30분거점역이름":"['강남', '역삼', '잠실', '을지로3가', '왕십리', '명동']",
            "1시간이내주요거점역":17,
            "1시간거점역이름":"['강남', '역삼', '잠실', '판교', '여의도', '을지로3가', '양재', '정자', '평촌', '가산디지털단지', '왕십리', '홍대입구', '구로디지털단지', '명동', '서현', 'GTX성남(2023년)', 'GTX동탄(2023년)']",
            "3km이내백화점수":3,
            "5km이내아울렛몰수":1,
            "1km이내대형먀트수":0,
            "500m이내은행수":1,
            "500m이내병원수":0,
            "5km이내대형병원수":11,
            "500m이내공원수":0,
            "3km이내혐오시설수":0,
            "초등학교학업성취도":89.98,
            "중학교학업성취도":82.4,
            "용적률":255,
            "건폐율":0,
            "Y":37.548119,
            "X":127.040638,
            "rank":118.0,
            "area_info":"24평(82.29), 27평(89.83), 31평(103.32), 31평(104.86)",
            "last_sales":"2021-10-22,175000.0,31평(103.32)",
            "rank_history":[
                [
                    "202203",
                    118
                ],
                [
                    "202202",
                    96
                ],
                [
                    "202201",
                    94
                ]
            ],
            "rank_gap":-22
        },
        {
            "index":442,
            "아파트명":"금호베스트빌",
            "투자타입":"일반",
            "전용면적(m2)":"87.83",
            "전용면적(평)":"26평",
            "법정동주소":"서울시 성동구 송정동 103",
            "도로명주소":"서울시 성동구 광나루로 249",
            "세대수":0,
            "입주년차":20,
            "용적률점수":"--",
            "건폐율점수":"--",
            "세대당주차수":60,
            "난방방식":30,
            "공급면적":"--",
            "전용률":"--",
            "욕실수":50,
            "현관타입":100,
            "주거총점":31.0,
            "지역구공급총점":100.0,
            "역세권":50,
            "30분내 이동가능 거점":60,
            "1시간내 이동가능 거점":100,
            "교통총점":63.0,
            "백화점":100,
            "아울렛몰":80,
            "대형마트":0,
            "은행":0,
            "병원":0,
            "종합병원":100,
            "공원":100,
            "혐오시설":-50,
            "인프라총점":60.0,
            "초등학군":89.98,
            "중학군":48.2,
            "학군총점":56.556,
            "인구수":32.17,
            "인구증감":-14.67,
            "인구총점":18.118,
            "일자리":21.83,
            "소득수준":63.3,
            "일자리총점":34.271,
            "가치 총점":54.7334,
            "매매실거래년":20210814.0,
            "매매실거래가":116000.0,
            "전세실거래년":20190402.0,
            "전세실거래가":30000.0,
            "전세가율":null,
            "장기전세가율평균":67.55,
            "전세가율거품지수":null,
            "검색코드":8105,
            "세대수":60.0,
            "준공년월":"2002-12-30",
            "준공년차":21.0,
            "가까운역이름":"성수",
            "가까운역거리":546.4,
            "역세권여부":"준역세권",
            "30분이내주요거점역":3,
            "30분거점역이름":"['잠실', '을지로3가', '왕십리']",
            "1시간이내주요거점역":13,
            "1시간거점역이름":"['강남', '역삼', '잠실', '판교', '여의도', '을지로3가', '양재', '정자', '가산디지털단지', '왕십리', '홍대입구', '구로디지털단지', '명동']",
            "3km이내백화점수":2,
            "5km이내아울렛몰수":1,
            "1km이내대형먀트수":0,
            "500m이내은행수":1,
            "500m이내병원수":0,
            "5km이내대형병원수":8,
            "500m이내공원수":2,
            "3km이내혐오시설수":1,
            "초등학교학업성취도":89.98,
            "중학교학업성취도":79.0,
            "용적률":299,
            "건폐율":23,
            "Y":37.549355,
            "X":127.057575,
            "rank":119.0,
            "area_info":"26평(87.83), 33평(110.72), 36평(119.79), 43평(143.82)",
            "last_sales":"2021-08-14,116000.0,43평(143.82)",
            "rank_history":[
                [
                    "202203",
                    119
                ],
                [
                    "202202",
                    9999
                ]
            ],
            "rank_gap":9999
        },
        {
            "index":446,
            "아파트명":"서울숲IPARK",
            "투자타입":"일반",
            "전용면적(m2)":"84.4",
            "전용면적(평)":"25평",
            "법정동주소":"서울시 성동구 송정동 104",
            "도로명주소":"서울시 성동구 동일로 237",
            "세대수":0,
            "입주년차":60,
            "용적률점수":"--",
            "건폐율점수":"--",
            "세대당주차수":30,
            "난방방식":30,
            "공급면적":"--",
            "전용률":"--",
            "욕실수":100,
            "현관타입":50,
            "주거총점":34.5,
            "지역구공급총점":100.0,
            "역세권":50,
            "30분내 이동가능 거점":60,
            "1시간내 이동가능 거점":100,
            "교통총점":63.0,
            "백화점":100,
            "아울렛몰":0,
            "대형마트":0,
            "은행":20,
            "병원":0,
            "종합병원":100,
            "공원":100,
            "혐오시설":0,
            "인프라총점":55.0,
            "초등학군":89.98,
            "중학군":42.54,
            "학군총점":52.028,
            "인구수":32.17,
            "인구증감":-14.67,
            "인구총점":18.118,
            "일자리":21.83,
            "소득수준":63.3,
            "일자리총점":34.271,
            "가치 총점":53.2542,
            "매매실거래년":20201204.0,
            "매매실거래가":118000.0,
            "전세실거래년":20201109.0,
            "전세실거래가":23625.0,
            "전세가율":42.57,
            "장기전세가율평균":67.55,
            "전세가율거품지수":24.98,
            "검색코드":27132,
            "세대수":241.0,
            "준공년월":"2009-03-12",
            "준공년차":14.0,
            "가까운역이름":"어린이대공원",
            "가까운역거리":709.44,
            "역세권여부":"준역세권",
            "30분이내주요거점역":3,
            "30분거점역이름":"['강남', '역삼', '왕십리']",
            "1시간이내주요거점역":15,
            "1시간거점역이름":"['강남', '역삼', '잠실', '판교', '여의도', '을지로3가', '양재', '정자', '평촌', '가산디지털단지', '왕십리', '홍대입구', '구로디지털단지', '명동', 'GTX동탄(2023년)']",
            "3km이내백화점수":1,
            "5km이내아울렛몰수":0,
            "1km이내대형먀트수":0,
            "500m이내은행수":2,
            "500m이내병원수":0,
            "5km이내대형병원수":9,
            "500m이내공원수":2,
            "3km이내혐오시설수":0,
            "초등학교학업성취도":89.98,
            "중학교학업성취도":70.9,
            "용적률":209,
            "건폐율":23,
            "Y":37.5525,
            "X":127.069,
            "rank":120.0,
            "area_info":"25평(84.4), 30평(100.86), 34평(112.44), 34평(112.63), 33평(112.14), 33평(112.34), 34평(112.79), 46평(152.89)",
            "last_sales":"2020-12-04,118000.0,46평(152.89)",
            "rank_history":[
                [
                    "202203",
                    120
                ],
                [
                    "202202",
                    98
                ],
                [
                    "202201",
                    96
                ]
            ],
            "rank_gap":-22
        },
        {
            "index":261,
            "아파트명":"성수동양",
            "투자타입":"일반",
            "전용면적(m2)":"80.27",
            "전용면적(평)":"24평",
            "법정동주소":"서울시 성동구 성수동1가 479-1",
            "도로명주소":"서울시 성동구 둘레길 21",
            "세대수":0,
            "입주년차":20,
            "용적률점수":"--",
            "건폐율점수":"--",
            "세대당주차수":30,
            "난방방식":30,
            "공급면적":"--",
            "전용률":"--",
            "욕실수":50,
            "현관타입":10,
            "주거총점":17.5,
            "지역구공급총점":100.0,
            "역세권":50,
            "30분내 이동가능 거점":40,
            "1시간내 이동가능 거점":100,
            "교통총점":57.0,
            "백화점":100,
            "아울렛몰":80,
            "대형마트":80,
            "은행":0,
            "병원":0,
            "종합병원":100,
            "공원":80,
            "혐오시설":0,
            "인프라총점":72.4,
            "초등학군":89.96,
            "중학군":40.18,
            "학군총점":50.136,
            "인구수":32.17,
            "인구증감":-14.67,
            "인구총점":18.118,
            "일자리":21.83,
            "소득수준":63.3,
            "일자리총점":34.271,
            "가치 총점":52.6904,
            "매매실거래년":20200919.0,
            "매매실거래가":197000.0,
            "전세실거래년":20220108.0,
            "전세실거래가":65000.0,
            "전세가율":44.61,
            "장기전세가율평균":67.55,
            "전세가율거품지수":22.94,
            "검색코드":8176,
            "세대수":142.0,
            "준공년월":"2001-08-29",
            "준공년차":22.0,
            "가까운역이름":"서울숲",
            "가까운역거리":669.05,
            "역세권여부":"준역세권",
            "30분이내주요거점역":2,
            "30분거점역이름":"['역삼', '왕십리']",
            "1시간이내주요거점역":15,
            "1시간거점역이름":"['강남', '역삼', '잠실', '판교', '여의도', '을지로3가', '양재', '정자', '가산디지털단지', '왕십리', '홍대입구', '구로디지털단지', '명동', '서현', 'GTX동탄(2023년)']",
            "3km이내백화점수":3,
            "5km이내아울렛몰수":1,
            "1km이내대형먀트수":1,
            "500m이내은행수":0,
            "500m이내병원수":0,
            "5km이내대형병원수":8,
            "500m이내공원수":1,
            "3km이내혐오시설수":0,
            "초등학교학업성취도":89.96,
            "중학교학업성취도":65.3,
            "용적률":310,
            "건폐율":21,
            "Y":37.537739,
            "X":127.046191,
            "rank":121.0,
            "area_info":"24평(80.27), 32평(106.94), 32평(107.43), 34평(112.77)",
            "last_sales":"2020-09-19,197000.0,32평(107.43)",
            "rank_history":[
                [
                    "202203",
                    121
                ],
                [
                    "202202",
                    99
                ],
                [
                    "202201",
                    97
                ]
            ],
            "rank_gap":-22
        },
        {
            "index":579,
            "아파트명":"극동미라주",
            "투자타입":"일반",
            "전용면적(m2)":"89.79",
            "전용면적(평)":"27평",
            "법정동주소":"서울시 성동구 하왕십리동 1058",
            "도로명주소":"서울시 성동구 난계로 73",
            "세대수":50,
            "입주년차":20,
            "용적률점수":"--",
            "건폐율점수":"--",
            "세대당주차수":30,
            "난방방식":30,
            "공급면적":"--",
            "전용률":"--",
            "욕실수":50,
            "현관타입":10,
            "주거총점":35.0,
            "지역구공급총점":100.0,
            "역세권":50,
            "30분내 이동가능 거점":60,
            "1시간내 이동가능 거점":100,
            "교통총점":63.0,
            "백화점":0,
            "아울렛몰":100,
            "대형마트":80,
            "은행":0,
            "병원":0,
            "종합병원":100,
            "공원":100,
            "혐오시설":0,
            "인프라총점":45.0,
            "초등학군":89.98,
            "중학군":50.68,
            "학군총점":58.54,
            "인구수":32.17,
            "인구증감":-14.67,
            "인구총점":18.118,
            "일자리":21.83,
            "소득수준":63.3,
            "일자리총점":34.271,
            "가치 총점":51.331,
            "매매실거래년":20210720.0,
            "매매실거래가":130000.0,
            "전세실거래년":20220124.0,
            "전세실거래가":53000.0,
            "전세가율":62.35,
            "장기전세가율평균":67.55,
            "전세가율거품지수":5.2,
            "검색코드":3420,
            "세대수":414.0,
            "준공년월":"2001-12-14",
            "준공년차":22.0,
            "가까운역이름":"신금호",
            "가까운역거리":534.95,
            "역세권여부":"준역세권",
            "30분이내주요거점역":3,
            "30분거점역이름":"['을지로3가', '왕십리', '명동']",
            "1시간이내주요거점역":13,
            "1시간거점역이름":"['강남', '역삼', '잠실', '판교', '여의도', '을지로3가', '양재', '가산디지털단지', '왕십리', '홍대입구', '구로디지털단지', '명동', '마곡']",
            "3km이내백화점수":0,
            "5km이내아울렛몰수":2,
            "1km이내대형먀트수":1,
            "500m이내은행수":1,
            "500m이내병원수":0,
            "5km이내대형병원수":12,
            "500m이내공원수":5,
            "3km이내혐오시설수":0,
            "초등학교학업성취도":89.98,
            "중학교학업성취도":83.6,
            "용적률":336,
            "건폐율":25,
            "Y":37.558885,
            "X":127.022922,
            "rank":122.0,
            "area_info":"27평(89.79), 29평(95.97), 33평(109.63), 42평(141.17), 42평(141.17)",
            "last_sales":"2021-07-20,130000.0,42평(141.17)",
            "rank_history":[
                [
                    "202203",
                    122
                ],
                [
                    "202202",
                    97
                ],
                [
                    "202201",
                    95
                ]
            ],
            "rank_gap":-25
        },
        {
            "index":363,
            "아파트명":"성동상가",
            "투자타입":"재건축",
            "전용면적(m2)":"23.57",
            "전용면적(평)":"7평",
            "법정동주소":"서울시 성동구 성수동2가 336-2",
            "도로명주소":"서울시 성동구 성덕정15길 12",
            "세대수":0,
            "입주년차":"--",
            "용적률점수":0,
            "건폐율점수":0,
            "세대당주차수":"--",
            "난방방식":"--",
            "공급면적":50,
            "전용률":100,
            "욕실수":"--",
            "현관타입":"--",
            "주거총점":7.5,
            "지역구공급총점":100.0,
            "역세권":50,
            "30분내 이동가능 거점":40,
            "1시간내 이동가능 거점":100,
            "교통총점":57.0,
            "백화점":100,
            "아울렛몰":0,
            "대형마트":80,
            "은행":70,
            "병원":0,
            "종합병원":100,
            "공원":100,
            "혐오시설":0,
            "인프라총점":72.0,
            "초등학군":89.99,
            "중학군":40.18,
            "학군총점":50.142,
            "인구수":32.17,
            "인구증감":-14.67,
            "인구총점":18.118,
            "일자리":21.83,
            "소득수준":63.3,
            "일자리총점":34.271,
            "가치 총점":50.5713,
            "매매실거래년":"18000101",
            "매매실거래가":null,
            "전세실거래년":null,
            "전세실거래가":null,
            "전세가율":null,
            "장기전세가율평균":67.55,
            "전세가율거품지수":null,
            "검색코드":26970,
            "세대수":78.0,
            "준공년월":"1978-04-01",
            "준공년차":45.0,
            "가까운역이름":"성수",
            "가까운역거리":678.09,
            "역세권여부":"준역세권",
            "30분이내주요거점역":2,
            "30분거점역이름":"['을지로3가', '왕십리']",
            "1시간이내주요거점역":13,
            "1시간거점역이름":"['강남', '역삼', '잠실', '판교', '여의도', '을지로3가', '양재', '정자', '왕십리', '홍대입구', '구로디지털단지', '명동', '서현']",
            "3km이내백화점수":3,
            "5km이내아울렛몰수":0,
            "1km이내대형먀트수":1,
            "500m이내은행수":3,
            "500m이내병원수":0,
            "5km이내대형병원수":7,
            "500m이내공원수":2,
            "3km이내혐오시설수":0,
            "초등학교학업성취도":89.99,
            "중학교학업성취도":65.3,
            "용적률":0,
            "건폐율":0,
            "Y":37.53874,
            "X":127.05389,
            "rank":123.0,
            "area_info":"7평(23.57), 7평(24.23), 8평(26.64), 8평(28.93), 9평(29.95), 9평(30.38), 10평(34.12), 12평(39.67), 12평(40.36), 12평(40.07), 12평(40.66), 12평(41.65), 12평(41.02), 12평(42.25), 12평(42.91), 13평(43.37), 13평(43.97), 14평(48.36), 15평(49.82), 15평(49.79), 15평(50.41), 15평(52.23), 15평(52.27), 16평(53.05), 16평(53.59), 17평(59.21), 17평(59.24), 18평(60.6), 18평(60.07), 18평(61.45), 18평(62.08), 18평(62.28), 18평(62.45), 19평(62.91), 18평(62.05), 19평(64.13), 20평(66.12), 20평(67.87), 20평(67.21), 21평(70.51), 21평(71.27), 21평(71.7), 21평(71.97), 22평(74.05), 22평(75.34)",
            "last_sales":"1800-01-01,nan,7평(23.57)",
            "rank_history":[
                [
                    "202203",
                    123
                ],
                [
                    "202202",
                    9999
                ]
            ],
            "rank_gap":9999
        },
        {
            "index":454,
            "아파트명":"송정건영",
            "투자타입":"일반",
            "전용면적(m2)":"86.42",
            "전용면적(평)":"26평",
            "법정동주소":"서울시 성동구 송정동 90",
            "도로명주소":"서울시 성동구 동일로 263",
            "세대수":50,
            "입주년차":20,
            "용적률점수":"--",
            "건폐율점수":"--",
            "세대당주차수":0,
            "난방방식":30,
            "공급면적":"--",
            "전용률":"--",
            "욕실수":50,
            "현관타입":10,
            "주거총점":30.5,
            "지역구공급총점":100.0,
            "역세권":50,
            "30분내 이동가능 거점":40,
            "1시간내 이동가능 거점":100,
            "교통총점":57.0,
            "백화점":100,
            "아울렛몰":0,
            "대형마트":0,
            "은행":0,
            "병원":0,
            "종합병원":100,
            "공원":100,
            "혐오시설":0,
            "인프라총점":53.0,
            "초등학군":89.98,
            "중학군":40.24,
            "학군총점":50.188,
            "인구수":32.17,
            "인구증감":-14.67,
            "인구총점":18.118,
            "일자리":21.83,
            "소득수준":63.3,
            "일자리총점":34.271,
            "가치 총점":49.4782,
            "매매실거래년":20210904.0,
            "매매실거래가":98000.0,
            "전세실거래년":20220119.0,
            "전세실거래가":32550.0,
            "전세가율":44.59,
            "장기전세가율평균":67.55,
            "전세가율거품지수":22.96,
            "검색코드":1178,
            "세대수":447.0,
            "준공년월":"2000-05-10",
            "준공년차":23.0,
            "가까운역이름":"군자",
            "가까운역거리":825.2,
            "역세권여부":"준역세권",
            "30분이내주요거점역":2,
            "30분거점역이름":"['역삼', '왕십리']",
            "1시간이내주요거점역":13,
            "1시간거점역이름":"['강남', '역삼', '잠실', '판교', '여의도', '을지로3가', '양재', '정자', '왕십리', '홍대입구', '구로디지털단지', '명동', 'GTX동탄(2023년)']",
            "3km이내백화점수":1,
            "5km이내아울렛몰수":0,
            "1km이내대형먀트수":0,
            "500m이내은행수":0,
            "500m이내병원수":0,
            "5km이내대형병원수":9,
            "500m이내공원수":2,
            "3km이내혐오시설수":0,
            "초등학교학업성취도":89.98,
            "중학교학업성취도":66.2,
            "용적률":349,
            "건폐율":22,
            "Y":37.556024,
            "X":127.070258,
            "rank":124.0,
            "area_info":"26평(86.42), 26평(87.33), 32평(107.82), 41평(136.49)",
            "last_sales":"2021-09-04,98000.0,32평(107.82)",
            "rank_history":[
                [
                    "202203",
                    124
                ],
                [
                    "202202",
                    100
                ],
                [
                    "202201",
                    98
                ]
            ],
            "rank_gap":-24
        }
    ]
}