{
    "schema":{
        "fields":[
            {
                "name":"index",
                "type":"integer"
            },
            {
                "name":"아파트명",
                "type":"string"
            },
            {
                "name":"투자타입",
                "type":"string"
            },
            {
                "name":"전용면적(m2)",
                "type":"string"
            },
            {
                "name":"전용면적(평)",
                "type":"string"
            },
            {
                "name":"법정동주소",
                "type":"string"
            },
            {
                "name":"도로명주소",
                "type":"string"
            },
            {
                "name":"세대수",
                "type":"integer"
            },
            {
                "name":"입주년차",
                "type":"string"
            },
            {
                "name":"용적률점수",
                "type":"string"
            },
            {
                "name":"건폐율점수",
                "type":"string"
            },
            {
                "name":"세대당주차수",
                "type":"string"
            },
            {
                "name":"난방방식",
                "type":"string"
            },
            {
                "name":"공급면적",
                "type":"string"
            },
            {
                "name":"전용률",
                "type":"string"
            },
            {
                "name":"욕실수",
                "type":"string"
            },
            {
                "name":"현관타입",
                "type":"string"
            },
            {
                "name":"주거총점",
                "type":"number"
            },
            {
                "name":"지역구공급총점",
                "type":"number"
            },
            {
                "name":"역세권",
                "type":"integer"
            },
            {
                "name":"30분내 이동가능 거점",
                "type":"integer"
            },
            {
                "name":"1시간내 이동가능 거점",
                "type":"integer"
            },
            {
                "name":"교통총점",
                "type":"number"
            },
            {
                "name":"백화점",
                "type":"integer"
            },
            {
                "name":"아울렛몰",
                "type":"integer"
            },
            {
                "name":"대형마트",
                "type":"integer"
            },
            {
                "name":"은행",
                "type":"integer"
            },
            {
                "name":"병원",
                "type":"integer"
            },
            {
                "name":"종합병원",
                "type":"integer"
            },
            {
                "name":"공원",
                "type":"integer"
            },
            {
                "name":"혐오시설",
                "type":"integer"
            },
            {
                "name":"인프라총점",
                "type":"number"
            },
            {
                "name":"초등학군",
                "type":"number"
            },
            {
                "name":"중학군",
                "type":"number"
            },
            {
                "name":"학군총점",
                "type":"number"
            },
            {
                "name":"인구수",
                "type":"number"
            },
            {
                "name":"인구증감",
                "type":"number"
            },
            {
                "name":"인구총점",
                "type":"number"
            },
            {
                "name":"일자리",
                "type":"number"
            },
            {
                "name":"소득수준",
                "type":"number"
            },
            {
                "name":"일자리총점",
                "type":"number"
            },
            {
                "name":"가치 총점",
                "type":"number"
            },
            {
                "name":"매매실거래년",
                "type":"string"
            },
            {
                "name":"매매실거래가",
                "type":"number"
            },
            {
                "name":"전세실거래년",
                "type":"number"
            },
            {
                "name":"전세실거래가",
                "type":"number"
            },
            {
                "name":"전세가율",
                "type":"number"
            },
            {
                "name":"장기전세가율평균",
                "type":"number"
            },
            {
                "name":"전세가율거품지수",
                "type":"number"
            },
            {
                "name":"검색코드",
                "type":"integer"
            },
            {
                "name":"세대수",
                "type":"number"
            },
            {
                "name":"준공년월",
                "type":"string"
            },
            {
                "name":"준공년차",
                "type":"number"
            },
            {
                "name":"가까운역이름",
                "type":"string"
            },
            {
                "name":"가까운역거리",
                "type":"number"
            },
            {
                "name":"역세권여부",
                "type":"string"
            },
            {
                "name":"30분이내주요거점역",
                "type":"integer"
            },
            {
                "name":"30분거점역이름",
                "type":"string"
            },
            {
                "name":"1시간이내주요거점역",
                "type":"integer"
            },
            {
                "name":"1시간거점역이름",
                "type":"string"
            },
            {
                "name":"3km이내백화점수",
                "type":"integer"
            },
            {
                "name":"5km이내아울렛몰수",
                "type":"integer"
            },
            {
                "name":"1km이내대형먀트수",
                "type":"integer"
            },
            {
                "name":"500m이내은행수",
                "type":"integer"
            },
            {
                "name":"500m이내병원수",
                "type":"integer"
            },
            {
                "name":"5km이내대형병원수",
                "type":"integer"
            },
            {
                "name":"500m이내공원수",
                "type":"integer"
            },
            {
                "name":"3km이내혐오시설수",
                "type":"integer"
            },
            {
                "name":"초등학교학업성취도",
                "type":"number"
            },
            {
                "name":"중학교학업성취도",
                "type":"number"
            },
            {
                "name":"용적률",
                "type":"integer"
            },
            {
                "name":"건폐율",
                "type":"integer"
            },
            {
                "name":"Y",
                "type":"number"
            },
            {
                "name":"X",
                "type":"number"
            },
            {
                "name":"rank",
                "type":"number"
            },
            {
                "name":"area_info",
                "type":"string"
            },
            {
                "name":"last_sales",
                "type":"string"
            },
            {
                "name":"rank_history",
                "type":"string"
            },
            {
                "name":"rank_gap",
                "type":"integer"
            }
        ],
        "primaryKey":[
            "index"
        ],
        "pandas_version":"1.4.0"
    },
    "data":[
        {
            "index":75,
            "아파트명":"래미안길음센터피스",
            "투자타입":"일반",
            "전용면적(m2)":"83.53",
            "전용면적(평)":"25평",
            "법정동주소":"서울시 성북구 길음동 1288",
            "도로명주소":"서울시 성북구 숭인로 50",
            "세대수":100,
            "입주년차":100,
            "용적률점수":"--",
            "건폐율점수":"--",
            "세대당주차수":30,
            "난방방식":30,
            "공급면적":"--",
            "전용률":"--",
            "욕실수":100,
            "현관타입":100,
            "주거총점":82.5,
            "지역구공급총점":100.0,
            "역세권":80,
            "30분내 이동가능 거점":60,
            "1시간내 이동가능 거점":100,
            "교통총점":78.0,
            "백화점":100,
            "아울렛몰":0,
            "대형마트":100,
            "은행":20,
            "병원":0,
            "종합병원":100,
            "공원":100,
            "혐오시설":0,
            "인프라총점":70.0,
            "초등학군":90.0,
            "중학군":70.02,
            "학군총점":74.016,
            "인구수":47.53,
            "인구증감":-5.22,
            "인구총점":31.705,
            "일자리":16.22,
            "소득수준":57.56,
            "일자리총점":28.622,
            "가치 총점":75.9024,
            "매매실거래년":20220129.0,
            "매매실거래가":140000.0,
            "전세실거래년":20220212.0,
            "전세실거래가":38550.0,
            "전세가율":32.12,
            "장기전세가율평균":70.52,
            "전세가율거품지수":38.4,
            "검색코드":111330,
            "세대수":2352.0,
            "준공년월":"2019-11-29",
            "준공년차":4.0,
            "가까운역이름":"미아사거리",
            "가까운역거리":317.33,
            "역세권여부":"역세권",
            "30분이내주요거점역":3,
            "30분거점역이름":"['을지로3가', '왕십리', '명동']",
            "1시간이내주요거점역":11,
            "1시간거점역이름":"['강남', '역삼', '잠실', '여의도', '을지로3가', '양재', '가산디지털단지', '왕십리', '홍대입구', '구로디지털단지', '명동']",
            "3km이내백화점수":2,
            "5km이내아울렛몰수":0,
            "1km이내대형먀트수":2,
            "500m이내은행수":2,
            "500m이내병원수":0,
            "5km이내대형병원수":9,
            "500m이내공원수":2,
            "3km이내혐오시설수":0,
            "초등학교학업성취도":90.0,
            "중학교학업성취도":98.3,
            "용적률":299,
            "건폐율":21,
            "Y":37.611633,
            "X":127.027143,
            "rank":1.0,
            "area_info":"25평(83.53), 25평(83.86), 25평(83.72), 25평(84.25), 35평(117.27), 35평(117.34), 35평(117.09), 35평(117.28), 35평(118.16), 35평(118.16), 43평(143.53), 45평(151.1), 50평(168.09)",
            "last_sales":"2022-01-29,140000.0,35평(118.16)",
            "rank_history":[
                [
                    "202203",
                    1
                ],
                [
                    "202202",
                    2
                ],
                [
                    "202201",
                    3
                ]
            ],
            "rank_gap":1
        },
        {
            "index":658,
            "아파트명":"삼성래미안",
            "투자타입":"일반",
            "전용면적(m2)":"80.89",
            "전용면적(평)":"24평",
            "법정동주소":"서울시 성북구 종암동 80",
            "도로명주소":"서울시 성북구 종암로25길 30",
            "세대수":90,
            "입주년차":40,
            "용적률점수":"--",
            "건폐율점수":"--",
            "세대당주차수":30,
            "난방방식":30,
            "공급면적":"--",
            "전용률":"--",
            "욕실수":100,
            "현관타입":100,
            "주거총점":67.0,
            "지역구공급총점":100.0,
            "역세권":80,
            "30분내 이동가능 거점":60,
            "1시간내 이동가능 거점":100,
            "교통총점":78.0,
            "백화점":100,
            "아울렛몰":80,
            "대형마트":100,
            "은행":70,
            "병원":0,
            "종합병원":100,
            "공원":100,
            "혐오시설":0,
            "인프라총점":83.0,
            "초등학군":89.98,
            "중학군":55.22,
            "학군총점":62.172,
            "인구수":47.53,
            "인구증감":-5.22,
            "인구총점":31.705,
            "일자리":16.22,
            "소득수준":57.56,
            "일자리총점":28.622,
            "가치 총점":74.9258,
            "매매실거래년":20211221.0,
            "매매실거래가":86800.0,
            "전세실거래년":20220222.0,
            "전세실거래가":45000.0,
            "전세가율":51.84,
            "장기전세가율평균":70.52,
            "전세가율거품지수":18.68,
            "검색코드":3006,
            "세대수":1168.0,
            "준공년월":"2004-09-24",
            "준공년차":19.0,
            "가까운역이름":"길음",
            "가까운역거리":490.72,
            "역세권여부":"역세권",
            "30분이내주요거점역":3,
            "30분거점역이름":"['을지로3가', '왕십리', '명동']",
            "1시간이내주요거점역":10,
            "1시간거점역이름":"['강남', '역삼', '잠실', '여의도', '을지로3가', '양재', '왕십리', '홍대입구', '구로디지털단지', '명동']",
            "3km이내백화점수":3,
            "5km이내아울렛몰수":1,
            "1km이내대형먀트수":3,
            "500m이내은행수":3,
            "500m이내병원수":0,
            "5km이내대형병원수":9,
            "500m이내공원수":3,
            "3km이내혐오시설수":0,
            "초등학교학업성취도":89.98,
            "중학교학업성취도":88.7,
            "용적률":238,
            "건폐율":17,
            "Y":37.600966,
            "X":127.029711,
            "rank":2.0,
            "area_info":"24평(80.89), 32평(107.66), 42평(139.86)",
            "last_sales":"2021-12-21,86800.0,24평(80.89)",
            "rank_history":[
                [
                    "202203",
                    2
                ],
                [
                    "202202",
                    1
                ],
                [
                    "202201",
                    1
                ]
            ],
            "rank_gap":-1
        },
        {
            "index":25,
            "아파트명":"길음뉴타운6단지래미안",
            "투자타입":"일반",
            "전용면적(m2)":"78.43",
            "전용면적(평)":"23평",
            "법정동주소":"서울시 성북구 길음동 1283",
            "도로명주소":"서울시 성북구 길음로 16",
            "세대수":90,
            "입주년차":40,
            "용적률점수":"--",
            "건폐율점수":"--",
            "세대당주차수":30,
            "난방방식":30,
            "공급면적":"--",
            "전용률":"--",
            "욕실수":100,
            "현관타입":100,
            "주거총점":67.0,
            "지역구공급총점":100.0,
            "역세권":80,
            "30분내 이동가능 거점":60,
            "1시간내 이동가능 거점":100,
            "교통총점":78.0,
            "백화점":100,
            "아울렛몰":80,
            "대형마트":100,
            "은행":70,
            "병원":0,
            "종합병원":100,
            "공원":100,
            "혐오시설":0,
            "인프라총점":83.0,
            "초등학군":90.01,
            "중학군":41.44,
            "학군총점":51.154,
            "인구수":47.53,
            "인구증감":-5.22,
            "인구총점":31.705,
            "일자리":16.22,
            "소득수준":57.56,
            "일자리총점":28.622,
            "가치 총점":73.2731,
            "매매실거래년":20220209.0,
            "매매실거래가":96500.0,
            "전세실거래년":20220217.0,
            "전세실거래가":40950.0,
            "전세가율":42.44,
            "장기전세가율평균":70.52,
            "전세가율거품지수":28.08,
            "검색코드":18212,
            "세대수":977.0,
            "준공년월":"2007-07-24",
            "준공년차":16.0,
            "가까운역이름":"길음",
            "가까운역거리":404.25,
            "역세권여부":"역세권",
            "30분이내주요거점역":3,
            "30분거점역이름":"['을지로3가', '왕십리', '명동']",
            "1시간이내주요거점역":12,
            "1시간거점역이름":"['강남', '역삼', '잠실', '여의도', '을지로3가', '양재', '가산디지털단지', '왕십리', '홍대입구', '구로디지털단지', '명동', 'GTX성남(2023년)']",
            "3km이내백화점수":2,
            "5km이내아울렛몰수":1,
            "1km이내대형먀트수":2,
            "500m이내은행수":3,
            "500m이내병원수":0,
            "5km이내대형병원수":9,
            "500m이내공원수":10,
            "3km이내혐오시설수":0,
            "초등학교학업성취도":90.01,
            "중학교학업성취도":67.8,
            "용적률":233,
            "건폐율":14,
            "Y":37.606489,
            "X":127.022651,
            "rank":3.0,
            "area_info":"23평(78.43), 31평(104.2), 31평(104.2), 40평(134.05), 40평(134.05)",
            "last_sales":"2022-02-09,96500.0,23평(78.43)",
            "rank_history":[
                [
                    "202203",
                    3
                ],
                [
                    "202202",
                    6
                ],
                [
                    "202201",
                    6
                ]
            ],
            "rank_gap":3
        },
        {
            "index":63,
            "아파트명":"길음역롯데캐슬트윈골드",
            "투자타입":"일반",
            "전용면적(m2)":"83.99",
            "전용면적(평)":"25평",
            "법정동주소":"서울시 성북구 길음동 542-1번지 일대",
            "도로명주소":"서울시 성북구",
            "세대수":30,
            "입주년차":100,
            "용적률점수":"--",
            "건폐율점수":"--",
            "세대당주차수":30,
            "난방방식":30,
            "공급면적":"--",
            "전용률":"--",
            "욕실수":100,
            "현관타입":100,
            "주거총점":58.0,
            "지역구공급총점":100.0,
            "역세권":80,
            "30분내 이동가능 거점":60,
            "1시간내 이동가능 거점":100,
            "교통총점":78.0,
            "백화점":100,
            "아울렛몰":80,
            "대형마트":100,
            "은행":70,
            "병원":0,
            "종합병원":100,
            "공원":100,
            "혐오시설":0,
            "인프라총점":83.0,
            "초등학군":89.98,
            "중학군":51.94,
            "학군총점":59.548,
            "인구수":47.53,
            "인구증감":-5.22,
            "인구총점":31.705,
            "일자리":16.22,
            "소득수준":57.56,
            "일자리총점":28.622,
            "가치 총점":72.7322,
            "매매실거래년":"18000101",
            "매매실거래가":null,
            "전세실거래년":null,
            "전세실거래가":null,
            "전세가율":null,
            "장기전세가율평균":70.52,
            "전세가율거품지수":null,
            "검색코드":134843,
            "세대수":395.0,
            "준공년월":"2024-04-01",
            "준공년차":-1.0,
            "가까운역이름":"길음",
            "가까운역거리":153.29,
            "역세권여부":"역세권",
            "30분이내주요거점역":3,
            "30분거점역이름":"['을지로3가', '왕십리', '명동']",
            "1시간이내주요거점역":14,
            "1시간거점역이름":"['강남', '역삼', '잠실', '판교', '여의도', '을지로3가', '양재', '평촌', '가산디지털단지', '왕십리', '홍대입구', '구로디지털단지', '명동', 'GTX성남(2023년)']",
            "3km이내백화점수":2,
            "5km이내아울렛몰수":1,
            "1km이내대형먀트수":2,
            "500m이내은행수":3,
            "500m이내병원수":0,
            "5km이내대형병원수":9,
            "500m이내공원수":4,
            "3km이내혐오시설수":0,
            "초등학교학업성취도":89.98,
            "중학교학업성취도":83.3,
            "용적률":0,
            "건폐율":0,
            "Y":37.603879,
            "X":127.023431,
            "rank":4.0,
            "area_info":"25평(83.99), 25평(84.25), 25평(84.13), 35평(118.62)",
            "last_sales":"1800-01-01,nan,25평(83.99)",
            "rank_history":[
                [
                    "202203",
                    4
                ],
                [
                    "202202",
                    9999
                ]
            ],
            "rank_gap":9999
        },
        {
            "index":100,
            "아파트명":"길음역금호어울림센터힐",
            "투자타입":"일반",
            "전용면적(m2)":"77.0",
            "전용면적(평)":"23평",
            "법정동주소":"서울시 성북구 돈암동 643",
            "도로명주소":"서울시 성북구 동소문로34길 73",
            "세대수":50,
            "입주년차":80,
            "용적률점수":"--",
            "건폐율점수":"--",
            "세대당주차수":30,
            "난방방식":30,
            "공급면적":"--",
            "전용률":"--",
            "욕실수":100,
            "현관타입":100,
            "주거총점":61.0,
            "지역구공급총점":100.0,
            "역세권":80,
            "30분내 이동가능 거점":60,
            "1시간내 이동가능 거점":100,
            "교통총점":78.0,
            "백화점":100,
            "아울렛몰":80,
            "대형마트":80,
            "은행":20,
            "병원":0,
            "종합병원":100,
            "공원":100,
            "혐오시설":0,
            "인프라총점":75.0,
            "초등학군":89.98,
            "중학군":51.94,
            "학군총점":59.548,
            "인구수":47.53,
            "인구증감":-5.22,
            "인구총점":31.705,
            "일자리":16.22,
            "소득수준":57.56,
            "일자리총점":28.622,
            "가치 총점":70.9322,
            "매매실거래년":20210511.0,
            "매매실거래가":130000.0,
            "전세실거래년":20211216.0,
            "전세실거래가":45000.0,
            "전세가율":51.14,
            "장기전세가율평균":70.52,
            "전세가율거품지수":19.38,
            "검색코드":108463,
            "세대수":490.0,
            "준공년월":"2016-03-17",
            "준공년차":7.0,
            "가까운역이름":"길음",
            "가까운역거리":342.48,
            "역세권여부":"역세권",
            "30분이내주요거점역":3,
            "30분거점역이름":"['을지로3가', '왕십리', '명동']",
            "1시간이내주요거점역":12,
            "1시간거점역이름":"['강남', '역삼', '잠실', '여의도', '을지로3가', '양재', '가산디지털단지', '왕십리', '홍대입구', '구로디지털단지', '명동', 'GTX성남(2023년)']",
            "3km이내백화점수":2,
            "5km이내아울렛몰수":1,
            "1km이내대형먀트수":1,
            "500m이내은행수":2,
            "500m이내병원수":0,
            "5km이내대형병원수":9,
            "500m이내공원수":5,
            "3km이내혐오시설수":0,
            "초등학교학업성취도":89.98,
            "중학교학업성취도":83.3,
            "용적률":243,
            "건폐율":17,
            "Y":37.600867,
            "X":127.022839,
            "rank":5.0,
            "area_info":"23평(77.0), 23평(78.54), 32평(108.14), 32평(108.31), 32평(108.99), 32평(108.38), 33평(109.21), 45평(151.35)",
            "last_sales":"2021-05-11,130000.0,45평(151.35)",
            "rank_history":[
                [
                    "202203",
                    5
                ],
                [
                    "202202",
                    8
                ],
                [
                    "202201",
                    7
                ]
            ],
            "rank_gap":3
        },
        {
            "index":661,
            "아파트명":"종암SK",
            "투자타입":"일반",
            "전용면적(m2)":"80.57",
            "전용면적(평)":"24평",
            "법정동주소":"서울시 성북구 종암동 104-1",
            "도로명주소":"서울시 성북구 종암로24가길 53",
            "세대수":90,
            "입주년차":20,
            "용적률점수":"--",
            "건폐율점수":"--",
            "세대당주차수":30,
            "난방방식":30,
            "공급면적":"--",
            "전용률":"--",
            "욕실수":50,
            "현관타입":10,
            "주거총점":49.0,
            "지역구공급총점":100.0,
            "역세권":80,
            "30분내 이동가능 거점":60,
            "1시간내 이동가능 거점":100,
            "교통총점":78.0,
            "백화점":100,
            "아울렛몰":80,
            "대형마트":100,
            "은행":70,
            "병원":0,
            "종합병원":100,
            "공원":100,
            "혐오시설":0,
            "인프라총점":83.0,
            "초등학군":90.0,
            "중학군":50.62,
            "학군총점":58.496,
            "인구수":47.53,
            "인구증감":-5.22,
            "인구총점":31.705,
            "일자리":16.22,
            "소득수준":57.56,
            "일자리총점":28.622,
            "가치 총점":70.7744,
            "매매실거래년":20211218.0,
            "매매실거래가":110000.0,
            "전세실거래년":20220218.0,
            "전세실거래가":29925.0,
            "전세가율":37.41,
            "장기전세가율평균":70.52,
            "전세가율거품지수":33.11,
            "검색코드":1191,
            "세대수":1318.0,
            "준공년월":"1999-04-07",
            "준공년차":24.0,
            "가까운역이름":"월곡",
            "가까운역거리":435.17,
            "역세권여부":"역세권",
            "30분이내주요거점역":3,
            "30분거점역이름":"['을지로3가', '왕십리', '명동']",
            "1시간이내주요거점역":10,
            "1시간거점역이름":"['강남', '역삼', '잠실', '여의도', '을지로3가', '양재', '왕십리', '홍대입구', '구로디지털단지', '명동']",
            "3km이내백화점수":3,
            "5km이내아울렛몰수":1,
            "1km이내대형먀트수":3,
            "500m이내은행수":3,
            "500m이내병원수":0,
            "5km이내대형병원수":11,
            "500m이내공원수":6,
            "3km이내혐오시설수":0,
            "초등학교학업성취도":90.0,
            "중학교학업성취도":81.1,
            "용적률":369,
            "건폐율":25,
            "Y":37.601544,
            "X":127.036532,
            "rank":6.0,
            "area_info":"24평(80.57), 24평(81.69), 33평(109.56), 43평(143.76)",
            "last_sales":"2021-12-18,110000.0,43평(143.76)",
            "rank_history":[
                [
                    "202203",
                    6
                ],
                [
                    "202202",
                    15
                ],
                [
                    "202201",
                    15
                ]
            ],
            "rank_gap":9
        },
        {
            "index":60,
            "아파트명":"길음래미안1차",
            "투자타입":"일반",
            "전용면적(m2)":"78.45",
            "전용면적(평)":"23평",
            "법정동주소":"서울시 성북구 길음동 1279",
            "도로명주소":"서울시 성북구 길음로9길 40",
            "세대수":90,
            "입주년차":20,
            "용적률점수":"--",
            "건폐율점수":"--",
            "세대당주차수":30,
            "난방방식":30,
            "공급면적":"--",
            "전용률":"--",
            "욕실수":100,
            "현관타입":100,
            "주거총점":63.0,
            "지역구공급총점":100.0,
            "역세권":80,
            "30분내 이동가능 거점":40,
            "1시간내 이동가능 거점":100,
            "교통총점":72.0,
            "백화점":100,
            "아울렛몰":80,
            "대형마트":80,
            "은행":70,
            "병원":0,
            "종합병원":100,
            "공원":100,
            "혐오시설":0,
            "인프라총점":80.0,
            "초등학군":90.0,
            "중학군":51.94,
            "학군총점":59.552,
            "인구수":47.53,
            "인구증감":-5.22,
            "인구총점":31.705,
            "일자리":16.22,
            "소득수준":57.56,
            "일자리총점":28.622,
            "가치 총점":70.7328,
            "매매실거래년":20211028.0,
            "매매실거래가":89900.0,
            "전세실거래년":20220205.0,
            "전세실거래가":46000.0,
            "전세가율":51.17,
            "장기전세가율평균":70.52,
            "전세가율거품지수":19.35,
            "검색코드":3422,
            "세대수":1125.0,
            "준공년월":"2003-01-29",
            "준공년차":20.0,
            "가까운역이름":"길음",
            "가까운역거리":445.08,
            "역세권여부":"역세권",
            "30분이내주요거점역":2,
            "30분거점역이름":"['을지로3가', '명동']",
            "1시간이내주요거점역":11,
            "1시간거점역이름":"['강남', '잠실', '여의도', '을지로3가', '양재', '가산디지털단지', '왕십리', '홍대입구', '구로디지털단지', '명동', 'GTX성남(2023년)']",
            "3km이내백화점수":2,
            "5km이내아울렛몰수":1,
            "1km이내대형먀트수":1,
            "500m이내은행수":3,
            "500m이내병원수":0,
            "5km이내대형병원수":9,
            "500m이내공원수":8,
            "3km이내혐오시설수":0,
            "초등학교학업성취도":90.0,
            "중학교학업성취도":83.3,
            "용적률":248,
            "건폐율":18,
            "Y":37.605251,
            "X":127.020584,
            "rank":7.0,
            "area_info":"23평(78.45), 31평(104.91), 41평(136.16)",
            "last_sales":"2021-10-28,89900.0,23평(78.45)",
            "rank_history":[
                [
                    "202203",
                    7
                ],
                [
                    "202202",
                    3
                ],
                [
                    "202201",
                    2
                ]
            ],
            "rank_gap":-4
        },
        {
            "index":644,
            "아파트명":"래미안라센트",
            "투자타입":"일반",
            "전용면적(m2)":"81.84",
            "전용면적(평)":"24평",
            "법정동주소":"서울시 성북구 종암동 134",
            "도로명주소":"서울시 성북구 종암로24가길 80",
            "세대수":90,
            "입주년차":60,
            "용적률점수":"--",
            "건폐율점수":"--",
            "세대당주차수":30,
            "난방방식":30,
            "공급면적":"--",
            "전용률":"--",
            "욕실수":100,
            "현관타입":50,
            "주거총점":66.0,
            "지역구공급총점":100.0,
            "역세권":80,
            "30분내 이동가능 거점":40,
            "1시간내 이동가능 거점":100,
            "교통총점":72.0,
            "백화점":100,
            "아울렛몰":80,
            "대형마트":100,
            "은행":20,
            "병원":0,
            "종합병원":100,
            "공원":100,
            "혐오시설":0,
            "인프라총점":78.0,
            "초등학군":90.0,
            "중학군":50.62,
            "학군총점":58.496,
            "인구수":47.53,
            "인구증감":-5.22,
            "인구총점":31.705,
            "일자리":16.22,
            "소득수준":57.56,
            "일자리총점":28.622,
            "가치 총점":70.5744,
            "매매실거래년":20211117.0,
            "매매실거래가":139000.0,
            "전세실거래년":null,
            "전세실거래가":null,
            "전세가율":null,
            "장기전세가율평균":70.52,
            "전세가율거품지수":null,
            "검색코드":26834,
            "세대수":1025.0,
            "준공년월":"2011-01-31",
            "준공년차":12.0,
            "가까운역이름":"월곡",
            "가까운역거리":375.4,
            "역세권여부":"역세권",
            "30분이내주요거점역":2,
            "30분거점역이름":"['왕십리', '명동']",
            "1시간이내주요거점역":10,
            "1시간거점역이름":"['강남', '역삼', '잠실', '여의도', '을지로3가', '양재', '왕십리', '홍대입구', '구로디지털단지', '명동']",
            "3km이내백화점수":3,
            "5km이내아울렛몰수":1,
            "1km이내대형먀트수":3,
            "500m이내은행수":2,
            "500m이내병원수":0,
            "5km이내대형병원수":11,
            "500m이내공원수":3,
            "3km이내혐오시설수":0,
            "초등학교학업성취도":90.0,
            "중학교학업성취도":81.1,
            "용적률":227,
            "건폐율":15,
            "Y":37.599193,
            "X":127.03876,
            "rank":8.0,
            "area_info":"24평(81.84), 24평(82.54), 32평(107.84), 32평(108.06), 43평(142.16), 43평(143.33)",
            "last_sales":"2021-11-17,139000.0,43평(142.16)",
            "rank_history":[
                [
                    "202203",
                    8
                ],
                [
                    "202202",
                    16
                ],
                [
                    "202201",
                    16
                ]
            ],
            "rank_gap":8
        },
        {
            "index":152,
            "아파트명":"동부센트레빌",
            "투자타입":"일반",
            "전용면적(m2)":"109.29",
            "전용면적(평)":"33평",
            "법정동주소":"서울시 성북구 돈암동 633",
            "도로명주소":"서울시 성북구 정릉로 388",
            "세대수":50,
            "입주년차":20,
            "용적률점수":"--",
            "건폐율점수":"--",
            "세대당주차수":30,
            "난방방식":30,
            "공급면적":"--",
            "전용률":"--",
            "욕실수":100,
            "현관타입":100,
            "주거총점":49.0,
            "지역구공급총점":100.0,
            "역세권":80,
            "30분내 이동가능 거점":60,
            "1시간내 이동가능 거점":100,
            "교통총점":78.0,
            "백화점":100,
            "아울렛몰":80,
            "대형마트":100,
            "은행":70,
            "병원":0,
            "종합병원":100,
            "공원":100,
            "혐오시설":0,
            "인프라총점":83.0,
            "초등학군":89.98,
            "중학군":41.44,
            "학군총점":51.148,
            "인구수":47.53,
            "인구증감":-5.22,
            "인구총점":31.705,
            "일자리":16.22,
            "소득수준":57.56,
            "일자리총점":28.622,
            "가치 총점":69.6722,
            "매매실거래년":20211201.0,
            "매매실거래가":103000.0,
            "전세실거래년":20220212.0,
            "전세실거래가":61000.0,
            "전세가율":59.22,
            "장기전세가율평균":70.52,
            "전세가율거품지수":11.3,
            "검색코드":3423,
            "세대수":540.0,
            "준공년월":"2003-09-18",
            "준공년차":20.0,
            "가까운역이름":"길음",
            "가까운역거리":165.63,
            "역세권여부":"역세권",
            "30분이내주요거점역":3,
            "30분거점역이름":"['을지로3가', '왕십리', '명동']",
            "1시간이내주요거점역":14,
            "1시간거점역이름":"['강남', '역삼', '잠실', '판교', '여의도', '을지로3가', '양재', '평촌', '가산디지털단지', '왕십리', '홍대입구', '구로디지털단지', '명동', 'GTX성남(2023년)']",
            "3km이내백화점수":2,
            "5km이내아울렛몰수":1,
            "1km이내대형먀트수":2,
            "500m이내은행수":3,
            "500m이내병원수":0,
            "5km이내대형병원수":9,
            "500m이내공원수":3,
            "3km이내혐오시설수":0,
            "초등학교학업성취도":89.98,
            "중학교학업성취도":67.8,
            "용적률":196,
            "건폐율":17,
            "Y":37.602435,
            "X":127.026498,
            "rank":9.0,
            "area_info":"33평(109.29), 34평(112.54), 45평(150.09)",
            "last_sales":"2021-12-01,103000.0,33평(109.29)",
            "rank_history":[
                [
                    "202203",
                    9
                ],
                [
                    "202202",
                    9
                ],
                [
                    "202201",
                    11
                ]
            ],
            "rank_gap":0
        },
        {
            "index":88,
            "아파트명":"롯데캐슬클라시아",
            "투자타입":"일반",
            "전용면적(m2)":"82.26",
            "전용면적(평)":"24평",
            "법정동주소":"서울시 성북구 길음동 508-16번지 일원",
            "도로명주소":"서울시 성북구 숭인로8길 80",
            "세대수":100,
            "입주년차":100,
            "용적률점수":"--",
            "건폐율점수":"--",
            "세대당주차수":30,
            "난방방식":30,
            "공급면적":"--",
            "전용률":"--",
            "욕실수":100,
            "현관타입":100,
            "주거총점":82.5,
            "지역구공급총점":100.0,
            "역세권":50,
            "30분내 이동가능 거점":60,
            "1시간내 이동가능 거점":100,
            "교통총점":63.0,
            "백화점":100,
            "아울렛몰":80,
            "대형마트":100,
            "은행":20,
            "병원":0,
            "종합병원":100,
            "공원":100,
            "혐오시설":0,
            "인프라총점":78.0,
            "초등학군":90.01,
            "중학군":41.44,
            "학군총점":51.154,
            "인구수":47.53,
            "인구증감":-5.22,
            "인구총점":31.705,
            "일자리":16.22,
            "소득수준":57.56,
            "일자리총점":28.622,
            "가치 총점":69.6231,
            "매매실거래년":"18000101",
            "매매실거래가":null,
            "전세실거래년":null,
            "전세실거래가":null,
            "전세가율":null,
            "장기전세가율평균":70.52,
            "전세가율거품지수":null,
            "검색코드":126062,
            "세대수":2029.0,
            "준공년월":"2022-01-01",
            "준공년차":1.0,
            "가까운역이름":"길음",
            "가까운역거리":580.63,
            "역세권여부":"준역세권",
            "30분이내주요거점역":3,
            "30분거점역이름":"['을지로3가', '왕십리', '명동']",
            "1시간이내주요거점역":10,
            "1시간거점역이름":"['강남', '역삼', '잠실', '여의도', '을지로3가', '양재', '왕십리', '홍대입구', '명동', 'GTX성남(2023년)']",
            "3km이내백화점수":2,
            "5km이내아울렛몰수":1,
            "1km이내대형먀트수":3,
            "500m이내은행수":2,
            "500m이내병원수":0,
            "5km이내대형병원수":10,
            "500m이내공원수":4,
            "3km이내혐오시설수":0,
            "초등학교학업성취도":90.01,
            "중학교학업성취도":67.8,
            "용적률":239,
            "건폐율":17,
            "Y":37.608503,
            "X":127.026427,
            "rank":10.0,
            "area_info":"24평(82.26), 24평(82.5), 25평(83.04), 32평(108.43), 32평(108.43), 32평(108.16), 32평(108.43), 33평(109.52), 42평(140.43), 42평(140.43)",
            "last_sales":"1800-01-01,nan,24평(82.26)",
            "rank_history":[
                [
                    "202203",
                    10
                ],
                [
                    "202202",
                    9999
                ]
            ],
            "rank_gap":9999
        },
        {
            "index":750,
            "아파트명":"월곡래미안루나밸리",
            "투자타입":"일반",
            "전용면적(m2)":"79.88",
            "전용면적(평)":"24평",
            "법정동주소":"서울시 성북구 하월곡동 226",
            "도로명주소":"서울시 성북구 월곡로14길 26",
            "세대수":80,
            "입주년차":40,
            "용적률점수":"--",
            "건폐율점수":"--",
            "세대당주차수":30,
            "난방방식":30,
            "공급면적":"--",
            "전용률":"--",
            "욕실수":100,
            "현관타입":100,
            "주거총점":63.5,
            "지역구공급총점":100.0,
            "역세권":80,
            "30분내 이동가능 거점":20,
            "1시간내 이동가능 거점":100,
            "교통총점":66.0,
            "백화점":100,
            "아울렛몰":80,
            "대형마트":100,
            "은행":70,
            "병원":0,
            "종합병원":100,
            "공원":100,
            "혐오시설":0,
            "인프라총점":83.0,
            "초등학군":90.0,
            "중학군":50.62,
            "학군총점":58.496,
            "인구수":47.53,
            "인구증감":-5.22,
            "인구총점":31.705,
            "일자리":16.22,
            "소득수준":57.56,
            "일자리총점":28.622,
            "가치 총점":69.4744,
            "매매실거래년":20220211.0,
            "매매실거래가":93500.0,
            "전세실거래년":20220218.0,
            "전세실거래가":42000.0,
            "전세가율":48.0,
            "장기전세가율평균":70.52,
            "전세가율거품지수":22.52,
            "검색코드":22199,
            "세대수":787.0,
            "준공년월":"2007-10-23",
            "준공년차":16.0,
            "가까운역이름":"월곡",
            "가까운역거리":295.64,
            "역세권여부":"역세권",
            "30분이내주요거점역":1,
            "30분거점역이름":"['왕십리']",
            "1시간이내주요거점역":10,
            "1시간거점역이름":"['강남', '역삼', '잠실', '여의도', '을지로3가', '양재', '왕십리', '홍대입구', '구로디지털단지', '명동']",
            "3km이내백화점수":3,
            "5km이내아울렛몰수":1,
            "1km이내대형먀트수":2,
            "500m이내은행수":3,
            "500m이내병원수":0,
            "5km이내대형병원수":12,
            "500m이내공원수":3,
            "3km이내혐오시설수":0,
            "초등학교학업성취도":90.0,
            "중학교학업성취도":81.1,
            "용적률":247,
            "건폐율":15,
            "Y":37.599183,
            "X":127.042021,
            "rank":11.0,
            "area_info":"24평(79.88), 32평(107.59), 41평(136.98)",
            "last_sales":"2022-02-11,93500.0,32평(107.59)",
            "rank_history":[
                [
                    "202203",
                    11
                ],
                [
                    "202202",
                    5
                ],
                [
                    "202201",
                    9
                ]
            ],
            "rank_gap":-6
        },
        {
            "index":141,
            "아파트명":"돈암현대",
            "투자타입":"재건축",
            "전용면적(m2)":"51.1",
            "전용면적(평)":"15평",
            "법정동주소":"서울시 성북구 돈암동 1",
            "도로명주소":"서울시 성북구 정릉로 402",
            "세대수":50,
            "입주년차":"--",
            "용적률점수":20,
            "건폐율점수":80,
            "세대당주차수":"--",
            "난방방식":"--",
            "공급면적":50,
            "전용률":80,
            "욕실수":"--",
            "현관타입":"--",
            "주거총점":45.5,
            "지역구공급총점":100.0,
            "역세권":80,
            "30분내 이동가능 거점":60,
            "1시간내 이동가능 거점":100,
            "교통총점":78.0,
            "백화점":100,
            "아울렛몰":80,
            "대형마트":100,
            "은행":70,
            "병원":0,
            "종합병원":100,
            "공원":100,
            "혐오시설":0,
            "인프라총점":83.0,
            "초등학군":89.98,
            "중학군":41.44,
            "학군총점":51.148,
            "인구수":47.53,
            "인구증감":-5.22,
            "인구총점":31.705,
            "일자리":16.22,
            "소득수준":57.56,
            "일자리총점":28.622,
            "가치 총점":68.9722,
            "매매실거래년":20211113.0,
            "매매실거래가":59300.0,
            "전세실거래년":20220219.0,
            "전세실거래가":24150.0,
            "전세가율":40.73,
            "장기전세가율평균":70.52,
            "전세가율거품지수":29.79,
            "검색코드":583,
            "세대수":619.0,
            "준공년월":"1991-06-13",
            "준공년차":32.0,
            "가까운역이름":"길음",
            "가까운역거리":250.18,
            "역세권여부":"역세권",
            "30분이내주요거점역":3,
            "30분거점역이름":"['을지로3가', '왕십리', '명동']",
            "1시간이내주요거점역":12,
            "1시간거점역이름":"['강남', '역삼', '잠실', '여의도', '을지로3가', '양재', '평촌', '가산디지털단지', '왕십리', '홍대입구', '구로디지털단지', '명동']",
            "3km이내백화점수":2,
            "5km이내아울렛몰수":1,
            "1km이내대형먀트수":3,
            "500m이내은행수":4,
            "500m이내병원수":0,
            "5km이내대형병원수":9,
            "500m이내공원수":2,
            "3km이내혐오시설수":0,
            "초등학교학업성취도":89.98,
            "중학교학업성취도":67.8,
            "용적률":261,
            "건폐율":24,
            "Y":37.60425,
            "X":127.027687,
            "rank":12.0,
            "area_info":"15평(51.1), 20평(68.71), 21평(72.0), 25평(83.09), 29평(98.47), 29평(98.02)",
            "last_sales":"2021-11-13,59300.0,15평(51.1)",
            "rank_history":[
                [
                    "202203",
                    12
                ],
                [
                    "202202",
                    10
                ],
                [
                    "202201",
                    12
                ]
            ],
            "rank_gap":-2
        },
        {
            "index":753,
            "아파트명":"코업스타클래스",
            "투자타입":"일반",
            "전용면적(m2)":"181.93",
            "전용면적(평)":"55평",
            "법정동주소":"서울시 성북구 하월곡동 46-73",
            "도로명주소":"서울시 성북구 화랑로 76",
            "세대수":0,
            "입주년차":60,
            "용적률점수":"--",
            "건폐율점수":"--",
            "세대당주차수":100,
            "난방방식":30,
            "공급면적":"--",
            "전용률":"--",
            "욕실수":100,
            "현관타입":100,
            "주거총점":50.0,
            "지역구공급총점":100.0,
            "역세권":80,
            "30분내 이동가능 거점":40,
            "1시간내 이동가능 거점":100,
            "교통총점":72.0,
            "백화점":100,
            "아울렛몰":80,
            "대형마트":100,
            "은행":70,
            "병원":0,
            "종합병원":100,
            "공원":100,
            "혐오시설":0,
            "인프라총점":83.0,
            "초등학군":90.0,
            "중학군":50.62,
            "학군총점":58.496,
            "인구수":47.53,
            "인구증감":-5.22,
            "인구총점":31.705,
            "일자리":16.22,
            "소득수준":57.56,
            "일자리총점":28.622,
            "가치 총점":68.8744,
            "매매실거래년":20210713.0,
            "매매실거래가":143500.0,
            "전세실거래년":20190404.0,
            "전세실거래가":65000.0,
            "전세가율":48.87,
            "장기전세가율평균":70.52,
            "전세가율거품지수":21.65,
            "검색코드":26946,
            "세대수":120.0,
            "준공년월":"2010-07-02",
            "준공년차":13.0,
            "가까운역이름":"월곡",
            "가까운역거리":104.28,
            "역세권여부":"역세권",
            "30분이내주요거점역":2,
            "30분거점역이름":"['왕십리', '명동']",
            "1시간이내주요거점역":12,
            "1시간거점역이름":"['강남', '역삼', '잠실', '판교', '여의도', '을지로3가', '양재', '가산디지털단지', '왕십리', '홍대입구', '구로디지털단지', '명동']",
            "3km이내백화점수":3,
            "5km이내아울렛몰수":1,
            "1km이내대형먀트수":3,
            "500m이내은행수":3,
            "500m이내병원수":0,
            "5km이내대형병원수":12,
            "500m이내공원수":4,
            "3km이내혐오시설수":0,
            "초등학교학업성취도":90.0,
            "중학교학업성취도":81.1,
            "용적률":399,
            "건폐율":49,
            "Y":37.601809,
            "X":127.040277,
            "rank":13.0,
            "area_info":"55평(181.93), 60평(198.65), 66평(219.28), 67평(223.98)",
            "last_sales":"2021-07-13,143500.0,60평(198.65)",
            "rank_history":[
                [
                    "202203",
                    13
                ],
                [
                    "202202",
                    7
                ],
                [
                    "202201",
                    8
                ]
            ],
            "rank_gap":-6
        },
        {
            "index":121,
            "아파트명":"돈암삼성",
            "투자타입":"일반",
            "전용면적(m2)":"79.57",
            "전용면적(평)":"24평",
            "법정동주소":"서울시 성북구 돈암동 15-1",
            "도로명주소":"서울시 성북구 동소문로34길 24",
            "세대수":90,
            "입주년차":20,
            "용적률점수":"--",
            "건폐율점수":"--",
            "세대당주차수":60,
            "난방방식":30,
            "공급면적":"--",
            "전용률":"--",
            "욕실수":50,
            "현관타입":10,
            "주거총점":53.5,
            "지역구공급총점":100.0,
            "역세권":80,
            "30분내 이동가능 거점":60,
            "1시간내 이동가능 거점":100,
            "교통총점":78.0,
            "백화점":100,
            "아울렛몰":80,
            "대형마트":80,
            "은행":0,
            "병원":0,
            "종합병원":100,
            "공원":100,
            "혐오시설":0,
            "인프라총점":73.0,
            "초등학군":90.0,
            "중학군":51.94,
            "학군총점":59.552,
            "인구수":47.53,
            "인구증감":-5.22,
            "인구총점":31.705,
            "일자리":16.22,
            "소득수준":57.56,
            "일자리총점":28.622,
            "가치 총점":68.8328,
            "매매실거래년":20211001.0,
            "매매실거래가":107000.0,
            "전세실거래년":20220214.0,
            "전세실거래가":43000.0,
            "전세가율":56.58,
            "장기전세가율평균":70.52,
            "전세가율거품지수":13.94,
            "검색코드":579,
            "세대수":1278.0,
            "준공년월":"1999-04-30",
            "준공년차":24.0,
            "가까운역이름":"길음",
            "가까운역거리":472.3,
            "역세권여부":"역세권",
            "30분이내주요거점역":3,
            "30분거점역이름":"['을지로3가', '왕십리', '명동']",
            "1시간이내주요거점역":13,
            "1시간거점역이름":"['강남', '역삼', '잠실', '판교', '여의도', '을지로3가', '양재', '가산디지털단지', '왕십리', '홍대입구', '구로디지털단지', '명동', 'GTX성남(2023년)']",
            "3km이내백화점수":3,
            "5km이내아울렛몰수":1,
            "1km이내대형먀트수":1,
            "500m이내은행수":1,
            "500m이내병원수":0,
            "5km이내대형병원수":10,
            "500m이내공원수":4,
            "3km이내혐오시설수":0,
            "초등학교학업성취도":90.0,
            "중학교학업성취도":83.3,
            "용적률":223,
            "건폐율":20,
            "Y":37.599399,
            "X":127.023242,
            "rank":14.0,
            "area_info":"24평(79.57), 31평(105.0), 41평(137.23)",
            "last_sales":"2021-10-01,107000.0,41평(137.23)",
            "rank_history":[
                [
                    "202203",
                    14
                ],
                [
                    "202202",
                    12
                ],
                [
                    "202201",
                    17
                ]
            ],
            "rank_gap":-2
        },
        {
            "index":290,
            "아파트명":"보문파크뷰자이",
            "투자타입":"일반",
            "전용면적(m2)":"69.28",
            "전용면적(평)":"20평",
            "법정동주소":"서울시 성북구 보문동6가 458",
            "도로명주소":"서울시 성북구 보문사길 111",
            "세대수":90,
            "입주년차":80,
            "용적률점수":"--",
            "건폐율점수":"--",
            "세대당주차수":30,
            "난방방식":30,
            "공급면적":"--",
            "전용률":"--",
            "욕실수":50,
            "현관타입":100,
            "주거총점":70.0,
            "지역구공급총점":100.0,
            "역세권":80,
            "30분내 이동가능 거점":60,
            "1시간내 이동가능 거점":100,
            "교통총점":78.0,
            "백화점":100,
            "아울렛몰":80,
            "대형마트":0,
            "은행":20,
            "병원":0,
            "종합병원":100,
            "공원":100,
            "혐오시설":0,
            "인프라총점":63.0,
            "초등학군":89.98,
            "중학군":48.22,
            "학군총점":56.572,
            "인구수":47.53,
            "인구증감":-5.22,
            "인구총점":31.705,
            "일자리":16.22,
            "소득수준":57.56,
            "일자리총점":28.622,
            "가치 총점":68.6858,
            "매매실거래년":20210924.0,
            "매매실거래가":130000.0,
            "전세실거래년":null,
            "전세실거래가":null,
            "전세가율":null,
            "장기전세가율평균":70.52,
            "전세가율거품지수":null,
            "검색코드":109051,
            "세대수":1186.0,
            "준공년월":"2017-01-18",
            "준공년차":6.0,
            "가까운역이름":"창신",
            "가까운역거리":331.06,
            "역세권여부":"역세권",
            "30분이내주요거점역":3,
            "30분거점역이름":"['을지로3가', '왕십리', '명동']",
            "1시간이내주요거점역":14,
            "1시간거점역이름":"['강남', '역삼', '잠실', '판교', '여의도', '을지로3가', '양재', '평촌', '가산디지털단지', '왕십리', '홍대입구', '구로디지털단지', '명동', 'GTX성남(2023년)']",
            "3km이내백화점수":1,
            "5km이내아울렛몰수":1,
            "1km이내대형먀트수":0,
            "500m이내은행수":2,
            "500m이내병원수":0,
            "5km이내대형병원수":11,
            "500m이내공원수":4,
            "3km이내혐오시설수":0,
            "초등학교학업성취도":89.98,
            "중학교학업성취도":79.3,
            "용적률":237,
            "건폐율":21,
            "Y":37.580271,
            "X":127.018895,
            "rank":15.0,
            "area_info":"20평(69.28), 20평(69.1), 20평(69.39), 24평(81.62), 24평(82.57), 24평(82.59), 29평(98.51), 29평(98.48), 29평(98.11), 34평(112.78), 34평(113.77), 34평(113.79), 34평(114.73), 34평(114.34), 34평(114.34)",
            "last_sales":"2021-09-24,130000.0,34평(114.34)",
            "rank_history":[
                [
                    "202203",
                    15
                ],
                [
                    "202202",
                    14
                ],
                [
                    "202201",
                    21
                ]
            ],
            "rank_gap":-1
        },
        {
            "index":688,
            "아파트명":"길음서희스타힐스",
            "투자타입":"일반",
            "전용면적(m2)":"88.24",
            "전용면적(평)":"26평",
            "법정동주소":"서울시 성북구 하월곡동 229",
            "도로명주소":"서울시 성북구 동소문로 284",
            "세대수":0,
            "입주년차":60,
            "용적률점수":"--",
            "건폐율점수":"--",
            "세대당주차수":60,
            "난방방식":30,
            "공급면적":"--",
            "전용률":"--",
            "욕실수":100,
            "현관타입":100,
            "주거총점":44.0,
            "지역구공급총점":100.0,
            "역세권":80,
            "30분내 이동가능 거점":60,
            "1시간내 이동가능 거점":100,
            "교통총점":78.0,
            "백화점":100,
            "아울렛몰":80,
            "대형마트":100,
            "은행":70,
            "병원":0,
            "종합병원":100,
            "공원":100,
            "혐오시설":0,
            "인프라총점":83.0,
            "초등학군":89.98,
            "중학군":41.44,
            "학군총점":51.148,
            "인구수":47.53,
            "인구증감":-5.22,
            "인구총점":31.705,
            "일자리":16.22,
            "소득수준":57.56,
            "일자리총점":28.622,
            "가치 총점":68.6722,
            "매매실거래년":20210530.0,
            "매매실거래가":86000.0,
            "전세실거래년":20220121.0,
            "전세실거래가":34125.0,
            "전세가율":46.75,
            "장기전세가율평균":70.52,
            "전세가율거품지수":23.77,
            "검색코드":26638,
            "세대수":198.0,
            "준공년월":"2011-06-24",
            "준공년차":12.0,
            "가까운역이름":"길음",
            "가까운역거리":213.92,
            "역세권여부":"역세권",
            "30분이내주요거점역":3,
            "30분거점역이름":"['을지로3가', '왕십리', '명동']",
            "1시간이내주요거점역":13,
            "1시간거점역이름":"['강남', '역삼', '잠실', '여의도', '을지로3가', '양재', '평촌', '가산디지털단지', '왕십리', '홍대입구', '구로디지털단지', '명동', 'GTX성남(2023년)']",
            "3km이내백화점수":2,
            "5km이내아울렛몰수":1,
            "1km이내대형먀트수":3,
            "500m이내은행수":3,
            "500m이내병원수":0,
            "5km이내대형병원수":9,
            "500m이내공원수":3,
            "3km이내혐오시설수":0,
            "초등학교학업성취도":89.98,
            "중학교학업성취도":67.8,
            "용적률":693,
            "건폐율":56,
            "Y":37.604931,
            "X":127.026522,
            "rank":16.0,
            "area_info":"26평(88.24), 27평(89.34), 34평(112.48), 34평(112.55), 34평(112.48), 34평(112.48), 34평(114.24)",
            "last_sales":"2021-05-30,86000.0,34평(112.48)",
            "rank_history":[
                [
                    "202203",
                    16
                ],
                [
                    "202202",
                    13
                ],
                [
                    "202201",
                    14
                ]
            ],
            "rank_gap":-3
        },
        {
            "index":704,
            "아파트명":"동일하이빌뉴시티",
            "투자타입":"일반",
            "전용면적(m2)":"155.29",
            "전용면적(평)":"46평",
            "법정동주소":"서울시 성북구 하월곡동 230",
            "도로명주소":"서울시 성북구 종암로 167",
            "세대수":50,
            "입주년차":60,
            "용적률점수":"--",
            "건폐율점수":"--",
            "세대당주차수":100,
            "난방방식":30,
            "공급면적":"--",
            "전용률":"--",
            "욕실수":100,
            "현관타입":100,
            "주거총점":67.5,
            "지역구공급총점":100.0,
            "역세권":50,
            "30분내 이동가능 거점":60,
            "1시간내 이동가능 거점":100,
            "교통총점":63.0,
            "백화점":100,
            "아울렛몰":80,
            "대형마트":100,
            "은행":70,
            "병원":0,
            "종합병원":100,
            "공원":100,
            "혐오시설":0,
            "인프라총점":83.0,
            "초등학군":90.0,
            "중학군":41.44,
            "학군총점":51.152,
            "인구수":47.53,
            "인구증감":-5.22,
            "인구총점":31.705,
            "일자리":16.22,
            "소득수준":57.56,
            "일자리총점":28.622,
            "가치 총점":68.1228,
            "매매실거래년":20211205.0,
            "매매실거래가":143500.0,
            "전세실거래년":20220221.0,
            "전세실거래가":85000.0,
            "전세가율":59.23,
            "장기전세가율평균":70.52,
            "전세가율거품지수":11.29,
            "검색코드":27331,
            "세대수":440.0,
            "준공년월":"2011-11-30",
            "준공년차":12.0,
            "가까운역이름":"길음",
            "가까운역거리":558.05,
            "역세권여부":"준역세권",
            "30분이내주요거점역":3,
            "30분거점역이름":"['을지로3가', '왕십리', '명동']",
            "1시간이내주요거점역":12,
            "1시간거점역이름":"['강남', '역삼', '잠실', '여의도', '을지로3가', '양재', '가산디지털단지', '왕십리', '홍대입구', '구로디지털단지', '명동', 'GTX성남(2023년)']",
            "3km이내백화점수":2,
            "5km이내아울렛몰수":1,
            "1km이내대형먀트수":4,
            "500m이내은행수":3,
            "500m이내병원수":0,
            "5km이내대형병원수":10,
            "500m이내공원수":3,
            "3km이내혐오시설수":0,
            "초등학교학업성취도":90.0,
            "중학교학업성취도":67.8,
            "용적률":614,
            "건폐율":58,
            "Y":37.605202,
            "X":127.03097,
            "rank":17.0,
            "area_info":"46평(155.29), 49평(165.21), 65평(218.1), 69평(231.34), 69평(231.36), 89평(297.41)",
            "last_sales":"2021-12-05,143500.0,46평(155.29)",
            "rank_history":[
                [
                    "202203",
                    17
                ],
                [
                    "202202",
                    17
                ],
                [
                    "202201",
                    19
                ]
            ],
            "rank_gap":0
        },
        {
            "index":671,
            "아파트명":"종암아이파크1차",
            "투자타입":"일반",
            "전용면적(m2)":"71.98",
            "전용면적(평)":"21평",
            "법정동주소":"서울시 성북구 종암동 130",
            "도로명주소":"서울시 성북구 종암로21길 127",
            "세대수":50,
            "입주년차":40,
            "용적률점수":"--",
            "건폐율점수":"--",
            "세대당주차수":30,
            "난방방식":30,
            "공급면적":"--",
            "전용률":"--",
            "욕실수":50,
            "현관타입":100,
            "주거총점":48.0,
            "지역구공급총점":100.0,
            "역세권":80,
            "30분내 이동가능 거점":60,
            "1시간내 이동가능 거점":100,
            "교통총점":78.0,
            "백화점":100,
            "아울렛몰":80,
            "대형마트":100,
            "은행":20,
            "병원":0,
            "종합병원":100,
            "공원":100,
            "혐오시설":0,
            "인프라총점":78.0,
            "초등학군":89.98,
            "중학군":41.44,
            "학군총점":51.148,
            "인구수":47.53,
            "인구증감":-5.22,
            "인구총점":31.705,
            "일자리":16.22,
            "소득수준":57.56,
            "일자리총점":28.622,
            "가치 총점":67.9722,
            "매매실거래년":20211127.0,
            "매매실거래가":114000.0,
            "전세실거래년":20211105.0,
            "전세실거래가":20000.0,
            "전세가율":24.42,
            "장기전세가율평균":70.52,
            "전세가율거품지수":46.1,
            "검색코드":8196,
            "세대수":513.0,
            "준공년월":"2004-09-24",
            "준공년차":19.0,
            "가까운역이름":"길음",
            "가까운역거리":406.95,
            "역세권여부":"역세권",
            "30분이내주요거점역":3,
            "30분거점역이름":"['을지로3가', '왕십리', '명동']",
            "1시간이내주요거점역":11,
            "1시간거점역이름":"['강남', '역삼', '잠실', '여의도', '을지로3가', '양재', '가산디지털단지', '왕십리', '홍대입구', '구로디지털단지', '명동']",
            "3km이내백화점수":3,
            "5km이내아울렛몰수":1,
            "1km이내대형먀트수":4,
            "500m이내은행수":2,
            "500m이내병원수":0,
            "5km이내대형병원수":10,
            "500m이내공원수":4,
            "3km이내혐오시설수":0,
            "초등학교학업성취도":89.98,
            "중학교학업성취도":67.8,
            "용적률":222,
            "건폐율":17,
            "Y":37.602415,
            "X":127.029511,
            "rank":18.0,
            "area_info":"21평(71.98), 24평(81.57), 24평(81.81), 33평(109.27), 42평(139.26)",
            "last_sales":"2021-11-27,114000.0,33평(109.27)",
            "rank_history":[
                [
                    "202203",
                    18
                ],
                [
                    "202202",
                    18
                ],
                [
                    "202201",
                    18
                ]
            ],
            "rank_gap":0
        },
        {
            "index":269,
            "아파트명":"e편한세상보문",
            "투자타입":"일반",
            "전용면적(m2)":"76.86",
            "전용면적(평)":"23평",
            "법정동주소":"서울시 성북구 보문동3가 230",
            "도로명주소":"서울시 성북구 낙산길 255",
            "세대수":50,
            "입주년차":60,
            "용적률점수":"--",
            "건폐율점수":"--",
            "세대당주차수":30,
            "난방방식":30,
            "공급면적":"--",
            "전용률":"--",
            "욕실수":100,
            "현관타입":100,
            "주거총점":57.0,
            "지역구공급총점":100.0,
            "역세권":80,
            "30분내 이동가능 거점":60,
            "1시간내 이동가능 거점":100,
            "교통총점":78.0,
            "백화점":100,
            "아울렛몰":80,
            "대형마트":0,
            "은행":70,
            "병원":0,
            "종합병원":100,
            "공원":100,
            "혐오시설":0,
            "인프라총점":68.0,
            "초등학군":89.98,
            "중학군":50.66,
            "학군총점":58.524,
            "인구수":47.53,
            "인구증감":-5.22,
            "인구총점":31.705,
            "일자리":16.22,
            "소득수준":57.56,
            "일자리총점":28.622,
            "가치 총점":67.8786,
            "매매실거래년":20210930.0,
            "매매실거래가":92000.0,
            "전세실거래년":20201107.0,
            "전세실거래가":46500.0,
            "전세가율":50.54,
            "장기전세가율평균":70.52,
            "전세가율거품지수":19.98,
            "검색코드":105730,
            "세대수":440.0,
            "준공년월":"2013-12-01",
            "준공년차":10.0,
            "가까운역이름":"창신",
            "가까운역거리":391.79,
            "역세권여부":"역세권",
            "30분이내주요거점역":3,
            "30분거점역이름":"['을지로3가', '왕십리', '명동']",
            "1시간이내주요거점역":14,
            "1시간거점역이름":"['강남', '역삼', '잠실', '판교', '여의도', '을지로3가', '양재', '평촌', '가산디지털단지', '왕십리', '홍대입구', '구로디지털단지', '명동', 'GTX성남(2023년)']",
            "3km이내백화점수":1,
            "5km이내아울렛몰수":1,
            "1km이내대형먀트수":0,
            "500m이내은행수":4,
            "500m이내병원수":0,
            "5km이내대형병원수":11,
            "500m이내공원수":6,
            "3km이내혐오시설수":0,
            "초등학교학업성취도":89.98,
            "중학교학업성취도":83.7,
            "용적률":217,
            "건폐율":20,
            "Y":37.582915,
            "X":127.015806,
            "rank":19.0,
            "area_info":"23평(76.86), 32평(107.94), 32평(107.73), 33평(109.5), 33평(109.49), 36평(121.01), 45평(148.92), 47평(157.08)",
            "last_sales":"2021-09-30,92000.0,23평(76.86)",
            "rank_history":[
                [
                    "202203",
                    19
                ],
                [
                    "202202",
                    19
                ],
                [
                    "202201",
                    20
                ]
            ],
            "rank_gap":0
        },
        {
            "index":57,
            "아파트명":"길음동부센트레빌",
            "투자타입":"일반",
            "전용면적(m2)":"80.74",
            "전용면적(평)":"24평",
            "법정동주소":"서울시 성북구 길음동 1278",
            "도로명주소":"서울시 성북구 숭인로2길 61",
            "세대수":90,
            "입주년차":20,
            "용적률점수":"--",
            "건폐율점수":"--",
            "세대당주차수":30,
            "난방방식":30,
            "공급면적":"--",
            "전용률":"--",
            "욕실수":100,
            "현관타입":100,
            "주거총점":63.0,
            "지역구공급총점":100.0,
            "역세권":50,
            "30분내 이동가능 거점":60,
            "1시간내 이동가능 거점":90,
            "교통총점":61.0,
            "백화점":100,
            "아울렛몰":80,
            "대형마트":100,
            "은행":0,
            "병원":0,
            "종합병원":100,
            "공원":100,
            "혐오시설":0,
            "인프라총점":76.0,
            "초등학군":90.01,
            "중학군":70.02,
            "학군총점":74.018,
            "인구수":47.53,
            "인구증감":-5.22,
            "인구총점":31.705,
            "일자리":16.22,
            "소득수준":57.56,
            "일자리총점":28.622,
            "가치 총점":67.8527,
            "매매실거래년":20220211.0,
            "매매실거래가":89000.0,
            "전세실거래년":20220215.0,
            "전세실거래가":33600.0,
            "전세가율":37.13,
            "장기전세가율평균":70.52,
            "전세가율거품지수":33.39,
            "검색코드":3421,
            "세대수":1377.0,
            "준공년월":"2003-03-31",
            "준공년차":20.0,
            "가까운역이름":"미아사거리",
            "가까운역거리":587.29,
            "역세권여부":"준역세권",
            "30분이내주요거점역":3,
            "30분거점역이름":"['을지로3가', '왕십리', '명동']",
            "1시간이내주요거점역":9,
            "1시간거점역이름":"['강남', '잠실', '여의도', '을지로3가', '양재', '왕십리', '홍대입구', '구로디지털단지', '명동']",
            "3km이내백화점수":2,
            "5km이내아울렛몰수":1,
            "1km이내대형먀트수":2,
            "500m이내은행수":1,
            "500m이내병원수":0,
            "5km이내대형병원수":9,
            "500m이내공원수":4,
            "3km이내혐오시설수":0,
            "초등학교학업성취도":90.01,
            "중학교학업성취도":98.3,
            "용적률":269,
            "건폐율":21,
            "Y":37.61076,
            "X":127.024226,
            "rank":20.0,
            "area_info":"24평(80.74), 33평(111.12), 43평(142.45)",
            "last_sales":"2022-02-11,89000.0,33평(111.12)",
            "rank_history":[
                [
                    "202203",
                    20
                ],
                [
                    "202202",
                    25
                ],
                [
                    "202201",
                    38
                ]
            ],
            "rank_gap":5
        },
        {
            "index":650,
            "아파트명":"래미안세레니티",
            "투자타입":"일반",
            "전용면적(m2)":"84.03",
            "전용면적(평)":"25평",
            "법정동주소":"서울시 성북구 종암동 133",
            "도로명주소":"서울시 성북구 종암로23길 35",
            "세대수":90,
            "입주년차":60,
            "용적률점수":"--",
            "건폐율점수":"--",
            "세대당주차수":30,
            "난방방식":30,
            "공급면적":"--",
            "전용률":"--",
            "욕실수":100,
            "현관타입":100,
            "주거총점":71.0,
            "지역구공급총점":100.0,
            "역세권":50,
            "30분내 이동가능 거점":60,
            "1시간내 이동가능 거점":100,
            "교통총점":63.0,
            "백화점":100,
            "아울렛몰":80,
            "대형마트":100,
            "은행":0,
            "병원":0,
            "종합병원":100,
            "공원":100,
            "혐오시설":0,
            "인프라총점":76.0,
            "초등학군":89.98,
            "중학군":47.72,
            "학군총점":56.172,
            "인구수":47.53,
            "인구증감":-5.22,
            "인구총점":31.705,
            "일자리":16.22,
            "소득수준":57.56,
            "일자리총점":28.622,
            "가치 총점":67.4758,
            "매매실거래년":20211225.0,
            "매매실거래가":97500.0,
            "전세실거래년":20220209.0,
            "전세실거래가":38000.0,
            "전세가율":38.97,
            "장기전세가율평균":70.52,
            "전세가율거품지수":31.55,
            "검색코드":25827,
            "세대수":955.0,
            "준공년월":"2009-10-29",
            "준공년차":14.0,
            "가까운역이름":"길음",
            "가까운역거리":714.88,
            "역세권여부":"준역세권",
            "30분이내주요거점역":3,
            "30분거점역이름":"['을지로3가', '왕십리', '명동']",
            "1시간이내주요거점역":11,
            "1시간거점역이름":"['강남', '역삼', '잠실', '여의도', '을지로3가', '양재', '왕십리', '홍대입구', '구로디지털단지', '명동', 'GTX성남(2023년)']",
            "3km이내백화점수":3,
            "5km이내아울렛몰수":1,
            "1km이내대형먀트수":3,
            "500m이내은행수":1,
            "500m이내병원수":0,
            "5km이내대형병원수":9,
            "500m이내공원수":2,
            "3km이내혐오시설수":0,
            "초등학교학업성취도":89.98,
            "중학교학업성취도":77.4,
            "용적률":249,
            "건폐율":16,
            "Y":37.599367,
            "X":127.031385,
            "rank":21.0,
            "area_info":"25평(84.03), 25평(84.01), 25평(84.88), 25평(84.2), 33평(109.95), 33평(110.74), 33평(111.11), 43평(143.79)",
            "last_sales":"2021-12-25,97500.0,25평(84.03)",
            "rank_history":[
                [
                    "202203",
                    21
                ],
                [
                    "202202",
                    20
                ],
                [
                    "202201",
                    22
                ]
            ],
            "rank_gap":-1
        },
        {
            "index":264,
            "아파트명":"동소문한신휴플러스2차",
            "투자타입":"일반",
            "전용면적(m2)":"75.4",
            "전용면적(평)":"22평",
            "법정동주소":"서울시 성북구 동소문동7가 23",
            "도로명주소":"서울시 성북구 동소문로15길 99",
            "세대수":50,
            "입주년차":40,
            "용적률점수":"--",
            "건폐율점수":"--",
            "세대당주차수":30,
            "난방방식":30,
            "공급면적":"--",
            "전용률":"--",
            "욕실수":100,
            "현관타입":100,
            "주거총점":53.0,
            "지역구공급총점":100.0,
            "역세권":80,
            "30분내 이동가능 거점":60,
            "1시간내 이동가능 거점":100,
            "교통총점":78.0,
            "백화점":100,
            "아울렛몰":80,
            "대형마트":0,
            "은행":70,
            "병원":0,
            "종합병원":100,
            "공원":0,
            "혐오시설":0,
            "인프라총점":65.0,
            "초등학군":89.97,
            "중학군":54.64,
            "학군총점":61.706,
            "인구수":47.53,
            "인구증감":-5.22,
            "인구총점":31.705,
            "일자리":16.22,
            "소득수준":57.56,
            "일자리총점":28.622,
            "가치 총점":66.6559,
            "매매실거래년":20211117.0,
            "매매실거래가":79700.0,
            "전세실거래년":20211113.0,
            "전세실거래가":54000.0,
            "전세가율":67.75,
            "장기전세가율평균":70.52,
            "전세가율거품지수":2.77,
            "검색코드":3424,
            "세대수":409.0,
            "준공년월":"2004-07-05",
            "준공년차":19.0,
            "가까운역이름":"성신여대입구",
            "가까운역거리":387.68,
            "역세권여부":"역세권",
            "30분이내주요거점역":3,
            "30분거점역이름":"['을지로3가', '왕십리', '명동']",
            "1시간이내주요거점역":13,
            "1시간거점역이름":"['강남', '역삼', '잠실', '여의도', '을지로3가', '양재', '평촌', '가산디지털단지', '왕십리', '홍대입구', '구로디지털단지', '명동', 'GTX성남(2023년)']",
            "3km이내백화점수":2,
            "5km이내아울렛몰수":1,
            "1km이내대형먀트수":0,
            "500m이내은행수":4,
            "500m이내병원수":0,
            "5km이내대형병원수":10,
            "500m이내공원수":0,
            "3km이내혐오시설수":0,
            "초등학교학업성취도":89.97,
            "중학교학업성취도":88.8,
            "용적률":118,
            "건폐율":11,
            "Y":37.595184,
            "X":127.013729,
            "rank":22.0,
            "area_info":"22평(75.4), 30평(100.81), 37평(123.53), 41평(135.54), 53평(177.99)",
            "last_sales":"2021-11-17,79700.0,22평(75.4)",
            "rank_history":[
                [
                    "202203",
                    22
                ],
                [
                    "202202",
                    21
                ],
                [
                    "202201",
                    23
                ]
            ],
            "rank_gap":-1
        },
        {
            "index":48,
            "아파트명":"길음뉴타운9단지래미안",
            "투자타입":"일반",
            "전용면적(m2)":"79.92",
            "전용면적(평)":"24평",
            "법정동주소":"서울시 성북구 길음동 1286",
            "도로명주소":"서울시 성북구 길음로9길 50",
            "세대수":90,
            "입주년차":60,
            "용적률점수":"--",
            "건폐율점수":"--",
            "세대당주차수":60,
            "난방방식":30,
            "공급면적":"--",
            "전용률":"--",
            "욕실수":100,
            "현관타입":100,
            "주거총점":75.5,
            "지역구공급총점":100.0,
            "역세권":50,
            "30분내 이동가능 거점":60,
            "1시간내 이동가능 거점":100,
            "교통총점":63.0,
            "백화점":100,
            "아울렛몰":80,
            "대형마트":0,
            "은행":70,
            "병원":0,
            "종합병원":100,
            "공원":100,
            "혐오시설":0,
            "인프라총점":68.0,
            "초등학군":89.99,
            "중학군":51.94,
            "학군총점":59.55,
            "인구수":47.53,
            "인구증감":-5.22,
            "인구총점":31.705,
            "일자리":16.22,
            "소득수준":57.56,
            "일자리총점":28.622,
            "가치 총점":66.4825,
            "매매실거래년":20220117.0,
            "매매실거래가":125000.0,
            "전세실거래년":20220212.0,
            "전세실거래가":60000.0,
            "전세가율":60.91,
            "장기전세가율평균":70.52,
            "전세가율거품지수":9.61,
            "검색코드":26160,
            "세대수":1012.0,
            "준공년월":"2010-09-30",
            "준공년차":13.0,
            "가까운역이름":"길음",
            "가까운역거리":507.57,
            "역세권여부":"준역세권",
            "30분이내주요거점역":3,
            "30분거점역이름":"['을지로3가', '왕십리', '명동']",
            "1시간이내주요거점역":10,
            "1시간거점역이름":"['강남', '잠실', '여의도', '을지로3가', '양재', '가산디지털단지', '왕십리', '홍대입구', '구로디지털단지', '명동']",
            "3km이내백화점수":2,
            "5km이내아울렛몰수":1,
            "1km이내대형먀트수":0,
            "500m이내은행수":3,
            "500m이내병원수":0,
            "5km이내대형병원수":9,
            "500m이내공원수":8,
            "3km이내혐오시설수":0,
            "초등학교학업성취도":89.99,
            "중학교학업성취도":83.3,
            "용적률":241,
            "건폐율":22,
            "Y":37.605073,
            "X":127.019702,
            "rank":23.0,
            "area_info":"24평(79.92), 24평(79.59), 24평(82.57), 32평(106.76), 32평(107.33), 33평(109.87), 43평(142.18), 43평(143.24), 50평(165.86)",
            "last_sales":"2022-01-17,125000.0,33평(109.87)",
            "rank_history":[
                [
                    "202203",
                    23
                ],
                [
                    "202202",
                    22
                ],
                [
                    "202201",
                    24
                ]
            ],
            "rank_gap":-1
        },
        {
            "index":739,
            "아파트명":"월곡갑을명가",
            "투자타입":"일반",
            "전용면적(m2)":"87.18",
            "전용면적(평)":"26평",
            "법정동주소":"서울시 성북구 하월곡동 227",
            "도로명주소":"서울시 성북구 화랑로11길 26",
            "세대수":0,
            "입주년차":40,
            "용적률점수":"--",
            "건폐율점수":"--",
            "세대당주차수":60,
            "난방방식":30,
            "공급면적":"--",
            "전용률":"--",
            "욕실수":100,
            "현관타입":100,
            "주거총점":40.0,
            "지역구공급총점":100.0,
            "역세권":80,
            "30분내 이동가능 거점":40,
            "1시간내 이동가능 거점":100,
            "교통총점":72.0,
            "백화점":100,
            "아울렛몰":80,
            "대형마트":100,
            "은행":70,
            "병원":0,
            "종합병원":100,
            "공원":100,
            "혐오시설":0,
            "인프라총점":83.0,
            "초등학군":90.0,
            "중학군":45.9,
            "학군총점":54.72,
            "인구수":47.53,
            "인구증감":-5.22,
            "인구총점":31.705,
            "일자리":16.22,
            "소득수준":57.56,
            "일자리총점":28.622,
            "가치 총점":66.308,
            "매매실거래년":20211017.0,
            "매매실거래가":72400.0,
            "전세실거래년":null,
            "전세실거래가":null,
            "전세가율":null,
            "장기전세가율평균":70.52,
            "전세가율거품지수":null,
            "검색코드":22446,
            "세대수":145.0,
            "준공년월":"2007-07-30",
            "준공년차":16.0,
            "가까운역이름":"월곡",
            "가까운역거리":109.07,
            "역세권여부":"역세권",
            "30분이내주요거점역":2,
            "30분거점역이름":"['을지로3가', '왕십리']",
            "1시간이내주요거점역":12,
            "1시간거점역이름":"['강남', '역삼', '잠실', '판교', '여의도', '을지로3가', '양재', '가산디지털단지', '왕십리', '홍대입구', '구로디지털단지', '명동']",
            "3km이내백화점수":3,
            "5km이내아울렛몰수":1,
            "1km이내대형먀트수":3,
            "500m이내은행수":3,
            "500m이내병원수":0,
            "5km이내대형병원수":12,
            "500m이내공원수":4,
            "3km이내혐오시설수":0,
            "초등학교학업성취도":90.0,
            "중학교학업성취도":74.7,
            "용적률":447,
            "건폐율":58,
            "Y":37.60276,
            "X":127.04174,
            "rank":24.0,
            "area_info":"26평(87.18), 26평(88.95), 27평(90.08), 29평(97.96), 34평(113.22)",
            "last_sales":"2021-10-17,72400.0,26평(87.18)",
            "rank_history":[
                [
                    "202203",
                    24
                ],
                [
                    "202202",
                    4
                ],
                [
                    "202201",
                    5
                ]
            ],
            "rank_gap":-20
        },
        {
            "index":277,
            "아파트명":"보문아이파크",
            "투자타입":"일반",
            "전용면적(m2)":"78.83",
            "전용면적(평)":"23평",
            "법정동주소":"서울시 성북구 보문동3가 2",
            "도로명주소":"서울시 성북구 지봉로21길 19",
            "세대수":50,
            "입주년차":20,
            "용적률점수":"--",
            "건폐율점수":"--",
            "세대당주차수":30,
            "난방방식":30,
            "공급면적":"--",
            "전용률":"--",
            "욕실수":100,
            "현관타입":100,
            "주거총점":49.0,
            "지역구공급총점":100.0,
            "역세권":80,
            "30분내 이동가능 거점":60,
            "1시간내 이동가능 거점":100,
            "교통총점":78.0,
            "백화점":100,
            "아울렛몰":80,
            "대형마트":0,
            "은행":70,
            "병원":0,
            "종합병원":100,
            "공원":100,
            "혐오시설":0,
            "인프라총점":68.0,
            "초등학군":89.98,
            "중학군":50.66,
            "학군총점":58.524,
            "인구수":47.53,
            "인구증감":-5.22,
            "인구총점":31.705,
            "일자리":16.22,
            "소득수준":57.56,
            "일자리총점":28.622,
            "가치 총점":66.2786,
            "매매실거래년":20210312.0,
            "매매실거래가":121800.0,
            "전세실거래년":20210909.0,
            "전세실거래가":58000.0,
            "전세가율":100.87,
            "장기전세가율평균":70.52,
            "전세가율거품지수":-30.35,
            "검색코드":8841,
            "세대수":431.0,
            "준공년월":"2003-08-30",
            "준공년차":20.0,
            "가까운역이름":"보문",
            "가까운역거리":290.63,
            "역세권여부":"역세권",
            "30분이내주요거점역":3,
            "30분거점역이름":"['을지로3가', '왕십리', '명동']",
            "1시간이내주요거점역":14,
            "1시간거점역이름":"['강남', '역삼', '잠실', '판교', '여의도', '을지로3가', '양재', '평촌', '가산디지털단지', '왕십리', '홍대입구', '구로디지털단지', '명동', 'GTX성남(2023년)']",
            "3km이내백화점수":2,
            "5km이내아울렛몰수":1,
            "1km이내대형먀트수":0,
            "500m이내은행수":3,
            "500m이내병원수":0,
            "5km이내대형병원수":11,
            "500m이내공원수":7,
            "3km이내혐오시설수":0,
            "초등학교학업성취도":89.98,
            "중학교학업성취도":83.7,
            "용적률":233,
            "건폐율":19,
            "Y":37.585649,
            "X":127.016708,
            "rank":25.0,
            "area_info":"23평(78.83), 23평(79.32), 23평(79.1), 34평(112.45), 33평(112.1), 46평(152.31)",
            "last_sales":"2021-03-12,121800.0,46평(152.31)",
            "rank_history":[
                [
                    "202203",
                    25
                ],
                [
                    "202202",
                    23
                ],
                [
                    "202201",
                    28
                ]
            ],
            "rank_gap":-2
        },
        {
            "index":186,
            "아파트명":"코아루센타시아",
            "투자타입":"일반",
            "전용면적(m2)":"101.36",
            "전용면적(평)":"30평",
            "법정동주소":"서울시 성북구 동선동1가 121-6",
            "도로명주소":"서울시 성북구 동소문로20나길 47",
            "세대수":0,
            "입주년차":60,
            "용적률점수":"--",
            "건폐율점수":"--",
            "세대당주차수":80,
            "난방방식":30,
            "공급면적":"--",
            "전용률":"--",
            "욕실수":100,
            "현관타입":100,
            "주거총점":47.0,
            "지역구공급총점":100.0,
            "역세권":80,
            "30분내 이동가능 거점":60,
            "1시간내 이동가능 거점":100,
            "교통총점":78.0,
            "백화점":100,
            "아울렛몰":80,
            "대형마트":0,
            "은행":100,
            "병원":0,
            "종합병원":100,
            "공원":0,
            "혐오시설":0,
            "인프라총점":68.0,
            "초등학군":89.99,
            "중학군":53.72,
            "학군총점":60.974,
            "인구수":47.53,
            "인구증감":-5.22,
            "인구총점":31.705,
            "일자리":16.22,
            "소득수준":57.56,
            "일자리총점":28.622,
            "가치 총점":66.2461,
            "매매실거래년":20210710.0,
            "매매실거래가":84500.0,
            "전세실거래년":20170622.0,
            "전세실거래가":15000.0,
            "전세가율":21.74,
            "장기전세가율평균":70.52,
            "전세가율거품지수":48.78,
            "검색코드":27231,
            "세대수":56.0,
            "준공년월":"2010-06-25",
            "준공년차":13.0,
            "가까운역이름":"성신여대입구",
            "가까운역거리":162.49,
            "역세권여부":"역세권",
            "30분이내주요거점역":3,
            "30분거점역이름":"['을지로3가', '왕십리', '명동']",
            "1시간이내주요거점역":15,
            "1시간거점역이름":"['강남', '역삼', '잠실', '판교', '여의도', '을지로3가', '양재', '평촌', '가산디지털단지', '왕십리', '홍대입구', '수원', '구로디지털단지', '명동', 'GTX성남(2023년)']",
            "3km이내백화점수":3,
            "5km이내아울렛몰수":1,
            "1km이내대형먀트수":0,
            "500m이내은행수":6,
            "500m이내병원수":0,
            "5km이내대형병원수":10,
            "500m이내공원수":0,
            "3km이내혐오시설수":0,
            "초등학교학업성취도":89.99,
            "중학교학업성취도":88.0,
            "용적률":390,
            "건폐율":58,
            "Y":37.592894,
            "X":127.018968,
            "rank":26.0,
            "area_info":"30평(101.36), 30평(101.73), 41평(136.13), 41평(136.17), 41평(136.9)",
            "last_sales":"2021-07-10,84500.0,41평(136.13)",
            "rank_history":[
                [
                    "202203",
                    26
                ],
                [
                    "202202",
                    9999
                ]
            ],
            "rank_gap":9999
        },
        {
            "index":158,
            "아파트명":"범양",
            "투자타입":"일반",
            "전용면적(m2)":"83.72",
            "전용면적(평)":"25평",
            "법정동주소":"서울시 성북구 돈암동 631",
            "도로명주소":"서울시 성북구 정릉로 402-16",
            "세대수":50,
            "입주년차":0,
            "용적률점수":"--",
            "건폐율점수":"--",
            "세대당주차수":30,
            "난방방식":30,
            "공급면적":"--",
            "전용률":"--",
            "욕실수":50,
            "현관타입":10,
            "주거총점":31.0,
            "지역구공급총점":100.0,
            "역세권":80,
            "30분내 이동가능 거점":60,
            "1시간내 이동가능 거점":100,
            "교통총점":78.0,
            "백화점":100,
            "아울렛몰":80,
            "대형마트":100,
            "은행":70,
            "병원":0,
            "종합병원":100,
            "공원":100,
            "혐오시설":0,
            "인프라총점":83.0,
            "초등학군":89.98,
            "중학군":41.44,
            "학군총점":51.148,
            "인구수":47.53,
            "인구증감":-5.22,
            "인구총점":31.705,
            "일자리":16.22,
            "소득수준":57.56,
            "일자리총점":28.622,
            "가치 총점":66.0722,
            "매매실거래년":20211130.0,
            "매매실거래가":90000.0,
            "전세실거래년":20220127.0,
            "전세실거래가":45000.0,
            "전세가율":62.07,
            "장기전세가율평균":70.52,
            "전세가율거품지수":8.45,
            "검색코드":578,
            "세대수":499.0,
            "준공년월":"1998-12-09",
            "준공년차":25.0,
            "가까운역이름":"길음",
            "가까운역거리":248.32,
            "역세권여부":"역세권",
            "30분이내주요거점역":3,
            "30분거점역이름":"['을지로3가', '왕십리', '명동']",
            "1시간이내주요거점역":13,
            "1시간거점역이름":"['강남', '역삼', '잠실', '여의도', '을지로3가', '양재', '평촌', '가산디지털단지', '왕십리', '홍대입구', '구로디지털단지', '명동', 'GTX성남(2023년)']",
            "3km이내백화점수":2,
            "5km이내아울렛몰수":1,
            "1km이내대형먀트수":3,
            "500m이내은행수":4,
            "500m이내병원수":0,
            "5km이내대형병원수":9,
            "500m이내공원수":3,
            "3km이내혐오시설수":0,
            "초등학교학업성취도":89.98,
            "중학교학업성취도":67.8,
            "용적률":284,
            "건폐율":21,
            "Y":37.603392,
            "X":127.027879,
            "rank":27.0,
            "area_info":"25평(83.72), 32평(106.45), 32평(108.75), 33평(110.43), 33평(111.08), 42평(139.3), 42평(141.89), 42평(142.08), 43평(142.34), 43평(144.07)",
            "last_sales":"2021-11-30,90000.0,33평(110.43)",
            "rank_history":[
                [
                    "202203",
                    27
                ],
                [
                    "202202",
                    24
                ],
                [
                    "202201",
                    26
                ]
            ],
            "rank_gap":-3
        },
        {
            "index":734,
            "아파트명":"수산동양빌",
            "투자타입":"일반",
            "전용면적(m2)":"83.09",
            "전용면적(평)":"25평",
            "법정동주소":"서울시 성북구 하월곡동 223",
            "도로명주소":"서울시 성북구 오패산로4길 11",
            "세대수":0,
            "입주년차":20,
            "용적률점수":"--",
            "건폐율점수":"--",
            "세대당주차수":30,
            "난방방식":100,
            "공급면적":"--",
            "전용률":"--",
            "욕실수":100,
            "현관타입":100,
            "주거총점":38.5,
            "지역구공급총점":100.0,
            "역세권":80,
            "30분내 이동가능 거점":40,
            "1시간내 이동가능 거점":100,
            "교통총점":72.0,
            "백화점":100,
            "아울렛몰":80,
            "대형마트":100,
            "은행":70,
            "병원":0,
            "종합병원":100,
            "공원":100,
            "혐오시설":0,
            "인프라총점":83.0,
            "초등학군":89.98,
            "중학군":41.44,
            "학군총점":51.148,
            "인구수":47.53,
            "인구증감":-5.22,
            "인구총점":31.705,
            "일자리":16.22,
            "소득수준":57.56,
            "일자리총점":28.622,
            "가치 총점":65.4722,
            "매매실거래년":20220107.0,
            "매매실거래가":63500.0,
            "전세실거래년":20200509.0,
            "전세실거래가":31000.0,
            "전세가율":79.49,
            "장기전세가율평균":70.52,
            "전세가율거품지수":-8.97,
            "검색코드":11597,
            "세대수":56.0,
            "준공년월":"2003-10-02",
            "준공년차":20.0,
            "가까운역이름":"월곡",
            "가까운역거리":381.06,
            "역세권여부":"역세권",
            "30분이내주요거점역":2,
            "30분거점역이름":"['왕십리', '명동']",
            "1시간이내주요거점역":10,
            "1시간거점역이름":"['강남', '역삼', '잠실', '여의도', '을지로3가', '양재', '왕십리', '홍대입구', '구로디지털단지', '명동']",
            "3km이내백화점수":3,
            "5km이내아울렛몰수":1,
            "1km이내대형먀트수":3,
            "500m이내은행수":4,
            "500m이내병원수":0,
            "5km이내대형병원수":12,
            "500m이내공원수":6,
            "3km이내혐오시설수":0,
            "초등학교학업성취도":89.98,
            "중학교학업성취도":67.8,
            "용적률":234,
            "건폐율":25,
            "Y":37.60421,
            "X":127.03838,
            "rank":28.0,
            "area_info":"25평(83.09), 32평(106.7)",
            "last_sales":"2022-01-07,63500.0,32평(106.7)",
            "rank_history":[
                [
                    "202203",
                    28
                ],
                [
                    "202202",
                    9999
                ]
            ],
            "rank_gap":9999
        },
        {
            "index":168,
            "아파트명":"성일우리미",
            "투자타입":"일반",
            "전용면적(m2)":"105.63",
            "전용면적(평)":"31평",
            "법정동주소":"서울시 성북구 돈암동 637",
            "도로명주소":"서울시 성북구 정릉로52길 46",
            "세대수":0,
            "입주년차":40,
            "용적률점수":"--",
            "건폐율점수":"--",
            "세대당주차수":30,
            "난방방식":30,
            "공급면적":"--",
            "전용률":"--",
            "욕실수":100,
            "현관타입":100,
            "주거총점":35.5,
            "지역구공급총점":100.0,
            "역세권":80,
            "30분내 이동가능 거점":60,
            "1시간내 이동가능 거점":100,
            "교통총점":78.0,
            "백화점":100,
            "아울렛몰":80,
            "대형마트":100,
            "은행":20,
            "병원":0,
            "종합병원":100,
            "공원":100,
            "혐오시설":0,
            "인프라총점":78.0,
            "초등학군":89.98,
            "중학군":41.44,
            "학군총점":51.148,
            "인구수":47.53,
            "인구증감":-5.22,
            "인구총점":31.705,
            "일자리":16.22,
            "소득수준":57.56,
            "일자리총점":28.622,
            "가치 총점":65.4722,
            "매매실거래년":20200728.0,
            "매매실거래가":58500.0,
            "전세실거래년":null,
            "전세실거래가":null,
            "전세가율":null,
            "장기전세가율평균":70.52,
            "전세가율거품지수":null,
            "검색코드":11496,
            "세대수":79.0,
            "준공년월":"2004-12-31",
            "준공년차":19.0,
            "가까운역이름":"길음",
            "가까운역거리":308.11,
            "역세권여부":"역세권",
            "30분이내주요거점역":3,
            "30분거점역이름":"['을지로3가', '왕십리', '명동']",
            "1시간이내주요거점역":12,
            "1시간거점역이름":"['강남', '역삼', '잠실', '여의도', '을지로3가', '양재', '가산디지털단지', '왕십리', '홍대입구', '구로디지털단지', '명동', 'GTX성남(2023년)']",
            "3km이내백화점수":3,
            "5km이내아울렛몰수":1,
            "1km이내대형먀트수":3,
            "500m이내은행수":2,
            "500m이내병원수":0,
            "5km이내대형병원수":10,
            "500m이내공원수":5,
            "3km이내혐오시설수":0,
            "초등학교학업성취도":89.98,
            "중학교학업성취도":67.8,
            "용적률":231,
            "건폐율":23,
            "Y":37.602269,
            "X":127.028256,
            "rank":28.0,
            "area_info":"31평(105.63), 33평(110.03)",
            "last_sales":"2020-07-28,58500.0,33평(110.03)",
            "rank_history":[
                [
                    "202203",
                    28
                ],
                [
                    "202202",
                    9999
                ]
            ],
            "rank_gap":9999
        },
        {
            "index":479,
            "아파트명":"길음뉴타운10단지라온유",
            "투자타입":"일반",
            "전용면적(m2)":"109.74",
            "전용면적(평)":"33평",
            "법정동주소":"서울시 성북구 정릉동 1034",
            "도로명주소":"서울시 성북구 정릉로 307",
            "세대수":0,
            "입주년차":40,
            "용적률점수":"--",
            "건폐율점수":"--",
            "세대당주차수":60,
            "난방방식":30,
            "공급면적":"--",
            "전용률":"--",
            "욕실수":100,
            "현관타입":100,
            "주거총점":40.0,
            "지역구공급총점":100.0,
            "역세권":80,
            "30분내 이동가능 거점":60,
            "1시간내 이동가능 거점":100,
            "교통총점":78.0,
            "백화점":100,
            "아울렛몰":80,
            "대형마트":0,
            "은행":70,
            "병원":0,
            "종합병원":100,
            "공원":100,
            "혐오시설":0,
            "인프라총점":68.0,
            "초등학군":89.99,
            "중학군":51.94,
            "학군총점":59.55,
            "인구수":47.53,
            "인구증감":-5.22,
            "인구총점":31.705,
            "일자리":16.22,
            "소득수준":57.56,
            "일자리총점":28.622,
            "가치 총점":64.6325,
            "매매실거래년":20210214.0,
            "매매실거래가":98900.0,
            "전세실거래년":20220204.0,
            "전세실거래가":50000.0,
            "전세가율":78.74,
            "장기전세가율평균":70.52,
            "전세가율거품지수":-8.22,
            "검색코드":26162,
            "세대수":236.0,
            "준공년월":"2008-10-08",
            "준공년차":15.0,
            "가까운역이름":"정릉",
            "가까운역거리":446.05,
            "역세권여부":"역세권",
            "30분이내주요거점역":3,
            "30분거점역이름":"['을지로3가', '왕십리', '명동']",
            "1시간이내주요거점역":12,
            "1시간거점역이름":"['강남', '역삼', '잠실', '여의도', '을지로3가', '양재', '가산디지털단지', '왕십리', '홍대입구', '구로디지털단지', '명동', 'GTX성남(2023년)']",
            "3km이내백화점수":2,
            "5km이내아울렛몰수":1,
            "1km이내대형먀트수":0,
            "500m이내은행수":4,
            "500m이내병원수":0,
            "5km이내대형병원수":9,
            "500m이내공원수":7,
            "3km이내혐오시설수":0,
            "초등학교학업성취도":89.99,
            "중학교학업성취도":83.3,
            "용적률":359,
            "건폐율":23,
            "Y":37.603315,
            "X":127.018525,
            "rank":29.0,
            "area_info":"33평(109.74), 33평(109.3), 34평(112.59), 43평(144.21)",
            "last_sales":"2021-02-14,98900.0,43평(144.21)",
            "rank_history":[
                [
                    "202203",
                    29
                ],
                [
                    "202202",
                    46
                ],
                [
                    "202201",
                    49
                ]
            ],
            "rank_gap":17
        },
        {
            "index":229,
            "아파트명":"돈암동일하이빌",
            "투자타입":"일반",
            "전용면적(m2)":"82.92",
            "전용면적(평)":"25평",
            "법정동주소":"서울시 성북구 동소문동5가 120",
            "도로명주소":"서울시 성북구 보문로38길 11",
            "세대수":0,
            "입주년차":40,
            "용적률점수":"--",
            "건폐율점수":"--",
            "세대당주차수":30,
            "난방방식":30,
            "공급면적":"--",
            "전용률":"--",
            "욕실수":100,
            "현관타입":100,
            "주거총점":35.5,
            "지역구공급총점":100.0,
            "역세권":80,
            "30분내 이동가능 거점":60,
            "1시간내 이동가능 거점":100,
            "교통총점":78.0,
            "백화점":100,
            "아울렛몰":80,
            "대형마트":0,
            "은행":100,
            "병원":0,
            "종합병원":100,
            "공원":80,
            "혐오시설":0,
            "인프라총점":70.4,
            "초등학군":89.99,
            "중학군":51.3,
            "학군총점":59.038,
            "인구수":47.53,
            "인구증감":-5.22,
            "인구총점":31.705,
            "일자리":16.22,
            "소득수준":57.56,
            "일자리총점":28.622,
            "가치 총점":64.3757,
            "매매실거래년":20210201.0,
            "매매실거래가":112000.0,
            "전세실거래년":20190214.0,
            "전세실거래가":38000.0,
            "전세가율":54.29,
            "장기전세가율평균":70.52,
            "전세가율거품지수":16.23,
            "검색코드":17412,
            "세대수":236.0,
            "준공년월":"2006-04-28",
            "준공년차":17.0,
            "가까운역이름":"성신여대입구",
            "가까운역거리":288.27,
            "역세권여부":"역세권",
            "30분이내주요거점역":3,
            "30분거점역이름":"['을지로3가', '왕십리', '명동']",
            "1시간이내주요거점역":15,
            "1시간거점역이름":"['강남', '역삼', '잠실', '판교', '여의도', '을지로3가', '양재', '평촌', '가산디지털단지', '왕십리', '홍대입구', '수원', '구로디지털단지', '명동', 'GTX성남(2023년)']",
            "3km이내백화점수":2,
            "5km이내아울렛몰수":1,
            "1km이내대형먀트수":0,
            "500m이내은행수":7,
            "500m이내병원수":0,
            "5km이내대형병원수":12,
            "500m이내공원수":1,
            "3km이내혐오시설수":0,
            "초등학교학업성취도":89.99,
            "중학교학업성취도":82.5,
            "용적률":687,
            "건폐율":54,
            "Y":37.591549,
            "X":127.014388,
            "rank":30.0,
            "area_info":"25평(82.92), 31평(102.67), 31평(102.54), 45평(151.11)",
            "last_sales":"2021-02-01,112000.0,45평(151.11)",
            "rank_history":[
                [
                    "202203",
                    30
                ],
                [
                    "202202",
                    27
                ],
                [
                    "202201",
                    29
                ]
            ],
            "rank_gap":-3
        },
        {
            "index":665,
            "아파트명":"종암SK뷰2차",
            "투자타입":"일반",
            "전용면적(m2)":"81.62",
            "전용면적(평)":"24평",
            "법정동주소":"서울시 성북구 종암동 135",
            "도로명주소":"서울시 성북구 종암로24길 35",
            "세대수":30,
            "입주년차":60,
            "용적률점수":"--",
            "건폐율점수":"--",
            "세대당주차수":30,
            "난방방식":30,
            "공급면적":"--",
            "전용률":"--",
            "욕실수":100,
            "현관타입":100,
            "주거총점":50.0,
            "지역구공급총점":100.0,
            "역세권":50,
            "30분내 이동가능 거점":60,
            "1시간내 이동가능 거점":100,
            "교통총점":63.0,
            "백화점":100,
            "아울렛몰":80,
            "대형마트":100,
            "은행":20,
            "병원":0,
            "종합병원":100,
            "공원":100,
            "혐오시설":0,
            "인프라총점":78.0,
            "초등학군":90.0,
            "중학군":50.62,
            "학군총점":58.496,
            "인구수":47.53,
            "인구증감":-5.22,
            "인구총점":31.705,
            "일자리":16.22,
            "소득수준":57.56,
            "일자리총점":28.622,
            "가치 총점":64.2244,
            "매매실거래년":20220121.0,
            "매매실거래가":120000.0,
            "전세실거래년":20220219.0,
            "전세실거래가":40950.0,
            "전세가율":45.5,
            "장기전세가율평균":70.52,
            "전세가율거품지수":25.02,
            "검색코드":27283,
            "세대수":393.0,
            "준공년월":"2010-10-29",
            "준공년차":13.0,
            "가까운역이름":"월곡",
            "가까운역거리":579.15,
            "역세권여부":"준역세권",
            "30분이내주요거점역":3,
            "30분거점역이름":"['을지로3가', '왕십리', '명동']",
            "1시간이내주요거점역":11,
            "1시간거점역이름":"['강남', '역삼', '잠실', '여의도', '을지로3가', '양재', '가산디지털단지', '왕십리', '홍대입구', '명동', 'GTX성남(2023년)']",
            "3km이내백화점수":3,
            "5km이내아울렛몰수":1,
            "1km이내대형먀트수":3,
            "500m이내은행수":2,
            "500m이내병원수":0,
            "5km이내대형병원수":12,
            "500m이내공원수":6,
            "3km이내혐오시설수":0,
            "초등학교학업성취도":90.0,
            "중학교학업성취도":81.1,
            "용적률":244,
            "건폐율":20,
            "Y":37.601756,
            "X":127.034887,
            "rank":31.0,
            "area_info":"24평(81.62), 24평(81.16), 32평(108.16), 44평(147.82)",
            "last_sales":"2022-01-21,120000.0,44평(147.82)",
            "rank_history":[
                [
                    "202203",
                    31
                ],
                [
                    "202202",
                    28
                ],
                [
                    "202201",
                    33
                ]
            ],
            "rank_gap":-3
        },
        {
            "index":233,
            "아파트명":"성신여대역솔하임(도시형)",
            "투자타입":"일반",
            "전용면적(m2)":"24.11",
            "전용면적(평)":"7평",
            "법정동주소":"서울시 성북구 동소문동5가 15",
            "도로명주소":"서울시 성북구 보문로40길 11",
            "세대수":0,
            "입주년차":80,
            "용적률점수":"--",
            "건폐율점수":"--",
            "세대당주차수":0,
            "난방방식":30,
            "공급면적":"--",
            "전용률":"--",
            "욕실수":50,
            "현관타입":100,
            "주거총점":34.0,
            "지역구공급총점":100.0,
            "역세권":80,
            "30분내 이동가능 거점":60,
            "1시간내 이동가능 거점":100,
            "교통총점":78.0,
            "백화점":100,
            "아울렛몰":80,
            "대형마트":0,
            "은행":100,
            "병원":0,
            "종합병원":100,
            "공원":80,
            "혐오시설":0,
            "인프라총점":70.4,
            "초등학군":89.99,
            "중학군":51.3,
            "학군총점":59.038,
            "인구수":47.53,
            "인구증감":-5.22,
            "인구총점":31.705,
            "일자리":16.22,
            "소득수준":57.56,
            "일자리총점":28.622,
            "가치 총점":64.0757,
            "매매실거래년":20211216.0,
            "매매실거래가":21500.0,
            "전세실거래년":20220125.0,
            "전세실거래가":20000.0,
            "전세가율":93.02,
            "장기전세가율평균":70.52,
            "전세가율거품지수":-22.5,
            "검색코드":116440,
            "세대수":98.0,
            "준공년월":"2018-05-28",
            "준공년차":5.0,
            "가까운역이름":"성신여대입구",
            "가까운역거리":300.72,
            "역세권여부":"역세권",
            "30분이내주요거점역":3,
            "30분거점역이름":"['을지로3가', '왕십리', '명동']",
            "1시간이내주요거점역":15,
            "1시간거점역이름":"['강남', '역삼', '잠실', '판교', '여의도', '을지로3가', '양재', '평촌', '가산디지털단지', '왕십리', '홍대입구', '수원', '구로디지털단지', '명동', 'GTX성남(2023년)']",
            "3km이내백화점수":2,
            "5km이내아울렛몰수":1,
            "1km이내대형먀트수":0,
            "500m이내은행수":7,
            "500m이내병원수":0,
            "5km이내대형병원수":12,
            "500m이내공원수":1,
            "3km이내혐오시설수":0,
            "초등학교학업성취도":89.99,
            "중학교학업성취도":82.5,
            "용적률":644,
            "건폐율":59,
            "Y":37.591842,
            "X":127.014023,
            "rank":32.0,
            "area_info":"7평(24.11), 7평(24.64), 8평(27.85), 8평(27.18)",
            "last_sales":"2021-12-16,21500.0,7평(24.11)",
            "rank_history":[
                [
                    "202203",
                    32
                ],
                [
                    "202202",
                    9999
                ]
            ],
            "rank_gap":9999
        },
        {
            "index":237,
            "아파트명":"아우룸타워(도시형)",
            "투자타입":"일반",
            "전용면적(m2)":"23.59",
            "전용면적(평)":"7평",
            "법정동주소":"서울시 성북구 동소문동5가 30",
            "도로명주소":"서울시 성북구 동소문로 84",
            "세대수":0,
            "입주년차":80,
            "용적률점수":"--",
            "건폐율점수":"--",
            "세대당주차수":0,
            "난방방식":30,
            "공급면적":"--",
            "전용률":"--",
            "욕실수":50,
            "현관타입":100,
            "주거총점":34.0,
            "지역구공급총점":100.0,
            "역세권":80,
            "30분내 이동가능 거점":60,
            "1시간내 이동가능 거점":100,
            "교통총점":78.0,
            "백화점":100,
            "아울렛몰":80,
            "대형마트":0,
            "은행":100,
            "병원":0,
            "종합병원":100,
            "공원":80,
            "혐오시설":0,
            "인프라총점":70.4,
            "초등학군":89.99,
            "중학군":51.3,
            "학군총점":59.038,
            "인구수":47.53,
            "인구증감":-5.22,
            "인구총점":31.705,
            "일자리":16.22,
            "소득수준":57.56,
            "일자리총점":28.622,
            "가치 총점":64.0757,
            "매매실거래년":"18000101",
            "매매실거래가":null,
            "전세실거래년":null,
            "전세실거래가":null,
            "전세가율":null,
            "장기전세가율평균":70.52,
            "전세가율거품지수":null,
            "검색코드":121789,
            "세대수":57.0,
            "준공년월":"2017-12-28",
            "준공년차":6.0,
            "가까운역이름":"성신여대입구",
            "가까운역거리":246.34,
            "역세권여부":"역세권",
            "30분이내주요거점역":3,
            "30분거점역이름":"['을지로3가', '왕십리', '명동']",
            "1시간이내주요거점역":15,
            "1시간거점역이름":"['강남', '역삼', '잠실', '판교', '여의도', '을지로3가', '양재', '평촌', '가산디지털단지', '왕십리', '홍대입구', '수원', '구로디지털단지', '명동', 'GTX성남(2023년)']",
            "3km이내백화점수":2,
            "5km이내아울렛몰수":1,
            "1km이내대형먀트수":0,
            "500m이내은행수":7,
            "500m이내병원수":0,
            "5km이내대형병원수":11,
            "500m이내공원수":1,
            "3km이내혐오시설수":0,
            "초등학교학업성취도":89.99,
            "중학교학업성취도":82.5,
            "용적률":644,
            "건폐율":55,
            "Y":37.592083,
            "X":127.014563,
            "rank":32.0,
            "area_info":"7평(23.59), 8평(26.93)",
            "last_sales":"1800-01-01,nan,7평(23.59)",
            "rank_history":[
                [
                    "202203",
                    32
                ],
                [
                    "202202",
                    9999
                ]
            ],
            "rank_gap":9999
        },
        {
            "index":70,
            "아파트명":"돈암삼부(삼부컨비니언)",
            "투자타입":"일반",
            "전용면적(m2)":"80.24",
            "전용면적(평)":"24평",
            "법정동주소":"서울시 성북구 길음동 1276",
            "도로명주소":"서울시 성북구 동소문로 248",
            "세대수":50,
            "입주년차":0,
            "용적률점수":"--",
            "건폐율점수":"--",
            "세대당주차수":0,
            "난방방식":30,
            "공급면적":"--",
            "전용률":"--",
            "욕실수":50,
            "현관타입":10,
            "주거총점":26.5,
            "지역구공급총점":100.0,
            "역세권":80,
            "30분내 이동가능 거점":60,
            "1시간내 이동가능 거점":100,
            "교통총점":78.0,
            "백화점":100,
            "아울렛몰":80,
            "대형마트":80,
            "은행":20,
            "병원":0,
            "종합병원":100,
            "공원":100,
            "혐오시설":0,
            "인프라총점":75.0,
            "초등학군":89.98,
            "중학군":51.94,
            "학군총점":59.548,
            "인구수":47.53,
            "인구증감":-5.22,
            "인구총점":31.705,
            "일자리":16.22,
            "소득수준":57.56,
            "일자리총점":28.622,
            "가치 총점":64.0322,
            "매매실거래년":20211021.0,
            "매매실거래가":71700.0,
            "전세실거래년":20220219.0,
            "전세실거래가":27000.0,
            "전세가율":37.66,
            "장기전세가율평균":70.52,
            "전세가율거품지수":32.86,
            "검색코드":576,
            "세대수":684.0,
            "준공년월":"1998-02-02",
            "준공년차":25.0,
            "가까운역이름":"길음",
            "가까운역거리":141.19,
            "역세권여부":"역세권",
            "30분이내주요거점역":3,
            "30분거점역이름":"['을지로3가', '왕십리', '명동']",
            "1시간이내주요거점역":16,
            "1시간거점역이름":"['강남', '역삼', '잠실', '판교', '여의도', '을지로3가', '양재', '평촌', '가산디지털단지', '왕십리', '홍대입구', '수원', '구로디지털단지', '명동', '마곡', 'GTX성남(2023년)']",
            "3km이내백화점수":2,
            "5km이내아울렛몰수":1,
            "1km이내대형먀트수":1,
            "500m이내은행수":2,
            "500m이내병원수":0,
            "5km이내대형병원수":9,
            "500m이내공원수":4,
            "3km이내혐오시설수":0,
            "초등학교학업성취도":89.98,
            "중학교학업성취도":83.3,
            "용적률":350,
            "건폐율":29,
            "Y":37.602727,
            "X":127.023697,
            "rank":33.0,
            "area_info":"24평(80.24), 29평(98.31), 29평(98.75), 29평(99.14), 38평(127.5)",
            "last_sales":"2021-10-21,71700.0,24평(80.24)",
            "rank_history":[
                [
                    "202203",
                    33
                ],
                [
                    "202202",
                    29
                ],
                [
                    "202201",
                    30
                ]
            ],
            "rank_gap":-4
        },
        {
            "index":594,
            "아파트명":"정릉힐스테이트",
            "투자타입":"일반",
            "전용면적(m2)":"86.94",
            "전용면적(평)":"26평",
            "법정동주소":"서울시 성북구 정릉동 1025",
            "도로명주소":"서울시 성북구 정릉로 292",
            "세대수":30,
            "입주년차":40,
            "용적률점수":"--",
            "건폐율점수":"--",
            "세대당주차수":30,
            "난방방식":30,
            "공급면적":"--",
            "전용률":"--",
            "욕실수":100,
            "현관타입":100,
            "주거총점":46.0,
            "지역구공급총점":100.0,
            "역세권":80,
            "30분내 이동가능 거점":60,
            "1시간내 이동가능 거점":100,
            "교통총점":78.0,
            "백화점":100,
            "아울렛몰":80,
            "대형마트":0,
            "은행":0,
            "병원":0,
            "종합병원":100,
            "공원":100,
            "혐오시설":0,
            "인프라총점":61.0,
            "초등학군":89.99,
            "중학군":51.94,
            "학군총점":59.55,
            "인구수":47.53,
            "인구증감":-5.22,
            "인구총점":31.705,
            "일자리":16.22,
            "소득수준":57.56,
            "일자리총점":28.622,
            "가치 총점":63.7325,
            "매매실거래년":20210723.0,
            "매매실거래가":95000.0,
            "전세실거래년":20211122.0,
            "전세실거래가":50000.0,
            "전세가율":73.53,
            "장기전세가율평균":70.52,
            "전세가율거품지수":-3.01,
            "검색코드":11213,
            "세대수":355.0,
            "준공년월":"2004-12-23",
            "준공년차":19.0,
            "가까운역이름":"정릉",
            "가까운역거리":182.62,
            "역세권여부":"역세권",
            "30분이내주요거점역":3,
            "30분거점역이름":"['을지로3가', '왕십리', '명동']",
            "1시간이내주요거점역":12,
            "1시간거점역이름":"['강남', '역삼', '잠실', '여의도', '을지로3가', '양재', '가산디지털단지', '왕십리', '홍대입구', '구로디지털단지', '명동', 'GTX성남(2023년)']",
            "3km이내백화점수":2,
            "5km이내아울렛몰수":1,
            "1km이내대형먀트수":0,
            "500m이내은행수":1,
            "500m이내병원수":0,
            "5km이내대형병원수":10,
            "500m이내공원수":2,
            "3km이내혐오시설수":0,
            "초등학교학업성취도":89.99,
            "중학교학업성취도":83.3,
            "용적률":299,
            "건폐율":19,
            "Y":37.602876,
            "X":127.015586,
            "rank":34.0,
            "area_info":"26평(86.94), 34평(112.66)",
            "last_sales":"2021-07-23,95000.0,34평(112.66)",
            "rank_history":[
                [
                    "202203",
                    34
                ],
                [
                    "202202",
                    53
                ],
                [
                    "202201",
                    56
                ]
            ],
            "rank_gap":19
        },
        {
            "index":257,
            "아파트명":"동선브라운스톤",
            "투자타입":"일반",
            "전용면적(m2)":"82.89",
            "전용면적(평)":"25평",
            "법정동주소":"서울시 성북구 동소문동7가 120",
            "도로명주소":"서울시 성북구 아리랑로5길 25",
            "세대수":0,
            "입주년차":60,
            "용적률점수":"--",
            "건폐율점수":"--",
            "세대당주차수":30,
            "난방방식":30,
            "공급면적":"--",
            "전용률":"--",
            "욕실수":100,
            "현관타입":100,
            "주거총점":39.5,
            "지역구공급총점":100.0,
            "역세권":80,
            "30분내 이동가능 거점":60,
            "1시간내 이동가능 거점":100,
            "교통총점":78.0,
            "백화점":100,
            "아울렛몰":80,
            "대형마트":0,
            "은행":70,
            "병원":0,
            "종합병원":100,
            "공원":0,
            "혐오시설":0,
            "인프라총점":65.0,
            "초등학군":89.98,
            "중학군":51.94,
            "학군총점":59.548,
            "인구수":47.53,
            "인구증감":-5.22,
            "인구총점":31.705,
            "일자리":16.22,
            "소득수준":57.56,
            "일자리총점":28.622,
            "가치 총점":63.6322,
            "매매실거래년":20200623.0,
            "매매실거래가":97000.0,
            "전세실거래년":null,
            "전세실거래가":null,
            "전세가율":null,
            "장기전세가율평균":70.52,
            "전세가율거품지수":null,
            "검색코드":26867,
            "세대수":194.0,
            "준공년월":"2010-11-26",
            "준공년차":13.0,
            "가까운역이름":"성신여대입구",
            "가까운역거리":495.5,
            "역세권여부":"역세권",
            "30분이내주요거점역":3,
            "30분거점역이름":"['을지로3가', '왕십리', '명동']",
            "1시간이내주요거점역":10,
            "1시간거점역이름":"['강남', '잠실', '여의도', '을지로3가', '양재', '가산디지털단지', '왕십리', '홍대입구', '구로디지털단지', '명동']",
            "3km이내백화점수":2,
            "5km이내아울렛몰수":1,
            "1km이내대형먀트수":0,
            "500m이내은행수":3,
            "500m이내병원수":0,
            "5km이내대형병원수":10,
            "500m이내공원수":0,
            "3km이내혐오시설수":0,
            "초등학교학업성취도":89.98,
            "중학교학업성취도":83.3,
            "용적률":234,
            "건폐율":26,
            "Y":37.596453,
            "X":127.013621,
            "rank":35.0,
            "area_info":"25평(82.89), 25평(83.29), 26평(89.18), 34평(112.86), 35평(116.94), 44평(146.6), 44평(147.22)",
            "last_sales":"2020-06-23,97000.0,44평(147.22)",
            "rank_history":[
                [
                    "202203",
                    35
                ],
                [
                    "202202",
                    31
                ],
                [
                    "202201",
                    31
                ]
            ],
            "rank_gap":-4
        },
        {
            "index":322,
            "아파트명":"삼선SK뷰",
            "투자타입":"일반",
            "전용면적(m2)":"81.51",
            "전용면적(평)":"24평",
            "법정동주소":"서울시 성북구 삼선동3가 116",
            "도로명주소":"서울시 성북구 삼선교로16길 35",
            "세대수":50,
            "입주년차":60,
            "용적률점수":"--",
            "건폐율점수":"--",
            "세대당주차수":60,
            "난방방식":30,
            "공급면적":"--",
            "전용률":"--",
            "욕실수":100,
            "현관타입":100,
            "주거총점":61.5,
            "지역구공급총점":100.0,
            "역세권":50,
            "30분내 이동가능 거점":60,
            "1시간내 이동가능 거점":100,
            "교통총점":63.0,
            "백화점":100,
            "아울렛몰":80,
            "대형마트":0,
            "은행":70,
            "병원":0,
            "종합병원":100,
            "공원":100,
            "혐오시설":0,
            "인프라총점":68.0,
            "초등학군":90.0,
            "중학군":51.3,
            "학군총점":59.04,
            "인구수":47.53,
            "인구증감":-5.22,
            "인구총점":31.705,
            "일자리":16.22,
            "소득수준":57.56,
            "일자리총점":28.622,
            "가치 총점":63.606,
            "매매실거래년":20210911.0,
            "매매실거래가":128000.0,
            "전세실거래년":20210501.0,
            "전세실거래가":48300.0,
            "전세가율":48.3,
            "장기전세가율평균":70.52,
            "전세가율거품지수":22.22,
            "검색코드":103375,
            "세대수":430.0,
            "준공년월":"2012-04-30",
            "준공년차":11.0,
            "가까운역이름":"한성대입구",
            "가까운역거리":510.19,
            "역세권여부":"준역세권",
            "30분이내주요거점역":3,
            "30분거점역이름":"['을지로3가', '왕십리', '명동']",
            "1시간이내주요거점역":13,
            "1시간거점역이름":"['강남', '역삼', '잠실', '여의도', '을지로3가', '양재', '평촌', '가산디지털단지', '왕십리', '홍대입구', '구로디지털단지', '명동', 'GTX성남(2023년)']",
            "3km이내백화점수":1,
            "5km이내아울렛몰수":1,
            "1km이내대형먀트수":0,
            "500m이내은행수":4,
            "500m이내병원수":0,
            "5km이내대형병원수":12,
            "500m이내공원수":4,
            "3km이내혐오시설수":0,
            "초등학교학업성취도":90.0,
            "중학교학업성취도":82.5,
            "용적률":218,
            "건폐율":20,
            "Y":37.587035,
            "X":127.011536,
            "rank":36.0,
            "area_info":"24평(81.51), 24평(81.96), 24평(81.65), 32평(107.53), 32평(107.83), 32평(107.43), 42평(142.01), 45평(149.32), 46평(152.99), 67평(221.72), 72평(240.48)",
            "last_sales":"2021-09-11,128000.0,32평(107.83)",
            "rank_history":[
                [
                    "202203",
                    36
                ],
                [
                    "202202",
                    11
                ],
                [
                    "202201",
                    13
                ]
            ],
            "rank_gap":-25
        },
        {
            "index":713,
            "아파트명":"베로니스",
            "투자타입":"일반",
            "전용면적(m2)":"84.15",
            "전용면적(평)":"25평",
            "법정동주소":"서울시 성북구 하월곡동 90-700",
            "도로명주소":"서울시 성북구 화랑로1길 7",
            "세대수":0,
            "입주년차":100,
            "용적률점수":"--",
            "건폐율점수":"--",
            "세대당주차수":0,
            "난방방식":30,
            "공급면적":"--",
            "전용률":"--",
            "욕실수":100,
            "현관타입":100,
            "주거총점":43.0,
            "지역구공급총점":100.0,
            "역세권":50,
            "30분내 이동가능 거점":60,
            "1시간내 이동가능 거점":100,
            "교통총점":63.0,
            "백화점":100,
            "아울렛몰":80,
            "대형마트":100,
            "은행":70,
            "병원":0,
            "종합병원":100,
            "공원":100,
            "혐오시설":0,
            "인프라총점":83.0,
            "초등학군":89.98,
            "중학군":41.44,
            "학군총점":51.148,
            "인구수":47.53,
            "인구증감":-5.22,
            "인구총점":31.705,
            "일자리":16.22,
            "소득수준":57.56,
            "일자리총점":28.622,
            "가치 총점":63.2222,
            "매매실거래년":20210521.0,
            "매매실거래가":56800.0,
            "전세실거래년":20210717.0,
            "전세실거래가":45000.0,
            "전세가율":80.36,
            "장기전세가율평균":70.52,
            "전세가율거품지수":-9.84,
            "검색코드":141184,
            "세대수":91.0,
            "준공년월":"2020-10-08",
            "준공년차":3.0,
            "가까운역이름":"길음",
            "가까운역거리":731.68,
            "역세권여부":"준역세권",
            "30분이내주요거점역":3,
            "30분거점역이름":"['을지로3가', '왕십리', '명동']",
            "1시간이내주요거점역":10,
            "1시간거점역이름":"['강남', '역삼', '잠실', '여의도', '을지로3가', '양재', '왕십리', '홍대입구', '구로디지털단지', '명동']",
            "3km이내백화점수":3,
            "5km이내아울렛몰수":1,
            "1km이내대형먀트수":4,
            "500m이내은행수":4,
            "500m이내병원수":0,
            "5km이내대형병원수":11,
            "500m이내공원수":3,
            "3km이내혐오시설수":0,
            "초등학교학업성취도":89.98,
            "중학교학업성취도":67.8,
            "용적률":389,
            "건폐율":58,
            "Y":37.603488,
            "X":127.033365,
            "rank":37.0,
            "area_info":"25평(84.15), 25평(85.52), 25평(85.56), 26평(86.04), 26평(88.05), 26평(89.11), 28평(92.65)",
            "last_sales":"2021-05-21,56800.0,28평(92.65)",
            "rank_history":[
                [
                    "202203",
                    37
                ],
                [
                    "202202",
                    9999
                ]
            ],
            "rank_gap":9999
        },
        {
            "index":676,
            "아파트명":"종암아이파크2차",
            "투자타입":"일반",
            "전용면적(m2)":"77.53",
            "전용면적(평)":"23평",
            "법정동주소":"서울시 성북구 종암동 131",
            "도로명주소":"서울시 성북구 종암로9길 71",
            "세대수":80,
            "입주년차":40,
            "용적률점수":"--",
            "건폐율점수":"--",
            "세대당주차수":30,
            "난방방식":30,
            "공급면적":"--",
            "전용률":"--",
            "욕실수":100,
            "현관타입":100,
            "주거총점":63.5,
            "지역구공급총점":100.0,
            "역세권":50,
            "30분내 이동가능 거점":40,
            "1시간내 이동가능 거점":90,
            "교통총점":55.0,
            "백화점":100,
            "아울렛몰":80,
            "대형마트":100,
            "은행":0,
            "병원":0,
            "종합병원":100,
            "공원":80,
            "혐오시설":0,
            "인프라총점":75.4,
            "초등학군":89.99,
            "중학군":47.72,
            "학군총점":56.174,
            "인구수":47.53,
            "인구증감":-5.22,
            "인구총점":31.705,
            "일자리":16.22,
            "소득수준":57.56,
            "일자리총점":28.622,
            "가치 총점":62.9961,
            "매매실거래년":20211215.0,
            "매매실거래가":102000.0,
            "전세실거래년":20220221.0,
            "전세실거래가":46000.0,
            "전세가율":59.74,
            "장기전세가율평균":70.52,
            "전세가율거품지수":10.78,
            "검색코드":11635,
            "세대수":782.0,
            "준공년월":"2005-09-30",
            "준공년차":18.0,
            "가까운역이름":"고려대",
            "가까운역거리":839.48,
            "역세권여부":"준역세권",
            "30분이내주요거점역":2,
            "30분거점역이름":"['을지로3가', '왕십리']",
            "1시간이내주요거점역":9,
            "1시간거점역이름":"['강남', '역삼', '잠실', '여의도', '을지로3가', '양재', '왕십리', '홍대입구', '명동']",
            "3km이내백화점수":3,
            "5km이내아울렛몰수":1,
            "1km이내대형먀트수":2,
            "500m이내은행수":1,
            "500m이내병원수":0,
            "5km이내대형병원수":9,
            "500m이내공원수":1,
            "3km이내혐오시설수":0,
            "초등학교학업성취도":89.99,
            "중학교학업성취도":77.4,
            "용적률":227,
            "건폐율":17,
            "Y":37.596999,
            "X":127.031586,
            "rank":38.0,
            "area_info":"23평(77.53), 23평(78.54), 31평(105.2), 41평(137.35)",
            "last_sales":"2021-12-15,102000.0,31평(105.2)",
            "rank_history":[
                [
                    "202203",
                    38
                ],
                [
                    "202202",
                    41
                ],
                [
                    "202201",
                    45
                ]
            ],
            "rank_gap":3
        },
        {
            "index":170,
            "아파트명":"일신건영휴먼빌",
            "투자타입":"일반",
            "전용면적(m2)":"77.93",
            "전용면적(평)":"23평",
            "법정동주소":"서울시 성북구 돈암동 524",
            "도로명주소":"서울시 성북구 아리랑로 89",
            "세대수":50,
            "입주년차":40,
            "용적률점수":"--",
            "건폐율점수":"--",
            "세대당주차수":60,
            "난방방식":30,
            "공급면적":"--",
            "전용률":"--",
            "욕실수":50,
            "현관타입":100,
            "주거총점":52.5,
            "지역구공급총점":100.0,
            "역세권":80,
            "30분내 이동가능 거점":40,
            "1시간내 이동가능 거점":100,
            "교통총점":72.0,
            "백화점":100,
            "아울렛몰":80,
            "대형마트":0,
            "은행":0,
            "병원":0,
            "종합병원":100,
            "공원":100,
            "혐오시설":0,
            "인프라총점":61.0,
            "초등학군":89.99,
            "중학군":51.94,
            "학군총점":59.55,
            "인구수":47.53,
            "인구증감":-5.22,
            "인구총점":31.705,
            "일자리":16.22,
            "소득수준":57.56,
            "일자리총점":28.622,
            "가치 총점":62.9325,
            "매매실거래년":20210903.0,
            "매매실거래가":120000.0,
            "전세실거래년":20211130.0,
            "전세실거래가":50000.0,
            "전세가율":88.81,
            "장기전세가율평균":70.52,
            "전세가율거품지수":-18.29,
            "검색코드":8561,
            "세대수":689.0,
            "준공년월":"2005-06-01",
            "준공년차":18.0,
            "가까운역이름":"정릉",
            "가까운역거리":159.7,
            "역세권여부":"역세권",
            "30분이내주요거점역":2,
            "30분거점역이름":"['을지로3가', '명동']",
            "1시간이내주요거점역":11,
            "1시간거점역이름":"['강남', '역삼', '잠실', '여의도', '을지로3가', '양재', '가산디지털단지', '왕십리', '홍대입구', '구로디지털단지', '명동']",
            "3km이내백화점수":2,
            "5km이내아울렛몰수":1,
            "1km이내대형먀트수":0,
            "500m이내은행수":1,
            "500m이내병원수":0,
            "5km이내대형병원수":9,
            "500m이내공원수":2,
            "3km이내혐오시설수":0,
            "초등학교학업성취도":89.99,
            "중학교학업성취도":83.3,
            "용적률":286,
            "건폐율":22,
            "Y":37.601312,
            "X":127.012776,
            "rank":39.0,
            "area_info":"23평(77.93), 32평(107.97), 33평(111.27), 42평(141.15), 51평(170.96)",
            "last_sales":"2021-09-03,120000.0,51평(170.96)",
            "rank_history":[
                [
                    "202203",
                    39
                ],
                [
                    "202202",
                    33
                ],
                [
                    "202201",
                    40
                ]
            ],
            "rank_gap":-6
        },
        {
            "index":483,
            "아파트명":"길음뉴타운경남아너스빌",
            "투자타입":"일반",
            "전용면적(m2)":"65.69",
            "전용면적(평)":"19평",
            "법정동주소":"서울시 성북구 정릉동 1015",
            "도로명주소":"서울시 성북구 정릉로 305",
            "세대수":80,
            "입주년차":20,
            "용적률점수":"--",
            "건폐율점수":"--",
            "세대당주차수":0,
            "난방방식":30,
            "공급면적":"--",
            "전용률":"--",
            "욕실수":50,
            "현관타입":10,
            "주거총점":41.0,
            "지역구공급총점":100.0,
            "역세권":80,
            "30분내 이동가능 거점":40,
            "1시간내 이동가능 거점":100,
            "교통총점":72.0,
            "백화점":100,
            "아울렛몰":80,
            "대형마트":0,
            "은행":70,
            "병원":0,
            "종합병원":100,
            "공원":100,
            "혐오시설":0,
            "인프라총점":68.0,
            "초등학군":89.99,
            "중학군":51.94,
            "학군총점":59.55,
            "인구수":47.53,
            "인구증감":-5.22,
            "인구총점":31.705,
            "일자리":16.22,
            "소득수준":57.56,
            "일자리총점":28.622,
            "가치 총점":62.7325,
            "매매실거래년":20211216.0,
            "매매실거래가":59000.0,
            "전세실거래년":20211127.0,
            "전세실거래가":22050.0,
            "전세가율":37.37,
            "장기전세가율평균":70.52,
            "전세가율거품지수":33.15,
            "검색코드":586,
            "세대수":866.0,
            "준공년월":"1999-06-19",
            "준공년차":24.0,
            "가까운역이름":"정릉",
            "가까운역거리":351.5,
            "역세권여부":"역세권",
            "30분이내주요거점역":2,
            "30분거점역이름":"['왕십리', '명동']",
            "1시간이내주요거점역":11,
            "1시간거점역이름":"['강남', '역삼', '잠실', '여의도', '을지로3가', '양재', '가산디지털단지', '왕십리', '홍대입구', '구로디지털단지', '명동']",
            "3km이내백화점수":2,
            "5km이내아울렛몰수":1,
            "1km이내대형먀트수":0,
            "500m이내은행수":4,
            "500m이내병원수":0,
            "5km이내대형병원수":9,
            "500m이내공원수":7,
            "3km이내혐오시설수":0,
            "초등학교학업성취도":89.99,
            "중학교학업성취도":83.3,
            "용적률":327,
            "건폐율":22,
            "Y":37.604024,
            "X":127.017111,
            "rank":40.0,
            "area_info":"19평(65.69), 21평(72.41), 24평(81.0), 32평(108.76), 32평(108.75), 32평(108.76), 32평(108.75), 42평(141.5)",
            "last_sales":"2021-12-16,59000.0,19평(65.69)",
            "rank_history":[
                [
                    "202203",
                    40
                ],
                [
                    "202202",
                    45
                ],
                [
                    "202201",
                    48
                ]
            ],
            "rank_gap":5
        },
        {
            "index":333,
            "아파트명":"코오롱",
            "투자타입":"일반",
            "전용면적(m2)":"87.71",
            "전용면적(평)":"26평",
            "법정동주소":"서울시 성북구 삼선동4가 73",
            "도로명주소":"서울시 성북구 삼선교로23길 23",
            "세대수":50,
            "입주년차":20,
            "용적률점수":"--",
            "건폐율점수":"--",
            "세대당주차수":0,
            "난방방식":30,
            "공급면적":"--",
            "전용률":"--",
            "욕실수":50,
            "현관타입":10,
            "주거총점":30.5,
            "지역구공급총점":100.0,
            "역세권":80,
            "30분내 이동가능 거점":60,
            "1시간내 이동가능 거점":100,
            "교통총점":78.0,
            "백화점":100,
            "아울렛몰":80,
            "대형마트":0,
            "은행":70,
            "병원":0,
            "종합병원":100,
            "공원":100,
            "혐오시설":0,
            "인프라총점":68.0,
            "초등학군":89.99,
            "중학군":51.3,
            "학군총점":59.038,
            "인구수":47.53,
            "인구증감":-5.22,
            "인구총점":31.705,
            "일자리":16.22,
            "소득수준":57.56,
            "일자리총점":28.622,
            "가치 총점":62.6557,
            "매매실거래년":20211228.0,
            "매매실거래가":65000.0,
            "전세실거래년":20220121.0,
            "전세실거래가":52000.0,
            "전세가율":80.0,
            "장기전세가율평균":70.52,
            "전세가율거품지수":-9.48,
            "검색코드":1181,
            "세대수":437.0,
            "준공년월":"1999-11-02",
            "준공년차":24.0,
            "가까운역이름":"성신여대입구",
            "가까운역거리":474.95,
            "역세권여부":"역세권",
            "30분이내주요거점역":3,
            "30분거점역이름":"['을지로3가', '왕십리', '명동']",
            "1시간이내주요거점역":14,
            "1시간거점역이름":"['강남', '역삼', '잠실', '판교', '여의도', '을지로3가', '양재', '평촌', '가산디지털단지', '왕십리', '홍대입구', '구로디지털단지', '명동', 'GTX성남(2023년)']",
            "3km이내백화점수":1,
            "5km이내아울렛몰수":1,
            "1km이내대형먀트수":0,
            "500m이내은행수":4,
            "500m이내병원수":0,
            "5km이내대형병원수":11,
            "500m이내공원수":3,
            "3km이내혐오시설수":0,
            "초등학교학업성취도":89.99,
            "중학교학업성취도":82.5,
            "용적률":318,
            "건폐율":26,
            "Y":37.590553,
            "X":127.01268,
            "rank":41.0,
            "area_info":"26평(87.71), 31평(104.97), 42평(142.04)",
            "last_sales":"2021-12-28,65000.0,26평(87.71)",
            "rank_history":[
                [
                    "202203",
                    41
                ],
                [
                    "202202",
                    34
                ],
                [
                    "202201",
                    32
                ]
            ],
            "rank_gap":-7
        },
        {
            "index":246,
            "아파트명":"하이얀(도시형)",
            "투자타입":"일반",
            "전용면적(m2)":"23.88",
            "전용면적(평)":"7평",
            "법정동주소":"서울시 성북구 동소문동6가 138-1",
            "도로명주소":"서울시 성북구 동소문로17길 18",
            "세대수":0,
            "입주년차":60,
            "용적률점수":"--",
            "건폐율점수":"--",
            "세대당주차수":0,
            "난방방식":30,
            "공급면적":"--",
            "전용률":"--",
            "욕실수":50,
            "현관타입":100,
            "주거총점":30.0,
            "지역구공급총점":100.0,
            "역세권":80,
            "30분내 이동가능 거점":60,
            "1시간내 이동가능 거점":100,
            "교통총점":78.0,
            "백화점":100,
            "아울렛몰":80,
            "대형마트":0,
            "은행":100,
            "병원":0,
            "종합병원":100,
            "공원":0,
            "혐오시설":0,
            "인프라총점":68.0,
            "초등학군":89.99,
            "중학군":51.94,
            "학군총점":59.55,
            "인구수":47.53,
            "인구증감":-5.22,
            "인구총점":31.705,
            "일자리":16.22,
            "소득수준":57.56,
            "일자리총점":28.622,
            "가치 총점":62.6325,
            "매매실거래년":"18000101",
            "매매실거래가":null,
            "전세실거래년":null,
            "전세실거래가":null,
            "전세가율":null,
            "장기전세가율평균":70.52,
            "전세가율거품지수":null,
            "검색코드":110355,
            "세대수":79.0,
            "준공년월":"2013-03-05",
            "준공년차":10.0,
            "가까운역이름":"성신여대입구",
            "가까운역거리":173.87,
            "역세권여부":"역세권",
            "30분이내주요거점역":3,
            "30분거점역이름":"['을지로3가', '왕십리', '명동']",
            "1시간이내주요거점역":15,
            "1시간거점역이름":"['강남', '역삼', '잠실', '판교', '여의도', '을지로3가', '양재', '평촌', '가산디지털단지', '왕십리', '홍대입구', '수원', '구로디지털단지', '명동', '마곡']",
            "3km이내백화점수":2,
            "5km이내아울렛몰수":1,
            "1km이내대형먀트수":0,
            "500m이내은행수":7,
            "500m이내병원수":0,
            "5km이내대형병원수":10,
            "500m이내공원수":0,
            "3km이내혐오시설수":0,
            "초등학교학업성취도":89.99,
            "중학교학업성취도":83.3,
            "용적률":465,
            "건폐율":59,
            "Y":37.593232,
            "X":127.015181,
            "rank":42.0,
            "area_info":"7평(23.88), 7평(24.64), 7평(24.05), 7평(24.19), 7평(25.73), 7평(25.6), 7평(26.27), 9평(29.85), 9평(32.86), 9평(32.09), 9평(32.71)",
            "last_sales":"1800-01-01,nan,7평(23.88)",
            "rank_history":[
                [
                    "202203",
                    42
                ],
                [
                    "202202",
                    9999
                ]
            ],
            "rank_gap":9999
        },
        {
            "index":36,
            "아파트명":"길음뉴타운8단지래미안",
            "투자타입":"일반",
            "전용면적(m2)":"80.74",
            "전용면적(평)":"24평",
            "법정동주소":"서울시 성북구 길음동 1284",
            "도로명주소":"서울시 성북구 길음로 33",
            "세대수":90,
            "입주년차":60,
            "용적률점수":"--",
            "건폐율점수":"--",
            "세대당주차수":30,
            "난방방식":30,
            "공급면적":"--",
            "전용률":"--",
            "욕실수":100,
            "현관타입":100,
            "주거총점":71.0,
            "지역구공급총점":100.0,
            "역세권":50,
            "30분내 이동가능 거점":20,
            "1시간내 이동가능 거점":80,
            "교통총점":47.0,
            "백화점":100,
            "아울렛몰":80,
            "대형마트":80,
            "은행":20,
            "병원":0,
            "종합병원":100,
            "공원":100,
            "혐오시설":0,
            "인프라총점":75.0,
            "초등학군":90.0,
            "중학군":56.32,
            "학군총점":63.056,
            "인구수":47.53,
            "인구증감":-5.22,
            "인구총점":31.705,
            "일자리":16.22,
            "소득수준":57.56,
            "일자리총점":28.622,
            "가치 총점":62.6084,
            "매매실거래년":20211218.0,
            "매매실거래가":142000.0,
            "전세실거래년":20220104.0,
            "전세실거래가":47250.0,
            "전세가율":50.27,
            "장기전세가율평균":70.52,
            "전세가율거품지수":20.25,
            "검색코드":26159,
            "세대수":1497.0,
            "준공년월":"2010-06-30",
            "준공년차":13.0,
            "가까운역이름":"길음",
            "가까운역거리":648.76,
            "역세권여부":"준역세권",
            "30분이내주요거점역":1,
            "30분거점역이름":"['명동']",
            "1시간이내주요거점역":8,
            "1시간거점역이름":"['강남', '잠실', '여의도', '을지로3가', '양재', '왕십리', '홍대입구', '명동']",
            "3km이내백화점수":2,
            "5km이내아울렛몰수":1,
            "1km이내대형먀트수":1,
            "500m이내은행수":2,
            "500m이내병원수":0,
            "5km이내대형병원수":9,
            "500m이내공원수":10,
            "3km이내혐오시설수":0,
            "초등학교학업성취도":90.0,
            "중학교학업성취도":88.0,
            "용적률":223,
            "건폐율":19,
            "Y":37.607206,
            "X":127.019484,
            "rank":43.0,
            "area_info":"24평(80.74), 24평(81.11), 25평(84.58), 25평(85.54), 25평(85.55), 33평(111.43), 33평(112.17), 33평(112.33), 43평(144.8), 43평(145.42), 43평(145.43), 44평(145.96)",
            "last_sales":"2021-12-18,142000.0,43평(145.43)",
            "rank_history":[
                [
                    "202203",
                    43
                ],
                [
                    "202202",
                    42
                ],
                [
                    "202201",
                    46
                ]
            ],
            "rank_gap":-1
        },
        {
            "index":117,
            "아파트명":"돈암브라운스톤",
            "투자타입":"일반",
            "전용면적(m2)":"82.87",
            "전용면적(평)":"25평",
            "법정동주소":"서울시 성북구 돈암동 636",
            "도로명주소":"서울시 성북구 북악산로 844",
            "세대수":90,
            "입주년차":40,
            "용적률점수":"--",
            "건폐율점수":"--",
            "세대당주차수":30,
            "난방방식":30,
            "공급면적":"--",
            "전용률":"--",
            "욕실수":100,
            "현관타입":100,
            "주거총점":67.0,
            "지역구공급총점":100.0,
            "역세권":50,
            "30분내 이동가능 거점":60,
            "1시간내 이동가능 거점":100,
            "교통총점":63.0,
            "백화점":100,
            "아울렛몰":80,
            "대형마트":0,
            "은행":0,
            "병원":0,
            "종합병원":100,
            "공원":80,
            "혐오시설":0,
            "인프라총점":60.4,
            "초등학군":90.0,
            "중학군":51.94,
            "학군총점":59.552,
            "인구수":47.53,
            "인구증감":-5.22,
            "인구총점":31.705,
            "일자리":16.22,
            "소득수준":57.56,
            "일자리총점":28.622,
            "가치 총점":62.5028,
            "매매실거래년":20211206.0,
            "매매실거래가":87800.0,
            "전세실거래년":20220219.0,
            "전세실거래가":39900.0,
            "전세가율":45.44,
            "장기전세가율평균":70.52,
            "전세가율거품지수":25.08,
            "검색코드":9348,
            "세대수":1074.0,
            "준공년월":"2004-12-18",
            "준공년차":19.0,
            "가까운역이름":"성신여대입구",
            "가까운역거리":560.14,
            "역세권여부":"준역세권",
            "30분이내주요거점역":3,
            "30분거점역이름":"['을지로3가', '왕십리', '명동']",
            "1시간이내주요거점역":12,
            "1시간거점역이름":"['강남', '역삼', '잠실', '여의도', '을지로3가', '양재', '가산디지털단지', '왕십리', '홍대입구', '구로디지털단지', '명동', 'GTX성남(2023년)']",
            "3km이내백화점수":2,
            "5km이내아울렛몰수":1,
            "1km이내대형먀트수":0,
            "500m이내은행수":1,
            "500m이내병원수":0,
            "5km이내대형병원수":10,
            "500m이내공원수":1,
            "3km이내혐오시설수":0,
            "초등학교학업성취도":90.0,
            "중학교학업성취도":83.3,
            "용적률":238,
            "건폐율":19,
            "Y":37.597991,
            "X":127.01761,
            "rank":44.0,
            "area_info":"25평(82.87), 27평(90.89), 33평(109.81), 43평(145.24)",
            "last_sales":"2021-12-06,87800.0,25평(82.87)",
            "rank_history":[
                [
                    "202203",
                    44
                ],
                [
                    "202202",
                    36
                ],
                [
                    "202201",
                    39
                ]
            ],
            "rank_gap":-8
        },
        {
            "index":700,
            "아파트명":"동신",
            "투자타입":"일반",
            "전용면적(m2)":"84.82",
            "전용면적(평)":"25평",
            "법정동주소":"서울시 성북구 하월곡동 219",
            "도로명주소":"서울시 성북구 오패산로3길 17",
            "세대수":80,
            "입주년차":0,
            "용적률점수":"--",
            "건폐율점수":"--",
            "세대당주차수":0,
            "난방방식":30,
            "공급면적":"--",
            "전용률":"--",
            "욕실수":100,
            "현관타입":10,
            "주거총점":42.0,
            "지역구공급총점":100.0,
            "역세권":50,
            "30분내 이동가능 거점":60,
            "1시간내 이동가능 거점":90,
            "교통총점":61.0,
            "백화점":100,
            "아울렛몰":80,
            "대형마트":100,
            "은행":70,
            "병원":0,
            "종합병원":100,
            "공원":100,
            "혐오시설":0,
            "인프라총점":83.0,
            "초등학군":90.0,
            "중학군":41.44,
            "학군총점":51.152,
            "인구수":47.53,
            "인구증감":-5.22,
            "인구총점":31.705,
            "일자리":16.22,
            "소득수준":57.56,
            "일자리총점":28.622,
            "가치 총점":62.3228,
            "매매실거래년":20220104.0,
            "매매실거래가":66500.0,
            "전세실거래년":20220205.0,
            "전세실거래가":44000.0,
            "전세가율":66.17,
            "장기전세가율평균":70.52,
            "전세가율거품지수":4.35,
            "검색코드":1194,
            "세대수":746.0,
            "준공년월":"1998-07-01",
            "준공년차":25.0,
            "가까운역이름":"월곡",
            "가까운역거리":631.1,
            "역세권여부":"준역세권",
            "30분이내주요거점역":3,
            "30분거점역이름":"['을지로3가', '왕십리', '명동']",
            "1시간이내주요거점역":9,
            "1시간거점역이름":"['강남', '역삼', '잠실', '여의도', '을지로3가', '양재', '왕십리', '홍대입구', '명동']",
            "3km이내백화점수":3,
            "5km이내아울렛몰수":1,
            "1km이내대형먀트수":4,
            "500m이내은행수":3,
            "500m이내병원수":0,
            "5km이내대형병원수":11,
            "500m이내공원수":3,
            "3km이내혐오시설수":0,
            "초등학교학업성취도":90.0,
            "중학교학업성취도":67.8,
            "용적률":395,
            "건폐율":19,
            "Y":37.604597,
            "X":127.035224,
            "rank":45.0,
            "area_info":"25평(84.82), 32평(108.08), 42평(140.99), 42평(141.0)",
            "last_sales":"2022-01-04,66500.0,25평(84.82)",
            "rank_history":[
                [
                    "202203",
                    45
                ],
                [
                    "202202",
                    43
                ],
                [
                    "202201",
                    47
                ]
            ],
            "rank_gap":-2
        },
        {
            "index":283,
            "아파트명":"보문하우스토리",
            "투자타입":"일반",
            "전용면적(m2)":"80.14",
            "전용면적(평)":"24평",
            "법정동주소":"서울시 성북구 보문동4가 116",
            "도로명주소":"서울시 성북구 고려대로2길 37",
            "세대수":0,
            "입주년차":60,
            "용적률점수":"--",
            "건폐율점수":"--",
            "세대당주차수":60,
            "난방방식":30,
            "공급면적":"--",
            "전용률":"--",
            "욕실수":100,
            "현관타입":100,
            "주거총점":44.0,
            "지역구공급총점":100.0,
            "역세권":80,
            "30분내 이동가능 거점":60,
            "1시간내 이동가능 거점":100,
            "교통총점":78.0,
            "백화점":100,
            "아울렛몰":80,
            "대형마트":0,
            "은행":20,
            "병원":0,
            "종합병원":100,
            "공원":100,
            "혐오시설":0,
            "인프라총점":63.0,
            "초등학군":90.0,
            "중학군":38.22,
            "학군총점":48.576,
            "인구수":47.53,
            "인구증감":-5.22,
            "인구총점":31.705,
            "일자리":16.22,
            "소득수준":57.56,
            "일자리총점":28.622,
            "가치 총점":62.2864,
            "매매실거래년":20210119.0,
            "매매실거래가":71000.0,
            "전세실거래년":20150731.0,
            "전세실거래가":25000.0,
            "전세가율":35.21,
            "장기전세가율평균":70.52,
            "전세가율거품지수":35.31,
            "검색코드":102837,
            "세대수":162.0,
            "준공년월":"2011-08-05",
            "준공년차":12.0,
            "가까운역이름":"보문",
            "가까운역거리":158.88,
            "역세권여부":"역세권",
            "30분이내주요거점역":3,
            "30분거점역이름":"['을지로3가', '왕십리', '명동']",
            "1시간이내주요거점역":14,
            "1시간거점역이름":"['강남', '역삼', '잠실', '판교', '여의도', '을지로3가', '양재', '평촌', '가산디지털단지', '왕십리', '홍대입구', '구로디지털단지', '명동', 'GTX성남(2023년)']",
            "3km이내백화점수":2,
            "5km이내아울렛몰수":1,
            "1km이내대형먀트수":0,
            "500m이내은행수":2,
            "500m이내병원수":0,
            "5km이내대형병원수":9,
            "500m이내공원수":4,
            "3km이내혐오시설수":0,
            "초등학교학업성취도":90.0,
            "중학교학업성취도":63.7,
            "용적률":547,
            "건폐율":58,
            "Y":37.584314,
            "X":127.020926,
            "rank":46.0,
            "area_info":"24평(80.14), 33평(109.12), 33평(109.85), 33평(110.14), 33평(110.56), 43평(144.88), 43평(144.59)",
            "last_sales":"2021-01-19,71000.0,24평(80.14)",
            "rank_history":[
                [
                    "202203",
                    46
                ],
                [
                    "202202",
                    37
                ],
                [
                    "202201",
                    42
                ]
            ],
            "rank_gap":-9
        },
        {
            "index":244,
            "아파트명":"시티플레이스(도시형)",
            "투자타입":"일반",
            "전용면적(m2)":"20.33",
            "전용면적(평)":"6평",
            "법정동주소":"서울시 성북구 동소문동6가 3-1",
            "도로명주소":"서울시 성북구 동소문로 73",
            "세대수":0,
            "입주년차":80,
            "용적률점수":"--",
            "건폐율점수":"--",
            "세대당주차수":0,
            "난방방식":30,
            "공급면적":"--",
            "전용률":"--",
            "욕실수":50,
            "현관타입":10,
            "주거총점":25.0,
            "지역구공급총점":100.0,
            "역세권":80,
            "30분내 이동가능 거점":60,
            "1시간내 이동가능 거점":100,
            "교통총점":78.0,
            "백화점":100,
            "아울렛몰":80,
            "대형마트":0,
            "은행":100,
            "병원":0,
            "종합병원":100,
            "공원":80,
            "혐오시설":0,
            "인프라총점":70.4,
            "초등학군":89.99,
            "중학군":51.3,
            "학군총점":59.038,
            "인구수":47.53,
            "인구증감":-5.22,
            "인구총점":31.705,
            "일자리":16.22,
            "소득수준":57.56,
            "일자리총점":28.622,
            "가치 총점":62.2757,
            "매매실거래년":20200819.0,
            "매매실거래가":21500.0,
            "전세실거래년":20210619.0,
            "전세실거래가":20000.0,
            "전세가율":93.02,
            "장기전세가율평균":70.52,
            "전세가율거품지수":-22.5,
            "검색코드":109692,
            "세대수":117.0,
            "준공년월":"2015-01-16",
            "준공년차":8.0,
            "가까운역이름":"성신여대입구",
            "가까운역거리":332.94,
            "역세권여부":"역세권",
            "30분이내주요거점역":3,
            "30분거점역이름":"['을지로3가', '왕십리', '명동']",
            "1시간이내주요거점역":14,
            "1시간거점역이름":"['강남', '역삼', '잠실', '판교', '여의도', '을지로3가', '양재', '평촌', '가산디지털단지', '왕십리', '홍대입구', '구로디지털단지', '명동', 'GTX성남(2023년)']",
            "3km이내백화점수":2,
            "5km이내아울렛몰수":1,
            "1km이내대형먀트수":0,
            "500m이내은행수":7,
            "500m이내병원수":0,
            "5km이내대형병원수":12,
            "500m이내공원수":1,
            "3km이내혐오시설수":0,
            "초등학교학업성취도":89.99,
            "중학교학업성취도":82.5,
            "용적률":422,
            "건폐율":45,
            "Y":37.592316,
            "X":127.013438,
            "rank":47.0,
            "area_info":"6평(20.33), 6평(20.32)",
            "last_sales":"2020-08-19,21500.0,6평(20.33)",
            "rank_history":[
                [
                    "202203",
                    47
                ],
                [
                    "202202",
                    38
                ],
                [
                    "202201",
                    37
                ]
            ],
            "rank_gap":-9
        },
        {
            "index":521,
            "아파트명":"정릉꿈에그린",
            "투자타입":"일반",
            "전용면적(m2)":"72.91",
            "전용면적(평)":"22평",
            "법정동주소":"서울시 성북구 정릉동 1037",
            "도로명주소":"서울시 성북구 아리랑로19가길 20",
            "세대수":30,
            "입주년차":80,
            "용적률점수":"--",
            "건폐율점수":"--",
            "세대당주차수":30,
            "난방방식":30,
            "공급면적":"--",
            "전용률":"--",
            "욕실수":50,
            "현관타입":100,
            "주거총점":49.0,
            "지역구공급총점":100.0,
            "역세권":80,
            "30분내 이동가능 거점":40,
            "1시간내 이동가능 거점":100,
            "교통총점":72.0,
            "백화점":100,
            "아울렛몰":80,
            "대형마트":0,
            "은행":0,
            "병원":0,
            "종합병원":100,
            "공원":100,
            "혐오시설":0,
            "인프라총점":61.0,
            "초등학군":89.99,
            "중학군":51.94,
            "학군총점":59.55,
            "인구수":47.53,
            "인구증감":-5.22,
            "인구총점":31.705,
            "일자리":16.22,
            "소득수준":57.56,
            "일자리총점":28.622,
            "가치 총점":62.2325,
            "매매실거래년":20210508.0,
            "매매실거래가":110000.0,
            "전세실거래년":20190807.0,
            "전세실거래가":45000.0,
            "전세가율":109.76,
            "장기전세가율평균":70.52,
            "전세가율거품지수":-39.24,
            "검색코드":109073,
            "세대수":349.0,
            "준공년월":"2015-04-30",
            "준공년차":8.0,
            "가까운역이름":"정릉",
            "가까운역거리":206.93,
            "역세권여부":"역세권",
            "30분이내주요거점역":2,
            "30분거점역이름":"['왕십리', '명동']",
            "1시간이내주요거점역":11,
            "1시간거점역이름":"['강남', '역삼', '잠실', '여의도', '을지로3가', '양재', '가산디지털단지', '왕십리', '홍대입구', '구로디지털단지', '명동']",
            "3km이내백화점수":2,
            "5km이내아울렛몰수":1,
            "1km이내대형먀트수":0,
            "500m이내은행수":1,
            "500m이내병원수":0,
            "5km이내대형병원수":9,
            "500m이내공원수":2,
            "3km이내혐오시설수":0,
            "초등학교학업성취도":89.99,
            "중학교학업성취도":83.3,
            "용적률":257,
            "건폐율":33,
            "Y":37.60185,
            "X":127.011398,
            "rank":48.0,
            "area_info":"22평(72.91), 24평(81.41), 26평(86.15), 26평(86.64), 26평(87.23), 34평(114.34), 34평(115.49), 34평(115.1), 44평(147.51)",
            "last_sales":"2021-05-08,110000.0,44평(147.51)",
            "rank_history":[
                [
                    "202203",
                    48
                ],
                [
                    "202202",
                    49
                ],
                [
                    "202201",
                    53
                ]
            ],
            "rank_gap":1
        },
        {
            "index":607,
            "아파트명":"중앙하이츠빌2단지",
            "투자타입":"일반",
            "전용면적(m2)":"63.76",
            "전용면적(평)":"19평",
            "법정동주소":"서울시 성북구 정릉동 435",
            "도로명주소":"서울시 성북구 정릉로26길 8",
            "세대수":80,
            "입주년차":40,
            "용적률점수":"--",
            "건폐율점수":"--",
            "세대당주차수":30,
            "난방방식":30,
            "공급면적":"--",
            "전용률":"--",
            "욕실수":50,
            "현관타입":10,
            "주거총점":49.5,
            "지역구공급총점":100.0,
            "역세권":80,
            "30분내 이동가능 거점":40,
            "1시간내 이동가능 거점":100,
            "교통총점":72.0,
            "백화점":100,
            "아울렛몰":80,
            "대형마트":0,
            "은행":0,
            "병원":0,
            "종합병원":100,
            "공원":100,
            "혐오시설":0,
            "인프라총점":61.0,
            "초등학군":89.99,
            "중학군":48.54,
            "학군총점":56.83,
            "인구수":47.53,
            "인구증감":-5.22,
            "인구총점":31.705,
            "일자리":16.22,
            "소득수준":57.56,
            "일자리총점":28.622,
            "가치 총점":61.9245,
            "매매실거래년":20201226.0,
            "매매실거래가":99000.0,
            "전세실거래년":20210304.0,
            "전세실거래가":28000.0,
            "전세가율":81.63,
            "장기전세가율평균":70.52,
            "전세가율거품지수":-11.11,
            "검색코드":11638,
            "세대수":745.0,
            "준공년월":"2005-11-16",
            "준공년차":18.0,
            "가까운역이름":"정릉",
            "가까운역거리":313.67,
            "역세권여부":"역세권",
            "30분이내주요거점역":2,
            "30분거점역이름":"['왕십리', '명동']",
            "1시간이내주요거점역":10,
            "1시간거점역이름":"['강남', '역삼', '잠실', '여의도', '을지로3가', '양재', '가산디지털단지', '왕십리', '홍대입구', '명동']",
            "3km이내백화점수":2,
            "5km이내아울렛몰수":1,
            "1km이내대형먀트수":0,
            "500m이내은행수":1,
            "500m이내병원수":0,
            "5km이내대형병원수":9,
            "500m이내공원수":2,
            "3km이내혐오시설수":0,
            "초등학교학업성취도":89.99,
            "중학교학업성취도":79.3,
            "용적률":263,
            "건폐율":18,
            "Y":37.603941,
            "X":127.010397,
            "rank":49.0,
            "area_info":"19평(63.76), 24평(80.9), 25평(83.06), 26평(86.22), 26평(87.09), 26평(87.09), 28평(94.48), 32평(107.01), 32평(107.01), 34평(113.68), 34평(114.6), 36평(120.78), 41평(135.86), 50평(165.69)",
            "last_sales":"2020-12-26,99000.0,50평(165.69)",
            "rank_history":[
                [
                    "202203",
                    49
                ],
                [
                    "202202",
                    51
                ],
                [
                    "202201",
                    54
                ]
            ],
            "rank_gap":2
        },
        {
            "index":710,
            "아파트명":"래미안월곡",
            "투자타입":"일반",
            "전용면적(m2)":"79.42",
            "전용면적(평)":"24평",
            "법정동주소":"서울시 성북구 하월곡동 225",
            "도로명주소":"서울시 성북구 오패산로 90",
            "세대수":90,
            "입주년차":40,
            "용적률점수":"--",
            "건폐율점수":"--",
            "세대당주차수":30,
            "난방방식":30,
            "공급면적":"--",
            "전용률":"--",
            "욕실수":100,
            "현관타입":100,
            "주거총점":67.0,
            "지역구공급총점":100.0,
            "역세권":50,
            "30분내 이동가능 거점":40,
            "1시간내 이동가능 거점":90,
            "교통총점":55.0,
            "백화점":100,
            "아울렛몰":0,
            "대형마트":100,
            "은행":20,
            "병원":0,
            "종합병원":100,
            "공원":100,
            "혐오시설":0,
            "인프라총점":70.0,
            "초등학군":89.98,
            "중학군":46.08,
            "학군총점":54.86,
            "인구수":47.53,
            "인구증감":-5.22,
            "인구총점":31.705,
            "일자리":16.22,
            "소득수준":57.56,
            "일자리총점":28.622,
            "가치 총점":61.879,
            "매매실거래년":20220129.0,
            "매매실거래가":107500.0,
            "전세실거래년":20220116.0,
            "전세실거래가":37000.0,
            "전세가율":56.92,
            "장기전세가율평균":70.52,
            "전세가율거품지수":13.6,
            "검색코드":17700,
            "세대수":1372.0,
            "준공년월":"2006-07-19",
            "준공년차":17.0,
            "가까운역이름":"미아사거리",
            "가까운역거리":681.22,
            "역세권여부":"준역세권",
            "30분이내주요거점역":2,
            "30분거점역이름":"['을지로3가', '명동']",
            "1시간이내주요거점역":9,
            "1시간거점역이름":"['강남', '역삼', '잠실', '여의도', '을지로3가', '양재', '왕십리', '홍대입구', '명동']",
            "3km이내백화점수":2,
            "5km이내아울렛몰수":0,
            "1km이내대형먀트수":4,
            "500m이내은행수":2,
            "500m이내병원수":0,
            "5km이내대형병원수":11,
            "500m이내공원수":3,
            "3km이내혐오시설수":0,
            "초등학교학업성취도":89.98,
            "중학교학업성취도":74.8,
            "용적률":241,
            "건폐율":16,
            "Y":37.610558,
            "X":127.037016,
            "rank":50.0,
            "area_info":"24평(79.42), 32평(107.22), 43평(143.42)",
            "last_sales":"2022-01-29,107500.0,32평(107.22)",
            "rank_history":[
                [
                    "202203",
                    50
                ],
                [
                    "202202",
                    35
                ],
                [
                    "202201",
                    41
                ]
            ],
            "rank_gap":-15
        },
        {
            "index":728,
            "아파트명":"성북힐스테이트",
            "투자타입":"일반",
            "전용면적(m2)":"105.81",
            "전용면적(평)":"32평",
            "법정동주소":"서울시 성북구 하월곡동 88-64",
            "도로명주소":"서울시 성북구 동소문로44길 43",
            "세대수":0,
            "입주년차":40,
            "용적률점수":"--",
            "건폐율점수":"--",
            "세대당주차수":30,
            "난방방식":30,
            "공급면적":"--",
            "전용률":"--",
            "욕실수":100,
            "현관타입":100,
            "주거총점":35.5,
            "지역구공급총점":100.0,
            "역세권":50,
            "30분내 이동가능 거점":60,
            "1시간내 이동가능 거점":100,
            "교통총점":63.0,
            "백화점":100,
            "아울렛몰":80,
            "대형마트":100,
            "은행":70,
            "병원":0,
            "종합병원":100,
            "공원":100,
            "혐오시설":0,
            "인프라총점":83.0,
            "초등학군":90.0,
            "중학군":41.44,
            "학군총점":51.152,
            "인구수":47.53,
            "인구증감":-5.22,
            "인구총점":31.705,
            "일자리":16.22,
            "소득수준":57.56,
            "일자리총점":28.622,
            "가치 총점":61.7228,
            "매매실거래년":20210515.0,
            "매매실거래가":102500.0,
            "전세실거래년":20210529.0,
            "전세실거래가":38000.0,
            "전세가율":44.19,
            "장기전세가율평균":70.52,
            "전세가율거품지수":26.33,
            "검색코드":18699,
            "세대수":285.0,
            "준공년월":"2007-08-30",
            "준공년차":16.0,
            "가까운역이름":"길음",
            "가까운역거리":593.13,
            "역세권여부":"준역세권",
            "30분이내주요거점역":3,
            "30분거점역이름":"['을지로3가', '왕십리', '명동']",
            "1시간이내주요거점역":11,
            "1시간거점역이름":"['강남', '역삼', '잠실', '여의도', '을지로3가', '양재', '가산디지털단지', '왕십리', '홍대입구', '명동', 'GTX성남(2023년)']",
            "3km이내백화점수":2,
            "5km이내아울렛몰수":1,
            "1km이내대형먀트수":4,
            "500m이내은행수":3,
            "500m이내병원수":0,
            "5km이내대형병원수":10,
            "500m이내공원수":3,
            "3km이내혐오시설수":0,
            "초등학교학업성취도":90.0,
            "중학교학업성취도":67.8,
            "용적률":661,
            "건폐율":47,
            "Y":37.606514,
            "X":127.030522,
            "rank":51.0,
            "area_info":"32평(105.81), 32평(106.75), 32평(107.44), 39평(129.37), 40평(132.31), 43평(142.77)",
            "last_sales":"2021-05-15,102500.0,40평(132.31)",
            "rank_history":[
                [
                    "202203",
                    51
                ],
                [
                    "202202",
                    39
                ],
                [
                    "202201",
                    44
                ]
            ],
            "rank_gap":-12
        },
        {
            "index":680,
            "아파트명":"종암우림카이저팰리스",
            "투자타입":"일반",
            "전용면적(m2)":"107.96",
            "전용면적(평)":"32평",
            "법정동주소":"서울시 성북구 종암동 132",
            "도로명주소":"서울시 성북구 종암로 132",
            "세대수":0,
            "입주년차":40,
            "용적률점수":"--",
            "건폐율점수":"--",
            "세대당주차수":80,
            "난방방식":30,
            "공급면적":"--",
            "전용률":"--",
            "욕실수":100,
            "현관타입":100,
            "주거총점":43.0,
            "지역구공급총점":100.0,
            "역세권":50,
            "30분내 이동가능 거점":60,
            "1시간내 이동가능 거점":100,
            "교통총점":63.0,
            "백화점":100,
            "아울렛몰":80,
            "대형마트":100,
            "은행":20,
            "병원":0,
            "종합병원":100,
            "공원":100,
            "혐오시설":0,
            "인프라총점":78.0,
            "초등학군":89.98,
            "중학군":41.44,
            "학군총점":51.148,
            "인구수":47.53,
            "인구증감":-5.22,
            "인구총점":31.705,
            "일자리":16.22,
            "소득수준":57.56,
            "일자리총점":28.622,
            "가치 총점":61.7222,
            "매매실거래년":20211213.0,
            "매매실거래가":90000.0,
            "전세실거래년":20200506.0,
            "전세실거래가":44000.0,
            "전세가율":48.89,
            "장기전세가율평균":70.52,
            "전세가율거품지수":21.63,
            "검색코드":22836,
            "세대수":161.0,
            "준공년월":"2008-05-01",
            "준공년차":15.0,
            "가까운역이름":"월곡",
            "가까운역거리":703.37,
            "역세권여부":"준역세권",
            "30분이내주요거점역":3,
            "30분거점역이름":"['을지로3가', '왕십리', '명동']",
            "1시간이내주요거점역":12,
            "1시간거점역이름":"['강남', '역삼', '잠실', '여의도', '을지로3가', '양재', '가산디지털단지', '왕십리', '홍대입구', '구로디지털단지', '명동', 'GTX성남(2023년)']",
            "3km이내백화점수":3,
            "5km이내아울렛몰수":1,
            "1km이내대형먀트수":3,
            "500m이내은행수":2,
            "500m이내병원수":0,
            "5km이내대형병원수":10,
            "500m이내공원수":5,
            "3km이내혐오시설수":0,
            "초등학교학업성취도":89.98,
            "중학교학업성취도":67.8,
            "용적률":448,
            "건폐율":59,
            "Y":37.601988,
            "X":127.03348,
            "rank":52.0,
            "area_info":"32평(107.96), 32평(107.99), 32평(107.71), 32평(108.45)",
            "last_sales":"2021-12-13,90000.0,32평(107.96)",
            "rank_history":[
                [
                    "202203",
                    52
                ],
                [
                    "202202",
                    40
                ],
                [
                    "202201",
                    43
                ]
            ],
            "rank_gap":-12
        },
        {
            "index":239,
            "아파트명":"보미리즌빌(도시형)",
            "투자타입":"일반",
            "전용면적(m2)":"24.54",
            "전용면적(평)":"7평",
            "법정동주소":"서울시 성북구 동소문동6가 117-2",
            "도로명주소":"서울시 성북구 동소문로 89",
            "세대수":0,
            "입주년차":60,
            "용적률점수":"--",
            "건폐율점수":"--",
            "세대당주차수":0,
            "난방방식":30,
            "공급면적":"--",
            "전용률":"--",
            "욕실수":50,
            "현관타입":50,
            "주거총점":25.0,
            "지역구공급총점":100.0,
            "역세권":80,
            "30분내 이동가능 거점":60,
            "1시간내 이동가능 거점":100,
            "교통총점":78.0,
            "백화점":100,
            "아울렛몰":80,
            "대형마트":0,
            "은행":100,
            "병원":0,
            "종합병원":100,
            "공원":0,
            "혐오시설":0,
            "인프라총점":68.0,
            "초등학군":89.99,
            "중학군":51.94,
            "학군총점":59.55,
            "인구수":47.53,
            "인구증감":-5.22,
            "인구총점":31.705,
            "일자리":16.22,
            "소득수준":57.56,
            "일자리총점":28.622,
            "가치 총점":61.6325,
            "매매실거래년":"18000101",
            "매매실거래가":null,
            "전세실거래년":20210722.0,
            "전세실거래가":21000.0,
            "전세가율":null,
            "장기전세가율평균":70.52,
            "전세가율거품지수":null,
            "검색코드":105108,
            "세대수":149.0,
            "준공년월":"2012-05-21",
            "준공년차":11.0,
            "가까운역이름":"성신여대입구",
            "가까운역거리":156.79,
            "역세권여부":"역세권",
            "30분이내주요거점역":3,
            "30분거점역이름":"['을지로3가', '왕십리', '명동']",
            "1시간이내주요거점역":16,
            "1시간거점역이름":"['강남', '역삼', '잠실', '판교', '여의도', '을지로3가', '양재', '평촌', '가산디지털단지', '왕십리', '홍대입구', '수원', '구로디지털단지', '명동', '마곡', 'GTX성남(2023년)']",
            "3km이내백화점수":2,
            "5km이내아울렛몰수":1,
            "1km이내대형먀트수":0,
            "500m이내은행수":7,
            "500m이내병원수":0,
            "5km이내대형병원수":11,
            "500m이내공원수":0,
            "3km이내혐오시설수":0,
            "초등학교학업성취도":89.99,
            "중학교학업성취도":83.3,
            "용적률":669,
            "건폐율":59,
            "Y":37.592648,
            "X":127.015393,
            "rank":53.0,
            "area_info":"7평(24.54), 7평(25.95), 8평(29.68), 12평(39.83), 12평(40.4)",
            "last_sales":"1800-01-01,nan,7평(24.54)",
            "rank_history":[
                [
                    "202203",
                    53
                ],
                [
                    "202202",
                    26
                ],
                [
                    "202201",
                    27
                ]
            ],
            "rank_gap":-27
        },
        {
            "index":124,
            "아파트명":"돈암코오롱하늘채",
            "투자타입":"일반",
            "전용면적(m2)":"79.54",
            "전용면적(평)":"24평",
            "법정동주소":"서울시 성북구 돈암동 644",
            "도로명주소":"서울시 성북구 아리랑로 75",
            "세대수":50,
            "입주년차":80,
            "용적률점수":"--",
            "건폐율점수":"--",
            "세대당주차수":30,
            "난방방식":30,
            "공급면적":"--",
            "전용률":"--",
            "욕실수":100,
            "현관타입":100,
            "주거총점":61.0,
            "지역구공급총점":100.0,
            "역세권":80,
            "30분내 이동가능 거점":20,
            "1시간내 이동가능 거점":100,
            "교통총점":66.0,
            "백화점":100,
            "아울렛몰":80,
            "대형마트":0,
            "은행":0,
            "병원":0,
            "종합병원":100,
            "공원":0,
            "혐오시설":0,
            "인프라총점":58.0,
            "초등학군":89.98,
            "중학군":51.94,
            "학군총점":59.548,
            "인구수":47.53,
            "인구증감":-5.22,
            "인구총점":31.705,
            "일자리":16.22,
            "소득수준":57.56,
            "일자리총점":28.622,
            "가치 총점":61.6322,
            "매매실거래년":20211002.0,
            "매매실거래가":95500.0,
            "전세실거래년":20220210.0,
            "전세실거래가":47400.0,
            "전세가율":49.63,
            "장기전세가율평균":70.52,
            "전세가율거품지수":20.89,
            "검색코드":108138,
            "세대수":629.0,
            "준공년월":"2016-12-29",
            "준공년차":7.0,
            "가까운역이름":"정릉",
            "가까운역거리":404.62,
            "역세권여부":"역세권",
            "30분이내주요거점역":1,
            "30분거점역이름":"['명동']",
            "1시간이내주요거점역":10,
            "1시간거점역이름":"['강남', '역삼', '잠실', '여의도', '을지로3가', '양재', '가산디지털단지', '왕십리', '홍대입구', '명동']",
            "3km이내백화점수":2,
            "5km이내아울렛몰수":1,
            "1km이내대형먀트수":0,
            "500m이내은행수":1,
            "500m이내병원수":0,
            "5km이내대형병원수":9,
            "500m이내공원수":0,
            "3km이내혐오시설수":0,
            "초등학교학업성취도":89.98,
            "중학교학업성취도":83.3,
            "용적률":235,
            "건폐율":25,
            "Y":37.598981,
            "X":127.013294,
            "rank":54.0,
            "area_info":"24평(79.54), 24평(79.47), 24평(79.73), 33평(110.91), 33평(111.82), 33평(112.18), 33평(112.04), 33평(112.35), 44평(147.14)",
            "last_sales":"2021-10-02,95500.0,24평(79.54)",
            "rank_history":[
                [
                    "202203",
                    54
                ],
                [
                    "202202",
                    30
                ],
                [
                    "202201",
                    35
                ]
            ],
            "rank_gap":-24
        },
        {
            "index":596,
            "아파트명":"정릉힐스테이트1차",
            "투자타입":"일반",
            "전용면적(m2)":"107.3",
            "전용면적(평)":"32평",
            "법정동주소":"서울시 성북구 정릉동 1030",
            "도로명주소":"서울시 성북구 북악산로 831",
            "세대수":0,
            "입주년차":40,
            "용적률점수":"--",
            "건폐율점수":"--",
            "세대당주차수":30,
            "난방방식":30,
            "공급면적":"--",
            "전용률":"--",
            "욕실수":100,
            "현관타입":100,
            "주거총점":35.5,
            "지역구공급총점":100.0,
            "역세권":80,
            "30분내 이동가능 거점":60,
            "1시간내 이동가능 거점":100,
            "교통총점":78.0,
            "백화점":100,
            "아울렛몰":80,
            "대형마트":0,
            "은행":0,
            "병원":0,
            "종합병원":100,
            "공원":80,
            "혐오시설":0,
            "인프라총점":60.4,
            "초등학군":90.0,
            "중학군":51.94,
            "학군총점":59.552,
            "인구수":47.53,
            "인구증감":-5.22,
            "인구총점":31.705,
            "일자리":16.22,
            "소득수준":57.56,
            "일자리총점":28.622,
            "가치 총점":61.4528,
            "매매실거래년":20210522.0,
            "매매실거래가":84800.0,
            "전세실거래년":20220110.0,
            "전세실거래가":49000.0,
            "전세가율":57.78,
            "장기전세가율평균":70.52,
            "전세가율거품지수":12.74,
            "검색코드":19629,
            "세대수":222.0,
            "준공년월":"2007-05-18",
            "준공년차":16.0,
            "가까운역이름":"정릉",
            "가까운역거리":449.88,
            "역세권여부":"역세권",
            "30분이내주요거점역":3,
            "30분거점역이름":"['을지로3가', '왕십리', '명동']",
            "1시간이내주요거점역":11,
            "1시간거점역이름":"['강남', '역삼', '잠실', '여의도', '을지로3가', '양재', '가산디지털단지', '왕십리', '홍대입구', '구로디지털단지', '명동']",
            "3km이내백화점수":2,
            "5km이내아울렛몰수":1,
            "1km이내대형먀트수":0,
            "500m이내은행수":1,
            "500m이내병원수":0,
            "5km이내대형병원수":9,
            "500m이내공원수":1,
            "3km이내혐오시설수":0,
            "초등학교학업성취도":90.0,
            "중학교학업성취도":83.3,
            "용적률":259,
            "건폐율":17,
            "Y":37.600444,
            "X":127.017849,
            "rank":55.0,
            "area_info":"32평(107.3), 32평(108.26), 32평(108.46), 32평(108.09), 33평(109.28), 35평(115.87), 35평(116.49), 35평(116.12)",
            "last_sales":"2021-05-22,84800.0,32평(107.3)",
            "rank_history":[
                [
                    "202203",
                    55
                ],
                [
                    "202202",
                    66
                ],
                [
                    "202201",
                    64
                ]
            ],
            "rank_gap":11
        },
        {
            "index":543,
            "아파트명":"정릉스카이쌍용",
            "투자타입":"일반",
            "전용면적(m2)":"87.41",
            "전용면적(평)":"26평",
            "법정동주소":"서울시 성북구 정릉동 1014",
            "도로명주소":"서울시 성북구 북악산로 828",
            "세대수":50,
            "입주년차":20,
            "용적률점수":"--",
            "건폐율점수":"--",
            "세대당주차수":30,
            "난방방식":30,
            "공급면적":"--",
            "전용률":"--",
            "욕실수":50,
            "현관타입":10,
            "주거총점":35.0,
            "지역구공급총점":100.0,
            "역세권":80,
            "30분내 이동가능 거점":60,
            "1시간내 이동가능 거점":100,
            "교통총점":78.0,
            "백화점":100,
            "아울렛몰":80,
            "대형마트":0,
            "은행":0,
            "병원":0,
            "종합병원":100,
            "공원":80,
            "혐오시설":0,
            "인프라총점":60.4,
            "초등학군":90.0,
            "중학군":51.94,
            "학군총점":59.552,
            "인구수":47.53,
            "인구증감":-5.22,
            "인구총점":31.705,
            "일자리":16.22,
            "소득수준":57.56,
            "일자리총점":28.622,
            "가치 총점":61.3528,
            "매매실거래년":20210829.0,
            "매매실거래가":94500.0,
            "전세실거래년":20220212.0,
            "전세실거래가":22575.0,
            "전세가율":34.89,
            "장기전세가율평균":70.52,
            "전세가율거품지수":35.63,
            "검색코드":587,
            "세대수":406.0,
            "준공년월":"1999-02-12",
            "준공년차":24.0,
            "가까운역이름":"정릉",
            "가까운역거리":349.26,
            "역세권여부":"역세권",
            "30분이내주요거점역":3,
            "30분거점역이름":"['을지로3가', '왕십리', '명동']",
            "1시간이내주요거점역":11,
            "1시간거점역이름":"['강남', '역삼', '잠실', '여의도', '을지로3가', '양재', '가산디지털단지', '왕십리', '홍대입구', '구로디지털단지', '명동']",
            "3km이내백화점수":2,
            "5km이내아울렛몰수":1,
            "1km이내대형먀트수":0,
            "500m이내은행수":1,
            "500m이내병원수":0,
            "5km이내대형병원수":9,
            "500m이내공원수":1,
            "3km이내혐오시설수":0,
            "초등학교학업성취도":90.0,
            "중학교학업성취도":83.3,
            "용적률":373,
            "건폐율":28,
            "Y":37.600222,
            "X":127.016108,
            "rank":56.0,
            "area_info":"26평(87.41), 33평(110.93), 42평(139.26)",
            "last_sales":"2021-08-29,94500.0,42평(139.26)",
            "rank_history":[
                [
                    "202203",
                    56
                ],
                [
                    "202202",
                    55
                ],
                [
                    "202201",
                    57
                ]
            ],
            "rank_gap":-1
        },
        {
            "index":22,
            "아파트명":"길음뉴타운5단지래미안",
            "투자타입":"일반",
            "전용면적(m2)":"81.01",
            "전용면적(평)":"24평",
            "법정동주소":"서울시 성북구 길음동 1282",
            "도로명주소":"서울시 성북구 길음로 74",
            "세대수":50,
            "입주년차":40,
            "용적률점수":"--",
            "건폐율점수":"--",
            "세대당주차수":30,
            "난방방식":30,
            "공급면적":"--",
            "전용률":"--",
            "욕실수":100,
            "현관타입":100,
            "주거총점":53.0,
            "지역구공급총점":100.0,
            "역세권":50,
            "30분내 이동가능 거점":40,
            "1시간내 이동가능 거점":90,
            "교통총점":55.0,
            "백화점":100,
            "아울렛몰":80,
            "대형마트":80,
            "은행":0,
            "병원":0,
            "종합병원":100,
            "공원":100,
            "혐오시설":0,
            "인프라총점":73.0,
            "초등학군":90.01,
            "중학군":56.32,
            "학군총점":63.058,
            "인구수":47.53,
            "인구증감":-5.22,
            "인구총점":31.705,
            "일자리":16.22,
            "소득수준":57.56,
            "일자리총점":28.622,
            "가치 총점":61.2087,
            "매매실거래년":20211112.0,
            "매매실거래가":115000.0,
            "전세실거래년":20220209.0,
            "전세실거래가":47500.0,
            "전세가율":52.78,
            "장기전세가율평균":70.52,
            "전세가율거품지수":17.74,
            "검색코드":17515,
            "세대수":560.0,
            "준공년월":"2006-06-23",
            "준공년차":17.0,
            "가까운역이름":"길음",
            "가까운역거리":808.0,
            "역세권여부":"준역세권",
            "30분이내주요거점역":2,
            "30분거점역이름":"['을지로3가', '명동']",
            "1시간이내주요거점역":9,
            "1시간거점역이름":"['강남', '역삼', '잠실', '여의도', '을지로3가', '양재', '왕십리', '홍대입구', '명동']",
            "3km이내백화점수":2,
            "5km이내아울렛몰수":1,
            "1km이내대형먀트수":1,
            "500m이내은행수":1,
            "500m이내병원수":0,
            "5km이내대형병원수":9,
            "500m이내공원수":9,
            "3km이내혐오시설수":0,
            "초등학교학업성취도":90.01,
            "중학교학업성취도":88.0,
            "용적률":245,
            "건폐율":21,
            "Y":37.609638,
            "X":127.020367,
            "rank":57.0,
            "area_info":"24평(81.01), 33평(109.77), 41평(137.81)",
            "last_sales":"2021-11-12,115000.0,33평(109.77)",
            "rank_history":[
                [
                    "202203",
                    57
                ],
                [
                    "202202",
                    58
                ],
                [
                    "202201",
                    60
                ]
            ],
            "rank_gap":1
        },
        {
            "index":633,
            "아파트명":"고려",
            "투자타입":"재건축",
            "전용면적(m2)":"53.57",
            "전용면적(평)":"16평",
            "법정동주소":"서울시 성북구 종암동 125-1",
            "도로명주소":"서울시 성북구 종암로19다길 42-12",
            "세대수":0,
            "입주년차":"--",
            "용적률점수":80,
            "건폐율점수":0,
            "세대당주차수":"--",
            "난방방식":"--",
            "공급면적":50,
            "전용률":100,
            "욕실수":"--",
            "현관타입":"--",
            "주거총점":39.5,
            "지역구공급총점":100.0,
            "역세권":50,
            "30분내 이동가능 거점":60,
            "1시간내 이동가능 거점":100,
            "교통총점":63.0,
            "백화점":100,
            "아울렛몰":80,
            "대형마트":80,
            "은행":0,
            "병원":0,
            "종합병원":100,
            "공원":100,
            "혐오시설":0,
            "인프라총점":73.0,
            "초등학군":89.98,
            "중학군":55.22,
            "학군총점":62.172,
            "인구수":47.53,
            "인구증감":-5.22,
            "인구총점":31.705,
            "일자리":16.22,
            "소득수준":57.56,
            "일자리총점":28.622,
            "가치 총점":61.1758,
            "매매실거래년":20210809.0,
            "매매실거래가":44700.0,
            "전세실거래년":20220107.0,
            "전세실거래가":10000.0,
            "전세가율":31.25,
            "장기전세가율평균":70.52,
            "전세가율거품지수":39.27,
            "검색코드":11440,
            "세대수":140.0,
            "준공년월":"1983-11-04",
            "준공년차":40.0,
            "가까운역이름":"길음",
            "가까운역거리":520.17,
            "역세권여부":"준역세권",
            "30분이내주요거점역":3,
            "30분거점역이름":"['을지로3가', '왕십리', '명동']",
            "1시간이내주요거점역":10,
            "1시간거점역이름":"['강남', '잠실', '여의도', '을지로3가', '양재', '왕십리', '홍대입구', '구로디지털단지', '명동', 'GTX성남(2023년)']",
            "3km이내백화점수":3,
            "5km이내아울렛몰수":1,
            "1km이내대형먀트수":1,
            "500m이내은행수":0,
            "500m이내병원수":0,
            "5km이내대형병원수":9,
            "500m이내공원수":4,
            "3km이내혐오시설수":0,
            "초등학교학업성취도":89.98,
            "중학교학업성취도":88.7,
            "용적률":155,
            "건폐율":0,
            "Y":37.599156,
            "X":127.027558,
            "rank":58.0,
            "area_info":"16평(53.57), 19평(63.56), 20평(66.49), 23평(76.48), 23평(77.7), 26평(87.75)",
            "last_sales":"2021-08-09,44700.0,26평(87.75)",
            "rank_history":[
                [
                    "202203",
                    58
                ],
                [
                    "202202",
                    56
                ],
                [
                    "202201",
                    63
                ]
            ],
            "rank_gap":-2
        },
        {
            "index":744,
            "아파트명":"월곡두산위브",
            "투자타입":"일반",
            "전용면적(m2)":"82.62",
            "전용면적(평)":"24평",
            "법정동주소":"서울시 성북구 하월곡동 222",
            "도로명주소":"서울시 성북구 오패산로 46",
            "세대수":100,
            "입주년차":20,
            "용적률점수":"--",
            "건폐율점수":"--",
            "세대당주차수":30,
            "난방방식":30,
            "공급면적":"--",
            "전용률":"--",
            "욕실수":50,
            "현관타입":100,
            "주거총점":61.5,
            "지역구공급총점":100.0,
            "역세권":50,
            "30분내 이동가능 거점":40,
            "1시간내 이동가능 거점":90,
            "교통총점":55.0,
            "백화점":100,
            "아울렛몰":0,
            "대형마트":100,
            "은행":20,
            "병원":0,
            "종합병원":100,
            "공원":100,
            "혐오시설":0,
            "인프라총점":70.0,
            "초등학군":89.98,
            "중학군":47.18,
            "학군총점":55.74,
            "인구수":47.53,
            "인구증감":-5.22,
            "인구총점":31.705,
            "일자리":16.22,
            "소득수준":57.56,
            "일자리총점":28.622,
            "가치 총점":60.911,
            "매매실거래년":20211127.0,
            "매매실거래가":82800.0,
            "전세실거래년":20220122.0,
            "전세실거래가":34600.0,
            "전세가율":41.79,
            "장기전세가율평균":70.52,
            "전세가율거품지수":28.73,
            "검색코드":2990,
            "세대수":2197.0,
            "준공년월":"2003-04-30",
            "준공년차":20.0,
            "가까운역이름":"월곡",
            "가까운역거리":639.15,
            "역세권여부":"준역세권",
            "30분이내주요거점역":2,
            "30분거점역이름":"['왕십리', '명동']",
            "1시간이내주요거점역":9,
            "1시간거점역이름":"['강남', '역삼', '잠실', '여의도', '을지로3가', '양재', '왕십리', '홍대입구', '명동']",
            "3km이내백화점수":2,
            "5km이내아울렛몰수":0,
            "1km이내대형먀트수":4,
            "500m이내은행수":2,
            "500m이내병원수":0,
            "5km이내대형병원수":11,
            "500m이내공원수":5,
            "3km이내혐오시설수":0,
            "초등학교학업성취도":89.98,
            "중학교학업성취도":74.3,
            "용적률":279,
            "건폐율":20,
            "Y":37.607121,
            "X":127.038703,
            "rank":59.0,
            "area_info":"24평(82.62), 33평(109.94), 33평(109.84), 33평(109.68), 33평(110.13), 42평(140.05)",
            "last_sales":"2021-11-27,82800.0,24평(82.62)",
            "rank_history":[
                [
                    "202203",
                    59
                ],
                [
                    "202202",
                    32
                ],
                [
                    "202201",
                    36
                ]
            ],
            "rank_gap":-27
        },
        {
            "index":336,
            "아파트명":"동아에코빌",
            "투자타입":"일반",
            "전용면적(m2)":"87.96",
            "전용면적(평)":"26평",
            "법정동주소":"서울시 성북구 상월곡동 101",
            "도로명주소":"서울시 성북구 장월로1길 28",
            "세대수":90,
            "입주년차":20,
            "용적률점수":"--",
            "건폐율점수":"--",
            "세대당주차수":30,
            "난방방식":30,
            "공급면적":"--",
            "전용률":"--",
            "욕실수":50,
            "현관타입":10,
            "주거총점":49.0,
            "지역구공급총점":100.0,
            "역세권":80,
            "30분내 이동가능 거점":20,
            "1시간내 이동가능 거점":90,
            "교통총점":64.0,
            "백화점":100,
            "아울렛몰":0,
            "대형마트":100,
            "은행":0,
            "병원":0,
            "종합병원":100,
            "공원":100,
            "혐오시설":0,
            "인프라총점":68.0,
            "초등학군":89.99,
            "중학군":45.9,
            "학군총점":54.718,
            "인구수":47.53,
            "인구증감":-5.22,
            "인구총점":31.705,
            "일자리":16.22,
            "소득수준":57.56,
            "일자리총점":28.622,
            "가치 총점":60.8077,
            "매매실거래년":20211210.0,
            "매매실거래가":86700.0,
            "전세실거래년":20220218.0,
            "전세실거래가":28300.0,
            "전세가율":38.5,
            "장기전세가율평균":70.52,
            "전세가율거품지수":32.02,
            "검색코드":3425,
            "세대수":1253.0,
            "준공년월":"2003-06-27",
            "준공년차":20.0,
            "가까운역이름":"상월곡",
            "가까운역거리":311.46,
            "역세권여부":"역세권",
            "30분이내주요거점역":1,
            "30분거점역이름":"['왕십리']",
            "1시간이내주요거점역":9,
            "1시간거점역이름":"['강남', '역삼', '잠실', '여의도', '을지로3가', '양재', '왕십리', '홍대입구', '명동']",
            "3km이내백화점수":2,
            "5km이내아울렛몰수":0,
            "1km이내대형먀트수":2,
            "500m이내은행수":0,
            "500m이내병원수":0,
            "5km이내대형병원수":12,
            "500m이내공원수":2,
            "3km이내혐오시설수":0,
            "초등학교학업성취도":89.99,
            "중학교학업성취도":74.7,
            "용적률":281,
            "건폐율":20,
            "Y":37.607917,
            "X":127.045737,
            "rank":60.0,
            "area_info":"26평(87.96), 26평(87.97), 33평(109.41), 33평(109.69), 42평(142.1), 42평(142.09)",
            "last_sales":"2021-12-10,86700.0,33평(109.41)",
            "rank_history":[
                [
                    "202203",
                    60
                ],
                [
                    "202202",
                    65
                ],
                [
                    "202201",
                    78
                ]
            ],
            "rank_gap":5
        },
        {
            "index":191,
            "아파트명":"동소문흥화브라운",
            "투자타입":"일반",
            "전용면적(m2)":"101.61",
            "전용면적(평)":"30평",
            "법정동주소":"서울시 성북구 동소문동4가 75",
            "도로명주소":"서울시 성북구 동소문로 43",
            "세대수":0,
            "입주년차":40,
            "용적률점수":"--",
            "건폐율점수":"--",
            "세대당주차수":0,
            "난방방식":30,
            "공급면적":"--",
            "전용률":"--",
            "욕실수":100,
            "현관타입":10,
            "주거총점":22.0,
            "지역구공급총점":100.0,
            "역세권":80,
            "30분내 이동가능 거점":60,
            "1시간내 이동가능 거점":100,
            "교통총점":78.0,
            "백화점":100,
            "아울렛몰":80,
            "대형마트":0,
            "은행":70,
            "병원":0,
            "종합병원":100,
            "공원":80,
            "혐오시설":0,
            "인프라총점":67.4,
            "초등학군":89.99,
            "중학군":51.3,
            "학군총점":59.038,
            "인구수":47.53,
            "인구증감":-5.22,
            "인구총점":31.705,
            "일자리":16.22,
            "소득수준":57.56,
            "일자리총점":28.622,
            "가치 총점":60.7757,
            "매매실거래년":20210926.0,
            "매매실거래가":55000.0,
            "전세실거래년":20200720.0,
            "전세실거래가":31000.0,
            "전세가율":87.32,
            "장기전세가율평균":70.52,
            "전세가율거품지수":-16.8,
            "검색코드":102975,
            "세대수":51.0,
            "준공년월":"2006-10-02",
            "준공년차":17.0,
            "가까운역이름":"한성대입구",
            "가까운역거리":449.14,
            "역세권여부":"역세권",
            "30분이내주요거점역":3,
            "30분거점역이름":"['을지로3가', '왕십리', '명동']",
            "1시간이내주요거점역":17,
            "1시간거점역이름":"['강남', '역삼', '잠실', '판교', '여의도', '을지로3가', '양재', '평촌', '가산디지털단지', '왕십리', '홍대입구', '수원', '구로디지털단지', '명동', '서현', '마곡', 'GTX성남(2023년)']",
            "3km이내백화점수":1,
            "5km이내아울렛몰수":1,
            "1km이내대형먀트수":0,
            "500m이내은행수":4,
            "500m이내병원수":0,
            "5km이내대형병원수":12,
            "500m이내공원수":1,
            "3km이내혐오시설수":0,
            "초등학교학업성취도":89.99,
            "중학교학업성취도":82.5,
            "용적률":315,
            "건폐율":45,
            "Y":37.590704,
            "X":127.010226,
            "rank":61.0,
            "area_info":"30평(101.61), 32평(107.96), 32평(108.16), 33평(109.62), 33평(109.43), 33평(109.6)",
            "last_sales":"2021-09-26,55000.0,33평(109.43)",
            "rank_history":[
                [
                    "202203",
                    61
                ],
                [
                    "202202",
                    9999
                ]
            ],
            "rank_gap":9999
        },
        {
            "index":208,
            "아파트명":"부라다리빙텔",
            "투자타입":"일반",
            "전용면적(m2)":"44.22",
            "전용면적(평)":"13평",
            "법정동주소":"서울시 성북구 동소문동4가 75-2",
            "도로명주소":"서울시 성북구 동소문로 47",
            "세대수":0,
            "입주년차":20,
            "용적률점수":"--",
            "건폐율점수":"--",
            "세대당주차수":0,
            "난방방식":30,
            "공급면적":"--",
            "전용률":"--",
            "욕실수":50,
            "현관타입":100,
            "주거총점":22.0,
            "지역구공급총점":100.0,
            "역세권":80,
            "30분내 이동가능 거점":60,
            "1시간내 이동가능 거점":100,
            "교통총점":78.0,
            "백화점":100,
            "아울렛몰":80,
            "대형마트":0,
            "은행":70,
            "병원":0,
            "종합병원":100,
            "공원":80,
            "혐오시설":0,
            "인프라총점":67.4,
            "초등학군":89.99,
            "중학군":51.3,
            "학군총점":59.038,
            "인구수":47.53,
            "인구증감":-5.22,
            "인구총점":31.705,
            "일자리":16.22,
            "소득수준":57.56,
            "일자리총점":28.622,
            "가치 총점":60.7757,
            "매매실거래년":20200428.0,
            "매매실거래가":11400.0,
            "전세실거래년":null,
            "전세실거래가":null,
            "전세가율":null,
            "장기전세가율평균":70.52,
            "전세가율거품지수":null,
            "검색코드":23886,
            "세대수":108.0,
            "준공년월":"2003-03-04",
            "준공년차":20.0,
            "가까운역이름":"한성대입구",
            "가까운역거리":499.77,
            "역세권여부":"역세권",
            "30분이내주요거점역":3,
            "30분거점역이름":"['을지로3가', '왕십리', '명동']",
            "1시간이내주요거점역":15,
            "1시간거점역이름":"['강남', '역삼', '잠실', '판교', '여의도', '을지로3가', '양재', '평촌', '가산디지털단지', '왕십리', '홍대입구', '수원', '구로디지털단지', '명동', 'GTX성남(2023년)']",
            "3km이내백화점수":1,
            "5km이내아울렛몰수":1,
            "1km이내대형먀트수":0,
            "500m이내은행수":4,
            "500m이내병원수":0,
            "5km이내대형병원수":11,
            "500m이내공원수":1,
            "3km이내혐오시설수":0,
            "초등학교학업성취도":89.99,
            "중학교학업성취도":82.5,
            "용적률":395,
            "건폐율":50,
            "Y":37.590912,
            "X":127.010742,
            "rank":61.0,
            "area_info":"13평(44.22), 14평(47.59), 14평(47.91), 14평(49.1), 15평(50.23), 15평(51.41), 15평(50.98), 15평(51.35), 16평(53.69), 16평(54.18), 17평(58.81), 18평(60.11), 19평(65.04), 21평(72.52), 22평(74.12)",
            "last_sales":"2020-04-28,11400.0,13평(44.22)",
            "rank_history":[
                [
                    "202203",
                    61
                ],
                [
                    "202202",
                    9999
                ]
            ],
            "rank_gap":9999
        },
        {
            "index":552,
            "아파트명":"정릉우성",
            "투자타입":"일반",
            "전용면적(m2)":"62.29",
            "전용면적(평)":"18평",
            "법정동주소":"서울시 성북구 정릉동 1020",
            "도로명주소":"서울시 성북구 북악산로 813",
            "세대수":80,
            "입주년차":20,
            "용적률점수":"--",
            "건폐율점수":"--",
            "세대당주차수":0,
            "난방방식":30,
            "공급면적":"--",
            "전용률":"--",
            "욕실수":50,
            "현관타입":10,
            "주거총점":41.0,
            "지역구공급총점":100.0,
            "역세권":80,
            "30분내 이동가능 거점":40,
            "1시간내 이동가능 거점":100,
            "교통총점":72.0,
            "백화점":100,
            "아울렛몰":80,
            "대형마트":0,
            "은행":0,
            "병원":0,
            "종합병원":100,
            "공원":100,
            "혐오시설":0,
            "인프라총점":61.0,
            "초등학군":89.98,
            "중학군":51.94,
            "학군총점":59.548,
            "인구수":47.53,
            "인구증감":-5.22,
            "인구총점":31.705,
            "일자리":16.22,
            "소득수준":57.56,
            "일자리총점":28.622,
            "가치 총점":60.6322,
            "매매실거래년":20211228.0,
            "매매실거래가":76000.0,
            "전세실거래년":20210930.0,
            "전세실거래가":22000.0,
            "전세가율":40.37,
            "장기전세가율평균":70.52,
            "전세가율거품지수":30.15,
            "검색코드":590,
            "세대수":823.0,
            "준공년월":"2000-02-12",
            "준공년차":23.0,
            "가까운역이름":"정릉",
            "가까운역거리":258.33,
            "역세권여부":"역세권",
            "30분이내주요거점역":2,
            "30분거점역이름":"['왕십리', '명동']",
            "1시간이내주요거점역":11,
            "1시간거점역이름":"['강남', '역삼', '잠실', '여의도', '을지로3가', '양재', '가산디지털단지', '왕십리', '홍대입구', '구로디지털단지', '명동']",
            "3km이내백화점수":2,
            "5km이내아울렛몰수":1,
            "1km이내대형먀트수":0,
            "500m이내은행수":1,
            "500m이내병원수":0,
            "5km이내대형병원수":9,
            "500m이내공원수":2,
            "3km이내혐오시설수":0,
            "초등학교학업성취도":89.98,
            "중학교학업성취도":83.3,
            "용적률":309,
            "건폐율":27,
            "Y":37.60101,
            "X":127.01566,
            "rank":62.0,
            "area_info":"18평(62.29), 23평(76.9), 23평(76.6), 31평(102.93), 31평(103.2), 40평(134.63)",
            "last_sales":"2021-12-28,76000.0,31평(103.2)",
            "rank_history":[
                [
                    "202203",
                    62
                ],
                [
                    "202202",
                    60
                ],
                [
                    "202201",
                    62
                ]
            ],
            "rank_gap":-2
        },
        {
            "index":30,
            "아파트명":"길음뉴타운7단지두산위브",
            "투자타입":"일반",
            "전용면적(m2)":"84.67",
            "전용면적(평)":"25평",
            "법정동주소":"서울시 성북구 길음동 1285",
            "도로명주소":"서울시 성북구 길음로13길 22",
            "세대수":50,
            "입주년차":60,
            "용적률점수":"--",
            "건폐율점수":"--",
            "세대당주차수":30,
            "난방방식":30,
            "공급면적":"--",
            "전용률":"--",
            "욕실수":100,
            "현관타입":100,
            "주거총점":57.0,
            "지역구공급총점":100.0,
            "역세권":50,
            "30분내 이동가능 거점":20,
            "1시간내 이동가능 거점":90,
            "교통총점":49.0,
            "백화점":100,
            "아울렛몰":80,
            "대형마트":80,
            "은행":20,
            "병원":0,
            "종합병원":100,
            "공원":100,
            "혐오시설":0,
            "인프라총점":75.0,
            "초등학군":90.0,
            "중학군":56.32,
            "학군총점":63.056,
            "인구수":47.53,
            "인구증감":-5.22,
            "인구총점":31.705,
            "일자리":16.22,
            "소득수준":57.56,
            "일자리총점":28.622,
            "가치 총점":60.5084,
            "매매실거래년":20220108.0,
            "매매실거래가":89800.0,
            "전세실거래년":20220127.0,
            "전세실거래가":42000.0,
            "전세가율":46.77,
            "장기전세가율평균":70.52,
            "전세가율거품지수":23.75,
            "검색코드":26251,
            "세대수":449.0,
            "준공년월":"2010-07-28",
            "준공년차":13.0,
            "가까운역이름":"길음",
            "가까운역거리":833.83,
            "역세권여부":"준역세권",
            "30분이내주요거점역":1,
            "30분거점역이름":"['명동']",
            "1시간이내주요거점역":9,
            "1시간거점역이름":"['강남', '역삼', '잠실', '여의도', '을지로3가', '양재', '왕십리', '홍대입구', '명동']",
            "3km이내백화점수":2,
            "5km이내아울렛몰수":1,
            "1km이내대형먀트수":1,
            "500m이내은행수":2,
            "500m이내병원수":0,
            "5km이내대형병원수":9,
            "500m이내공원수":9,
            "3km이내혐오시설수":0,
            "초등학교학업성취도":90.0,
            "중학교학업성취도":88.0,
            "용적률":223,
            "건폐율":16,
            "Y":37.609322,
            "X":127.019262,
            "rank":63.0,
            "area_info":"25평(84.67), 26평(87.39), 33평(112.03), 33평(112.14), 44평(145.96), 44평(146.39)",
            "last_sales":"2022-01-08,89800.0,25평(84.67)",
            "rank_history":[
                [
                    "202203",
                    63
                ],
                [
                    "202202",
                    75
                ],
                [
                    "202201",
                    74
                ]
            ],
            "rank_gap":12
        },
        {
            "index":305,
            "아파트명":"아남",
            "투자타입":"일반",
            "전용면적(m2)":"93.95",
            "전용면적(평)":"28평",
            "법정동주소":"서울시 성북구 보문동6가 36-2",
            "도로명주소":"서울시 성북구 보문사길 112",
            "세대수":0,
            "입주년차":0,
            "용적률점수":"--",
            "건폐율점수":"--",
            "세대당주차수":0,
            "난방방식":30,
            "공급면적":"--",
            "전용률":"--",
            "욕실수":50,
            "현관타입":100,
            "주거총점":18.0,
            "지역구공급총점":100.0,
            "역세권":80,
            "30분내 이동가능 거점":60,
            "1시간내 이동가능 거점":100,
            "교통총점":78.0,
            "백화점":100,
            "아울렛몰":80,
            "대형마트":0,
            "은행":70,
            "병원":0,
            "종합병원":100,
            "공원":100,
            "혐오시설":0,
            "인프라총점":68.0,
            "초등학군":89.98,
            "중학군":50.66,
            "학군총점":58.524,
            "인구수":47.53,
            "인구증감":-5.22,
            "인구총점":31.705,
            "일자리":16.22,
            "소득수준":57.56,
            "일자리총점":28.622,
            "가치 총점":60.0786,
            "매매실거래년":20220104.0,
            "매매실거래가":78000.0,
            "전세실거래년":20200229.0,
            "전세실거래가":31000.0,
            "전세가율":48.06,
            "장기전세가율평균":70.52,
            "전세가율거품지수":22.46,
            "검색코드":1180,
            "세대수":218.0,
            "준공년월":"1994-10-10",
            "준공년차":29.0,
            "가까운역이름":"창신",
            "가까운역거리":289.46,
            "역세권여부":"역세권",
            "30분이내주요거점역":3,
            "30분거점역이름":"['을지로3가', '왕십리', '명동']",
            "1시간이내주요거점역":14,
            "1시간거점역이름":"['강남', '역삼', '잠실', '판교', '여의도', '을지로3가', '양재', '평촌', '가산디지털단지', '왕십리', '홍대입구', '구로디지털단지', '명동', 'GTX성남(2023년)']",
            "3km이내백화점수":1,
            "5km이내아울렛몰수":1,
            "1km이내대형먀트수":0,
            "500m이내은행수":3,
            "500m이내병원수":0,
            "5km이내대형병원수":11,
            "500m이내공원수":3,
            "3km이내혐오시설수":0,
            "초등학교학업성취도":89.98,
            "중학교학업성취도":83.7,
            "용적률":237,
            "건폐율":24,
            "Y":37.581393,
            "X":127.017432,
            "rank":64.0,
            "area_info":"28평(93.95), 30평(101.51), 30평(101.65), 30평(102.26)",
            "last_sales":"2022-01-04,78000.0,30평(101.51)",
            "rank_history":[
                [
                    "202203",
                    64
                ],
                [
                    "202202",
                    48
                ],
                [
                    "202201",
                    58
                ]
            ],
            "rank_gap":-16
        },
        {
            "index":181,
            "아파트명":"현대저층",
            "투자타입":"재건축",
            "전용면적(m2)":"58.41",
            "전용면적(평)":"17평",
            "법정동주소":"서울시 성북구 돈암동 625-5",
            "도로명주소":"서울시 성북구 정릉로46길 17",
            "세대수":0,
            "입주년차":"--",
            "용적률점수":0,
            "건폐율점수":0,
            "세대당주차수":"--",
            "난방방식":"--",
            "공급면적":50,
            "전용률":80,
            "욕실수":"--",
            "현관타입":"--",
            "주거총점":6.5,
            "지역구공급총점":100.0,
            "역세권":80,
            "30분내 이동가능 거점":60,
            "1시간내 이동가능 거점":100,
            "교통총점":78.0,
            "백화점":100,
            "아울렛몰":80,
            "대형마트":80,
            "은행":20,
            "병원":0,
            "종합병원":100,
            "공원":100,
            "혐오시설":0,
            "인프라총점":75.0,
            "초등학군":89.98,
            "중학군":51.94,
            "학군총점":59.548,
            "인구수":47.53,
            "인구증감":-5.22,
            "인구총점":31.705,
            "일자리":16.22,
            "소득수준":57.56,
            "일자리총점":28.622,
            "가치 총점":60.0322,
            "매매실거래년":"18000101",
            "매매실거래가":null,
            "전세실거래년":null,
            "전세실거래가":null,
            "전세가율":null,
            "장기전세가율평균":70.52,
            "전세가율거품지수":null,
            "검색코드":11788,
            "세대수":203.0,
            "준공년월":"1981-04-30",
            "준공년차":42.0,
            "가까운역이름":"길음",
            "가까운역거리":288.73,
            "역세권여부":"역세권",
            "30분이내주요거점역":3,
            "30분거점역이름":"['을지로3가', '왕십리', '명동']",
            "1시간이내주요거점역":13,
            "1시간거점역이름":"['강남', '역삼', '잠실', '여의도', '을지로3가', '양재', '평촌', '가산디지털단지', '왕십리', '홍대입구', '구로디지털단지', '명동', 'GTX성남(2023년)']",
            "3km이내백화점수":2,
            "5km이내아울렛몰수":1,
            "1km이내대형먀트수":1,
            "500m이내은행수":2,
            "500m이내병원수":0,
            "5km이내대형병원수":9,
            "500m이내공원수":4,
            "3km이내혐오시설수":0,
            "초등학교학업성취도":89.98,
            "중학교학업성취도":83.3,
            "용적률":0,
            "건폐율":0,
            "Y":37.600808,
            "X":127.024775,
            "rank":65.0,
            "area_info":"17평(58.41), 22평(74.95), 26평(87.83), 29평(98.74), 32평(108.33)",
            "last_sales":"1800-01-01,nan,17평(58.41)",
            "rank_history":[
                [
                    "202203",
                    65
                ],
                [
                    "202202",
                    50
                ],
                [
                    "202201",
                    52
                ]
            ],
            "rank_gap":-15
        },
        {
            "index":355,
            "아파트명":"래미안석관",
            "투자타입":"일반",
            "전용면적(m2)":"79.71",
            "전용면적(평)":"24평",
            "법정동주소":"서울시 성북구 석관동 407",
            "도로명주소":"서울시 성북구 화랑로 214",
            "세대수":50,
            "입주년차":60,
            "용적률점수":"--",
            "건폐율점수":"--",
            "세대당주차수":30,
            "난방방식":30,
            "공급면적":"--",
            "전용률":"--",
            "욕실수":100,
            "현관타입":100,
            "주거총점":57.0,
            "지역구공급총점":100.0,
            "역세권":80,
            "30분내 이동가능 거점":20,
            "1시간내 이동가능 거점":90,
            "교통총점":64.0,
            "백화점":100,
            "아울렛몰":0,
            "대형마트":0,
            "은행":70,
            "병원":0,
            "종합병원":100,
            "공원":100,
            "혐오시설":0,
            "인프라총점":60.0,
            "초등학군":89.99,
            "중학군":45.9,
            "학군총점":54.718,
            "인구수":47.53,
            "인구증감":-5.22,
            "인구총점":31.705,
            "일자리":16.22,
            "소득수준":57.56,
            "일자리총점":28.622,
            "가치 총점":60.0077,
            "매매실거래년":20211001.0,
            "매매실거래가":90000.0,
            "전세실거래년":20220203.0,
            "전세실거래가":50000.0,
            "전세가율":55.56,
            "장기전세가율평균":70.52,
            "전세가율거품지수":14.96,
            "검색코드":25948,
            "세대수":580.0,
            "준공년월":"2009-06-26",
            "준공년차":14.0,
            "가까운역이름":"돌곶이",
            "가까운역거리":303.35,
            "역세권여부":"역세권",
            "30분이내주요거점역":1,
            "30분거점역이름":"['왕십리']",
            "1시간이내주요거점역":9,
            "1시간거점역이름":"['강남', '역삼', '잠실', '여의도', '을지로3가', '양재', '왕십리', '홍대입구', '명동']",
            "3km이내백화점수":2,
            "5km이내아울렛몰수":0,
            "1km이내대형먀트수":0,
            "500m이내은행수":3,
            "500m이내병원수":0,
            "5km이내대형병원수":13,
            "500m이내공원수":4,
            "3km이내혐오시설수":0,
            "초등학교학업성취도":89.99,
            "중학교학업성취도":74.7,
            "용적률":230,
            "건폐율":24,
            "Y":37.608303,
            "X":127.054476,
            "rank":66.0,
            "area_info":"24평(79.71), 24평(80.0), 32평(107.65), 32평(108.4), 41평(136.98)",
            "last_sales":"2021-10-01,90000.0,24평(79.71)",
            "rank_history":[
                [
                    "202203",
                    66
                ],
                [
                    "202202",
                    59
                ],
                [
                    "202201",
                    61
                ]
            ],
            "rank_gap":-7
        },
        {
            "index":175,
            "아파트명":"한신,한진",
            "투자타입":"일반",
            "전용면적(m2)":"81.7",
            "전용면적(평)":"24평",
            "법정동주소":"서울시 성북구 돈암동 609-1",
            "도로명주소":"서울시 성북구 성북로4길 52",
            "세대수":100,
            "입주년차":0,
            "용적률점수":"--",
            "건폐율점수":"--",
            "세대당주차수":30,
            "난방방식":80,
            "공급면적":"--",
            "전용률":"--",
            "욕실수":50,
            "현관타입":10,
            "주거총점":53.5,
            "지역구공급총점":100.0,
            "역세권":50,
            "30분내 이동가능 거점":60,
            "1시간내 이동가능 거점":100,
            "교통총점":63.0,
            "백화점":100,
            "아울렛몰":80,
            "대형마트":0,
            "은행":20,
            "병원":0,
            "종합병원":100,
            "공원":0,
            "혐오시설":0,
            "인프라총점":60.0,
            "초등학군":89.97,
            "중학군":54.64,
            "학군총점":61.706,
            "인구수":47.53,
            "인구증감":-5.22,
            "인구총점":31.705,
            "일자리":16.22,
            "소득수준":57.56,
            "일자리총점":28.622,
            "가치 총점":60.0059,
            "매매실거래년":20211225.0,
            "매매실거래가":71000.0,
            "전세실거래년":20220210.0,
            "전세실거래가":30450.0,
            "전세가율":42.89,
            "장기전세가율평균":70.52,
            "전세가율거품지수":27.63,
            "검색코드":582,
            "세대수":4515.0,
            "준공년월":"1998-07-01",
            "준공년차":25.0,
            "가까운역이름":"성신여대입구",
            "가까운역거리":624.9,
            "역세권여부":"준역세권",
            "30분이내주요거점역":3,
            "30분거점역이름":"['을지로3가', '왕십리', '명동']",
            "1시간이내주요거점역":10,
            "1시간거점역이름":"['강남', '잠실', '여의도', '을지로3가', '양재', '가산디지털단지', '왕십리', '홍대입구', '구로디지털단지', '명동']",
            "3km이내백화점수":2,
            "5km이내아울렛몰수":1,
            "1km이내대형먀트수":0,
            "500m이내은행수":2,
            "500m이내병원수":0,
            "5km이내대형병원수":12,
            "500m이내공원수":0,
            "3km이내혐오시설수":0,
            "초등학교학업성취도":89.97,
            "중학교학업성취도":88.8,
            "용적률":276,
            "건폐율":20,
            "Y":37.594958,
            "X":127.010493,
            "rank":67.0,
            "area_info":"24평(81.7), 27평(92.46), 33평(109.64), 43평(143.86), 49평(164.28), 55평(183.29)",
            "last_sales":"2021-12-25,71000.0,24평(81.7)",
            "rank_history":[
                [
                    "202203",
                    67
                ],
                [
                    "202202",
                    62
                ],
                [
                    "202201",
                    65
                ]
            ],
            "rank_gap":-5
        },
        {
            "index":16,
            "아파트명":"길음뉴타운4단지e편한세상",
            "투자타입":"일반",
            "전용면적(m2)":"79.66",
            "전용면적(평)":"24평",
            "법정동주소":"서울시 성북구 길음동 1281",
            "도로명주소":"서울시 성북구 길음로 118",
            "세대수":100,
            "입주년차":40,
            "용적률점수":"--",
            "건폐율점수":"--",
            "세대당주차수":30,
            "난방방식":30,
            "공급면적":"--",
            "전용률":"--",
            "욕실수":100,
            "현관타입":100,
            "주거총점":70.5,
            "지역구공급총점":100.0,
            "역세권":50,
            "30분내 이동가능 거점":0,
            "1시간내 이동가능 거점":80,
            "교통총점":41.0,
            "백화점":100,
            "아울렛몰":80,
            "대형마트":80,
            "은행":0,
            "병원":0,
            "종합병원":100,
            "공원":100,
            "혐오시설":0,
            "인프라총점":73.0,
            "초등학군":90.01,
            "중학군":56.32,
            "학군총점":63.058,
            "인구수":47.53,
            "인구증감":-5.22,
            "인구총점":31.705,
            "일자리":16.22,
            "소득수준":57.56,
            "일자리총점":28.622,
            "가치 총점":59.8087,
            "매매실거래년":20211201.0,
            "매매실거래가":109800.0,
            "전세실거래년":20220211.0,
            "전세실거래가":42000.0,
            "전세가율":47.19,
            "장기전세가율평균":70.52,
            "전세가율거품지수":23.33,
            "검색코드":8083,
            "세대수":1605.0,
            "준공년월":"2005-04-20",
            "준공년차":18.0,
            "가까운역이름":"미아사거리",
            "가까운역거리":953.23,
            "역세권여부":"준역세권",
            "30분이내주요거점역":0,
            "30분거점역이름":"[]",
            "1시간이내주요거점역":8,
            "1시간거점역이름":"['강남', '잠실', '여의도', '을지로3가', '양재', '왕십리', '홍대입구', '명동']",
            "3km이내백화점수":2,
            "5km이내아울렛몰수":1,
            "1km이내대형먀트수":1,
            "500m이내은행수":1,
            "500m이내병원수":0,
            "5km이내대형병원수":8,
            "500m이내공원수":5,
            "3km이내혐오시설수":0,
            "초등학교학업성취도":90.01,
            "중학교학업성취도":88.0,
            "용적률":246,
            "건폐율":19,
            "Y":37.612296,
            "X":127.019336,
            "rank":68.0,
            "area_info":"24평(79.66), 24평(79.62), 24평(80.1), 33평(109.23), 38평(125.82), 43평(143.32)",
            "last_sales":"2021-12-01,109800.0,33평(109.23)",
            "rank_history":[
                [
                    "202203",
                    68
                ],
                [
                    "202202",
                    63
                ],
                [
                    "202201",
                    82
                ]
            ],
            "rank_gap":-5
        },
        {
            "index":513,
            "아파트명":"정릉e-편한세상2차",
            "투자타입":"일반",
            "전용면적(m2)":"74.64",
            "전용면적(평)":"22평",
            "법정동주소":"서울시 성북구 정릉동 1035",
            "도로명주소":"서울시 성북구 북악산로 851",
            "세대수":50,
            "입주년차":60,
            "용적률점수":"--",
            "건폐율점수":"--",
            "세대당주차수":30,
            "난방방식":30,
            "공급면적":"--",
            "전용률":"--",
            "욕실수":50,
            "현관타입":100,
            "주거총점":52.0,
            "지역구공급총점":100.0,
            "역세권":50,
            "30분내 이동가능 거점":60,
            "1시간내 이동가능 거점":100,
            "교통총점":63.0,
            "백화점":100,
            "아울렛몰":80,
            "대형마트":0,
            "은행":0,
            "병원":0,
            "종합병원":100,
            "공원":100,
            "혐오시설":0,
            "인프라총점":61.0,
            "초등학군":90.0,
            "중학군":51.94,
            "학군총점":59.552,
            "인구수":47.53,
            "인구증감":-5.22,
            "인구총점":31.705,
            "일자리":16.22,
            "소득수준":57.56,
            "일자리총점":28.622,
            "가치 총점":59.6828,
            "매매실거래년":20220205.0,
            "매매실거래가":80000.0,
            "전세실거래년":20130531.0,
            "전세실거래가":23000.0,
            "전세가율":28.75,
            "장기전세가율평균":70.52,
            "전세가율거품지수":41.77,
            "검색코드":25782,
            "세대수":527.0,
            "준공년월":"2009-06-08",
            "준공년차":14.0,
            "가까운역이름":"정릉",
            "가까운역거리":608.14,
            "역세권여부":"준역세권",
            "30분이내주요거점역":3,
            "30분거점역이름":"['을지로3가', '왕십리', '명동']",
            "1시간이내주요거점역":11,
            "1시간거점역이름":"['강남', '역삼', '잠실', '여의도', '을지로3가', '양재', '가산디지털단지', '왕십리', '홍대입구', '명동', 'GTX성남(2023년)']",
            "3km이내백화점수":2,
            "5km이내아울렛몰수":1,
            "1km이내대형먀트수":0,
            "500m이내은행수":1,
            "500m이내병원수":0,
            "5km이내대형병원수":10,
            "500m이내공원수":2,
            "3km이내혐오시설수":0,
            "초등학교학업성취도":90.0,
            "중학교학업성취도":83.3,
            "용적률":235,
            "건폐율":23,
            "Y":37.599963,
            "X":127.019577,
            "rank":69.0,
            "area_info":"22평(74.64), 23평(78.35), 23평(78.9), 34평(113.83), 34평(115.56), 41평(136.52), 41평(138.78), 43평(142.92)",
            "last_sales":"2022-02-05,80000.0,22평(74.64)",
            "rank_history":[
                [
                    "202203",
                    69
                ],
                [
                    "202202",
                    52
                ],
                [
                    "202201",
                    55
                ]
            ],
            "rank_gap":-17
        },
        {
            "index":669,
            "아파트명":"종암선경",
            "투자타입":"일반",
            "전용면적(m2)":"73.67",
            "전용면적(평)":"22평",
            "법정동주소":"서울시 성북구 종암동 34-3",
            "도로명주소":"서울시 성북구 종암로5길 26",
            "세대수":0,
            "입주년차":0,
            "용적률점수":"--",
            "건폐율점수":"--",
            "세대당주차수":30,
            "난방방식":30,
            "공급면적":"--",
            "전용률":"--",
            "욕실수":50,
            "현관타입":10,
            "주거총점":13.5,
            "지역구공급총점":100.0,
            "역세권":80,
            "30분내 이동가능 거점":60,
            "1시간내 이동가능 거점":100,
            "교통총점":78.0,
            "백화점":100,
            "아울렛몰":80,
            "대형마트":80,
            "은행":0,
            "병원":0,
            "종합병원":100,
            "공원":0,
            "혐오시설":0,
            "인프라총점":70.0,
            "초등학군":89.99,
            "중학군":47.72,
            "학군총점":56.174,
            "인구수":47.53,
            "인구증감":-5.22,
            "인구총점":31.705,
            "일자리":16.22,
            "소득수준":57.56,
            "일자리총점":28.622,
            "가치 총점":59.4261,
            "매매실거래년":20210903.0,
            "매매실거래가":45000.0,
            "전세실거래년":20210828.0,
            "전세실거래가":32000.0,
            "전세가율":71.11,
            "장기전세가율평균":70.52,
            "전세가율거품지수":-0.59,
            "검색코드":1192,
            "세대수":238.0,
            "준공년월":"1996-09-19",
            "준공년차":27.0,
            "가까운역이름":"고려대",
            "가까운역거리":493.29,
            "역세권여부":"역세권",
            "30분이내주요거점역":3,
            "30분거점역이름":"['을지로3가', '왕십리', '명동']",
            "1시간이내주요거점역":12,
            "1시간거점역이름":"['강남', '역삼', '잠실', '여의도', '을지로3가', '양재', '가산디지털단지', '왕십리', '홍대입구', '구로디지털단지', '명동', 'GTX성남(2023년)']",
            "3km이내백화점수":3,
            "5km이내아울렛몰수":1,
            "1km이내대형먀트수":1,
            "500m이내은행수":1,
            "500m이내병원수":0,
            "5km이내대형병원수":10,
            "500m이내공원수":0,
            "3km이내혐오시설수":0,
            "초등학교학업성취도":89.99,
            "중학교학업성취도":77.4,
            "용적률":309,
            "건폐율":33,
            "Y":37.594533,
            "X":127.034143,
            "rank":70.0,
            "area_info":"22평(73.67), 27평(91.26)",
            "last_sales":"2021-09-03,45000.0,22평(73.67)",
            "rank_history":[
                [
                    "202203",
                    70
                ],
                [
                    "202202",
                    79
                ],
                [
                    "202201",
                    77
                ]
            ],
            "rank_gap":9
        },
        {
            "index":695,
            "아파트명":"꿈의숲푸르지오",
            "투자타입":"일반",
            "전용면적(m2)":"79.72",
            "전용면적(평)":"24평",
            "법정동주소":"서울시 성북구 하월곡동 228",
            "도로명주소":"서울시 성북구 오패산로16가길 40",
            "세대수":80,
            "입주년차":60,
            "용적률점수":"--",
            "건폐율점수":"--",
            "세대당주차수":30,
            "난방방식":30,
            "공급면적":"--",
            "전용률":"--",
            "욕실수":100,
            "현관타입":100,
            "주거총점":67.5,
            "지역구공급총점":100.0,
            "역세권":50,
            "30분내 이동가능 거점":20,
            "1시간내 이동가능 거점":90,
            "교통총점":49.0,
            "백화점":100,
            "아울렛몰":0,
            "대형마트":100,
            "은행":0,
            "병원":0,
            "종합병원":100,
            "공원":100,
            "혐오시설":0,
            "인프라총점":68.0,
            "초등학군":89.98,
            "중학군":47.18,
            "학군총점":55.74,
            "인구수":47.53,
            "인구증감":-5.22,
            "인구총점":31.705,
            "일자리":16.22,
            "소득수준":57.56,
            "일자리총점":28.622,
            "가치 총점":59.411,
            "매매실거래년":20211113.0,
            "매매실거래가":86000.0,
            "전세실거래년":20220115.0,
            "전세실거래가":31500.0,
            "전세가율":36.63,
            "장기전세가율평균":70.52,
            "전세가율거품지수":33.89,
            "검색코드":26130,
            "세대수":714.0,
            "준공년월":"2010-04-29",
            "준공년차":13.0,
            "가까운역이름":"미아사거리",
            "가까운역거리":808.86,
            "역세권여부":"준역세권",
            "30분이내주요거점역":1,
            "30분거점역이름":"['을지로3가']",
            "1시간이내주요거점역":9,
            "1시간거점역이름":"['강남', '역삼', '잠실', '여의도', '을지로3가', '양재', '왕십리', '홍대입구', '명동']",
            "3km이내백화점수":2,
            "5km이내아울렛몰수":0,
            "1km이내대형먀트수":4,
            "500m이내은행수":1,
            "500m이내병원수":0,
            "5km이내대형병원수":11,
            "500m이내공원수":3,
            "3km이내혐오시설수":0,
            "초등학교학업성취도":89.98,
            "중학교학업성취도":74.3,
            "용적률":200,
            "건폐율":20,
            "Y":37.610644,
            "X":127.038646,
            "rank":71.0,
            "area_info":"24평(79.72), 24평(79.72), 32평(105.83), 32평(105.83), 42평(140.12)",
            "last_sales":"2021-11-13,86000.0,24평(79.72)",
            "rank_history":[
                [
                    "202203",
                    71
                ],
                [
                    "202202",
                    71
                ],
                [
                    "202201",
                    71
                ]
            ],
            "rank_gap":0
        },
        {
            "index":509,
            "아파트명":"정릉e-편한세상1차",
            "투자타입":"일반",
            "전용면적(m2)":"79.41",
            "전용면적(평)":"24평",
            "법정동주소":"서울시 성북구 정릉동 1028",
            "도로명주소":"서울시 성북구 솔샘로24길 15",
            "세대수":80,
            "입주년차":40,
            "용적률점수":"--",
            "건폐율점수":"--",
            "세대당주차수":30,
            "난방방식":30,
            "공급면적":"--",
            "전용률":"--",
            "욕실수":100,
            "현관타입":100,
            "주거총점":63.5,
            "지역구공급총점":100.0,
            "역세권":80,
            "30분내 이동가능 거점":20,
            "1시간내 이동가능 거점":90,
            "교통총점":64.0,
            "백화점":100,
            "아울렛몰":0,
            "대형마트":0,
            "은행":0,
            "병원":0,
            "종합병원":100,
            "공원":0,
            "혐오시설":0,
            "인프라총점":50.0,
            "초등학군":89.99,
            "중학군":52.92,
            "학군총점":60.334,
            "인구수":47.53,
            "인구증감":-5.22,
            "인구총점":31.705,
            "일자리":16.22,
            "소득수준":57.56,
            "일자리총점":28.622,
            "가치 총점":59.1501,
            "매매실거래년":20211224.0,
            "매매실거래가":75500.0,
            "전세실거래년":20220105.0,
            "전세실거래가":40000.0,
            "전세가율":52.98,
            "장기전세가율평균":70.52,
            "전세가율거품지수":17.54,
            "검색코드":8596,
            "세대수":739.0,
            "준공년월":"2006-06-02",
            "준공년차":17.0,
            "가까운역이름":"북한산보국문",
            "가까운역거리":392.02,
            "역세권여부":"역세권",
            "30분이내주요거점역":1,
            "30분거점역이름":"['명동']",
            "1시간이내주요거점역":9,
            "1시간거점역이름":"['강남', '역삼', '잠실', '여의도', '을지로3가', '양재', '왕십리', '홍대입구', '명동']",
            "3km이내백화점수":2,
            "5km이내아울렛몰수":0,
            "1km이내대형먀트수":0,
            "500m이내은행수":0,
            "500m이내병원수":0,
            "5km이내대형병원수":7,
            "500m이내공원수":0,
            "3km이내혐오시설수":0,
            "초등학교학업성취도":89.99,
            "중학교학업성취도":84.0,
            "용적률":243,
            "건폐율":16,
            "Y":37.615328,
            "X":127.010155,
            "rank":72.0,
            "area_info":"24평(79.41), 24평(79.41), 32평(107.71), 41평(135.86)",
            "last_sales":"2021-12-24,75500.0,24평(79.41)",
            "rank_history":[
                [
                    "202203",
                    72
                ],
                [
                    "202202",
                    67
                ],
                [
                    "202201",
                    72
                ]
            ],
            "rank_gap":-5
        },
        {
            "index":720,
            "아파트명":"삼전솔하임3차(도시형)",
            "투자타입":"일반",
            "전용면적(m2)":"24.86",
            "전용면적(평)":"7평",
            "법정동주소":"서울시 성북구 하월곡동 88-510",
            "도로명주소":"서울시 성북구 동소문로46길 18",
            "세대수":0,
            "입주년차":60,
            "용적률점수":"--",
            "건폐율점수":"--",
            "세대당주차수":0,
            "난방방식":30,
            "공급면적":"--",
            "전용률":"--",
            "욕실수":50,
            "현관타입":10,
            "주거총점":21.0,
            "지역구공급총점":100.0,
            "역세권":50,
            "30분내 이동가능 거점":60,
            "1시간내 이동가능 거점":100,
            "교통총점":63.0,
            "백화점":100,
            "아울렛몰":80,
            "대형마트":100,
            "은행":70,
            "병원":0,
            "종합병원":100,
            "공원":100,
            "혐오시설":0,
            "인프라총점":83.0,
            "초등학군":90.0,
            "중학군":41.44,
            "학군총점":51.152,
            "인구수":47.53,
            "인구증감":-5.22,
            "인구총점":31.705,
            "일자리":16.22,
            "소득수준":57.56,
            "일자리총점":28.622,
            "가치 총점":58.8228,
            "매매실거래년":20220212.0,
            "매매실거래가":12500.0,
            "전세실거래년":20220203.0,
            "전세실거래가":11000.0,
            "전세가율":88.0,
            "장기전세가율평균":70.52,
            "전세가율거품지수":-17.48,
            "검색코드":104690,
            "세대수":190.0,
            "준공년월":"2013-11-11",
            "준공년차":10.0,
            "가까운역이름":"길음",
            "가까운역거리":567.1,
            "역세권여부":"준역세권",
            "30분이내주요거점역":3,
            "30분거점역이름":"['을지로3가', '왕십리', '명동']",
            "1시간이내주요거점역":10,
            "1시간거점역이름":"['강남', '역삼', '잠실', '여의도', '을지로3가', '양재', '왕십리', '홍대입구', '명동', 'GTX성남(2023년)']",
            "3km이내백화점수":2,
            "5km이내아울렛몰수":1,
            "1km이내대형먀트수":3,
            "500m이내은행수":3,
            "500m이내병원수":0,
            "5km이내대형병원수":10,
            "500m이내공원수":3,
            "3km이내혐오시설수":0,
            "초등학교학업성취도":90.0,
            "중학교학업성취도":67.8,
            "용적률":617,
            "건폐율":48,
            "Y":37.606698,
            "X":127.029965,
            "rank":73.0,
            "area_info":"7평(24.86), 7평(24.74), 7평(24.75), 7평(24.7)",
            "last_sales":"2022-02-12,12500.0,7평(24.86)",
            "rank_history":[
                [
                    "202203",
                    73
                ],
                [
                    "202202",
                    57
                ],
                [
                    "202201",
                    59
                ]
            ],
            "rank_gap":-16
        },
        {
            "index":147,
            "아파트명":"돈암힐스테이트",
            "투자타입":"일반",
            "전용면적(m2)":"76.3",
            "전용면적(평)":"23평",
            "법정동주소":"서울시 성북구 돈암동 639",
            "도로명주소":"서울시 성북구 아리랑로 68",
            "세대수":0,
            "입주년차":40,
            "용적률점수":"--",
            "건폐율점수":"--",
            "세대당주차수":30,
            "난방방식":30,
            "공급면적":"--",
            "전용률":"--",
            "욕실수":100,
            "현관타입":100,
            "주거총점":35.5,
            "지역구공급총점":100.0,
            "역세권":80,
            "30분내 이동가능 거점":40,
            "1시간내 이동가능 거점":100,
            "교통총점":72.0,
            "백화점":100,
            "아울렛몰":80,
            "대형마트":0,
            "은행":0,
            "병원":0,
            "종합병원":100,
            "공원":0,
            "혐오시설":0,
            "인프라총점":58.0,
            "초등학군":89.98,
            "중학군":51.94,
            "학군총점":59.548,
            "인구수":47.53,
            "인구증감":-5.22,
            "인구총점":31.705,
            "일자리":16.22,
            "소득수준":57.56,
            "일자리총점":28.622,
            "가치 총점":58.6322,
            "매매실거래년":20210821.0,
            "매매실거래가":88000.0,
            "전세실거래년":20220205.0,
            "전세실거래가":39900.0,
            "전세가율":45.34,
            "장기전세가율평균":70.52,
            "전세가율거품지수":25.18,
            "검색코드":22106,
            "세대수":200.0,
            "준공년월":"2007-04-18",
            "준공년차":16.0,
            "가까운역이름":"정릉",
            "가까운역거리":466.9,
            "역세권여부":"역세권",
            "30분이내주요거점역":2,
            "30분거점역이름":"['을지로3가', '명동']",
            "1시간이내주요거점역":10,
            "1시간거점역이름":"['강남', '역삼', '잠실', '여의도', '을지로3가', '양재', '왕십리', '홍대입구', '구로디지털단지', '명동']",
            "3km이내백화점수":2,
            "5km이내아울렛몰수":1,
            "1km이내대형먀트수":0,
            "500m이내은행수":0,
            "500m이내병원수":0,
            "5km이내대형병원수":9,
            "500m이내공원수":0,
            "3km이내혐오시설수":0,
            "초등학교학업성취도":89.98,
            "중학교학업성취도":83.3,
            "용적률":231,
            "건폐율":22,
            "Y":37.59861,
            "X":127.015133,
            "rank":74.0,
            "area_info":"23평(76.3), 23평(76.63), 31평(102.73), 31평(103.06), 40평(132.92)",
            "last_sales":"2021-08-21,88000.0,23평(76.3)",
            "rank_history":[
                [
                    "202203",
                    74
                ],
                [
                    "202202",
                    44
                ],
                [
                    "202201",
                    50
                ]
            ],
            "rank_gap":-30
        },
        {
            "index":572,
            "아파트명":"정릉중앙하이츠빌1단지",
            "투자타입":"일반",
            "전용면적(m2)":"78.34",
            "전용면적(평)":"23평",
            "법정동주소":"서울시 성북구 정릉동 494",
            "도로명주소":"서울시 성북구 아리랑로19길 60",
            "세대수":50,
            "입주년차":40,
            "용적률점수":"--",
            "건폐율점수":"--",
            "세대당주차수":30,
            "난방방식":30,
            "공급면적":"--",
            "전용률":"--",
            "욕실수":50,
            "현관타입":100,
            "주거총점":48.0,
            "지역구공급총점":100.0,
            "역세권":80,
            "30분내 이동가능 거점":20,
            "1시간내 이동가능 거점":100,
            "교통총점":66.0,
            "백화점":100,
            "아울렛몰":80,
            "대형마트":0,
            "은행":0,
            "병원":0,
            "종합병원":100,
            "공원":0,
            "혐오시설":0,
            "인프라총점":58.0,
            "초등학군":89.99,
            "중학군":48.54,
            "학군총점":56.83,
            "인구수":47.53,
            "인구증감":-5.22,
            "인구총점":31.705,
            "일자리":16.22,
            "소득수준":57.56,
            "일자리총점":28.622,
            "가치 총점":58.6245,
            "매매실거래년":20220122.0,
            "매매실거래가":67000.0,
            "전세실거래년":20210822.0,
            "전세실거래가":30000.0,
            "전세가율":44.78,
            "장기전세가율평균":70.52,
            "전세가율거품지수":25.74,
            "검색코드":9539,
            "세대수":433.0,
            "준공년월":"2004-04-30",
            "준공년차":19.0,
            "가까운역이름":"정릉",
            "가까운역거리":344.42,
            "역세권여부":"역세권",
            "30분이내주요거점역":1,
            "30분거점역이름":"['명동']",
            "1시간이내주요거점역":11,
            "1시간거점역이름":"['강남', '역삼', '잠실', '여의도', '을지로3가', '양재', '가산디지털단지', '왕십리', '홍대입구', '구로디지털단지', '명동']",
            "3km이내백화점수":2,
            "5km이내아울렛몰수":1,
            "1km이내대형먀트수":0,
            "500m이내은행수":1,
            "500m이내병원수":0,
            "5km이내대형병원수":8,
            "500m이내공원수":0,
            "3km이내혐오시설수":0,
            "초등학교학업성취도":89.99,
            "중학교학업성취도":79.3,
            "용적률":277,
            "건폐율":21,
            "Y":37.602457,
            "X":127.009635,
            "rank":75.0,
            "area_info":"23평(78.34), 32평(107.08), 32평(107.13)",
            "last_sales":"2022-01-22,67000.0,23평(78.34)",
            "rank_history":[
                [
                    "202203",
                    75
                ],
                [
                    "202202",
                    70
                ],
                [
                    "202201",
                    70
                ]
            ],
            "rank_gap":-5
        },
        {
            "index":491,
            "아파트명":"길음뉴타운데시앙",
            "투자타입":"일반",
            "전용면적(m2)":"74.32",
            "전용면적(평)":"22평",
            "법정동주소":"서울시 성북구 정릉동 1018",
            "도로명주소":"서울시 성북구 서경로 28",
            "세대수":50,
            "입주년차":20,
            "용적률점수":"--",
            "건폐율점수":"--",
            "세대당주차수":30,
            "난방방식":30,
            "공급면적":"--",
            "전용률":"--",
            "욕실수":50,
            "현관타입":10,
            "주거총점":35.0,
            "지역구공급총점":100.0,
            "역세권":80,
            "30분내 이동가능 거점":20,
            "1시간내 이동가능 거점":100,
            "교통총점":66.0,
            "백화점":100,
            "아울렛몰":80,
            "대형마트":0,
            "은행":20,
            "병원":0,
            "종합병원":100,
            "공원":100,
            "혐오시설":0,
            "인프라총점":63.0,
            "초등학군":89.99,
            "중학군":56.32,
            "학군총점":63.054,
            "인구수":47.53,
            "인구증감":-5.22,
            "인구총점":31.705,
            "일자리":16.22,
            "소득수준":57.56,
            "일자리총점":28.622,
            "가치 총점":58.4581,
            "매매실거래년":20210302.0,
            "매매실거래가":80000.0,
            "전세실거래년":20200905.0,
            "전세실거래가":25000.0,
            "전세가율":71.43,
            "장기전세가율평균":70.52,
            "전세가율거품지수":-0.91,
            "검색코드":1190,
            "세대수":514.0,
            "준공년월":"1999-11-22",
            "준공년차":24.0,
            "가까운역이름":"정릉",
            "가까운역거리":489.93,
            "역세권여부":"역세권",
            "30분이내주요거점역":1,
            "30분거점역이름":"['명동']",
            "1시간이내주요거점역":10,
            "1시간거점역이름":"['강남', '역삼', '잠실', '여의도', '을지로3가', '양재', '가산디지털단지', '왕십리', '홍대입구', '명동']",
            "3km이내백화점수":2,
            "5km이내아울렛몰수":1,
            "1km이내대형먀트수":0,
            "500m이내은행수":2,
            "500m이내병원수":0,
            "5km이내대형병원수":9,
            "500m이내공원수":10,
            "3km이내혐오시설수":0,
            "초등학교학업성취도":89.99,
            "중학교학업성취도":88.0,
            "용적률":273,
            "건폐율":26,
            "Y":37.606547,
            "X":127.016048,
            "rank":76.0,
            "area_info":"22평(74.32), 24평(79.62), 27평(91.85), 34평(113.14), 34평(113.83), 42평(140.66), 46평(153.79), 46평(154.03)",
            "last_sales":"2021-03-02,80000.0,46평(153.79)",
            "rank_history":[
                [
                    "202203",
                    76
                ],
                [
                    "202202",
                    74
                ],
                [
                    "202201",
                    75
                ]
            ],
            "rank_gap":-2
        },
        {
            "index":639,
            "아파트명":"극동",
            "투자타입":"일반",
            "전용면적(m2)":"86.86",
            "전용면적(평)":"26평",
            "법정동주소":"서울시 성북구 종암동 128",
            "도로명주소":"서울시 성북구 북악산로29길 67",
            "세대수":0,
            "입주년차":20,
            "용적률점수":"--",
            "건폐율점수":"--",
            "세대당주차수":30,
            "난방방식":30,
            "공급면적":"--",
            "전용률":"--",
            "욕실수":50,
            "현관타입":100,
            "주거총점":26.5,
            "지역구공급총점":100.0,
            "역세권":50,
            "30분내 이동가능 거점":60,
            "1시간내 이동가능 거점":100,
            "교통총점":63.0,
            "백화점":100,
            "아울렛몰":80,
            "대형마트":80,
            "은행":20,
            "병원":0,
            "종합병원":100,
            "공원":80,
            "혐오시설":0,
            "인프라총점":74.4,
            "초등학군":89.99,
            "중학군":47.72,
            "학군총점":56.174,
            "인구수":47.53,
            "인구증감":-5.22,
            "인구총점":31.705,
            "일자리":16.22,
            "소득수준":57.56,
            "일자리총점":28.622,
            "가치 총점":58.0961,
            "매매실거래년":20210619.0,
            "매매실거래가":91500.0,
            "전세실거래년":null,
            "전세실거래가":null,
            "전세가율":null,
            "장기전세가율평균":70.52,
            "전세가율거품지수":null,
            "검색코드":3539,
            "세대수":297.0,
            "준공년월":"2000-12-07",
            "준공년차":23.0,
            "가까운역이름":"고려대",
            "가까운역거리":587.95,
            "역세권여부":"준역세권",
            "30분이내주요거점역":3,
            "30분거점역이름":"['을지로3가', '왕십리', '명동']",
            "1시간이내주요거점역":12,
            "1시간거점역이름":"['강남', '역삼', '잠실', '여의도', '을지로3가', '양재', '가산디지털단지', '왕십리', '홍대입구', '구로디지털단지', '명동', 'GTX성남(2023년)']",
            "3km이내백화점수":3,
            "5km이내아울렛몰수":1,
            "1km이내대형먀트수":1,
            "500m이내은행수":2,
            "500m이내병원수":0,
            "5km이내대형병원수":10,
            "500m이내공원수":1,
            "3km이내혐오시설수":0,
            "초등학교학업성취도":89.99,
            "중학교학업성취도":77.4,
            "용적률":272,
            "건폐율":23,
            "Y":37.59535,
            "X":127.033826,
            "rank":77.0,
            "area_info":"26평(86.86), 26평(88.57), 32평(107.98), 32평(108.27), 43평(144.42)",
            "last_sales":"2021-06-19,91500.0,43평(144.42)",
            "rank_history":[
                [
                    "202203",
                    77
                ],
                [
                    "202202",
                    72
                ],
                [
                    "202201",
                    73
                ]
            ],
            "rank_gap":-5
        },
        {
            "index":342,
            "아파트명":"우남",
            "투자타입":"일반",
            "전용면적(m2)":"74.19",
            "전용면적(평)":"22평",
            "법정동주소":"서울시 성북구 상월곡동 55-56",
            "도로명주소":"서울시 성북구 화랑로15길 4",
            "세대수":0,
            "입주년차":0,
            "용적률점수":"--",
            "건폐율점수":"--",
            "세대당주차수":80,
            "난방방식":30,
            "공급면적":"--",
            "전용률":"--",
            "욕실수":50,
            "현관타입":10,
            "주거총점":21.0,
            "지역구공급총점":100.0,
            "역세권":80,
            "30분내 이동가능 거점":40,
            "1시간내 이동가능 거점":100,
            "교통총점":72.0,
            "백화점":100,
            "아울렛몰":0,
            "대형마트":100,
            "은행":0,
            "병원":0,
            "종합병원":100,
            "공원":100,
            "혐오시설":0,
            "인프라총점":68.0,
            "초등학군":89.99,
            "중학군":45.9,
            "학군총점":54.718,
            "인구수":47.53,
            "인구증감":-5.22,
            "인구총점":31.705,
            "일자리":16.22,
            "소득수준":57.56,
            "일자리총점":28.622,
            "가치 총점":58.0077,
            "매매실거래년":20200709.0,
            "매매실거래가":72500.0,
            "전세실거래년":20120419.0,
            "전세실거래가":14000.0,
            "전세가율":44.87,
            "장기전세가율평균":70.52,
            "전세가율거품지수":25.65,
            "검색코드":1182,
            "세대수":225.0,
            "준공년월":"1994-12-24",
            "준공년차":29.0,
            "가까운역이름":"상월곡",
            "가까운역거리":202.6,
            "역세권여부":"역세권",
            "30분이내주요거점역":2,
            "30분거점역이름":"['왕십리', '명동']",
            "1시간이내주요거점역":11,
            "1시간거점역이름":"['강남', '역삼', '잠실', '여의도', '을지로3가', '양재', '가산디지털단지', '왕십리', '홍대입구', '구로디지털단지', '명동']",
            "3km이내백화점수":3,
            "5km이내아울렛몰수":0,
            "1km이내대형먀트수":2,
            "500m이내은행수":0,
            "500m이내병원수":0,
            "5km이내대형병원수":12,
            "500m이내공원수":2,
            "3km이내혐오시설수":0,
            "초등학교학업성취도":89.99,
            "중학교학업성취도":74.7,
            "용적률":0,
            "건폐율":0,
            "Y":37.60587,
            "X":127.0467,
            "rank":78.0,
            "area_info":"22평(74.19), 23평(76.11), 26평(87.84), 26평(88.14), 32평(107.37), 42평(139.32), 59평(198.29)",
            "last_sales":"2020-07-09,72500.0,59평(198.29)",
            "rank_history":[
                [
                    "202203",
                    78
                ],
                [
                    "202202",
                    85
                ],
                [
                    "202201",
                    90
                ]
            ],
            "rank_gap":7
        },
        {
            "index":391,
            "아파트명":"래미안안암",
            "투자타입":"일반",
            "전용면적(m2)":"79.61",
            "전용면적(평)":"24평",
            "법정동주소":"서울시 성북구 안암동1가 361",
            "도로명주소":"서울시 성북구 고려대로17가길 64",
            "세대수":50,
            "입주년차":40,
            "용적률점수":"--",
            "건폐율점수":"--",
            "세대당주차수":30,
            "난방방식":30,
            "공급면적":"--",
            "전용률":"--",
            "욕실수":100,
            "현관타입":100,
            "주거총점":53.0,
            "지역구공급총점":100.0,
            "역세권":50,
            "30분내 이동가능 거점":60,
            "1시간내 이동가능 거점":100,
            "교통총점":63.0,
            "백화점":100,
            "아울렛몰":80,
            "대형마트":0,
            "은행":20,
            "병원":0,
            "종합병원":100,
            "공원":0,
            "혐오시설":0,
            "인프라총점":60.0,
            "초등학군":90.0,
            "중학군":38.22,
            "학군총점":48.576,
            "인구수":47.53,
            "인구증감":-5.22,
            "인구총점":31.705,
            "일자리":16.22,
            "소득수준":57.56,
            "일자리총점":28.622,
            "가치 총점":57.9364,
            "매매실거래년":20211202.0,
            "매매실거래가":123000.0,
            "전세실거래년":20220218.0,
            "전세실거래가":42000.0,
            "전세가율":53.16,
            "장기전세가율평균":70.52,
            "전세가율거품지수":17.36,
            "검색코드":9874,
            "세대수":528.0,
            "준공년월":"2005-06-16",
            "준공년차":18.0,
            "가까운역이름":"보문",
            "가까운역거리":540.69,
            "역세권여부":"준역세권",
            "30분이내주요거점역":3,
            "30분거점역이름":"['을지로3가', '왕십리', '명동']",
            "1시간이내주요거점역":12,
            "1시간거점역이름":"['강남', '역삼', '잠실', '여의도', '을지로3가', '양재', '가산디지털단지', '왕십리', '홍대입구', '구로디지털단지', '명동', 'GTX성남(2023년)']",
            "3km이내백화점수":3,
            "5km이내아울렛몰수":1,
            "1km이내대형먀트수":0,
            "500m이내은행수":2,
            "500m이내병원수":0,
            "5km이내대형병원수":9,
            "500m이내공원수":0,
            "3km이내혐오시설수":0,
            "초등학교학업성취도":90.0,
            "중학교학업성취도":63.7,
            "용적률":199,
            "건폐율":18,
            "Y":37.589659,
            "X":127.023268,
            "rank":79.0,
            "area_info":"24평(79.61), 31평(105.73), 42평(140.36)",
            "last_sales":"2021-12-02,123000.0,42평(140.36)",
            "rank_history":[
                [
                    "202203",
                    79
                ],
                [
                    "202202",
                    61
                ],
                [
                    "202201",
                    69
                ]
            ],
            "rank_gap":-18
        },
        {
            "index":604,
            "아파트명":"정릉힐스테이트3차",
            "투자타입":"일반",
            "전용면적(m2)":"86.83",
            "전용면적(평)":"26평",
            "법정동주소":"서울시 성북구 정릉동 1031",
            "도로명주소":"서울시 성북구 보국문로 116",
            "세대수":50,
            "입주년차":40,
            "용적률점수":"--",
            "건폐율점수":"--",
            "세대당주차수":30,
            "난방방식":30,
            "공급면적":"--",
            "전용률":"--",
            "욕실수":100,
            "현관타입":100,
            "주거총점":53.0,
            "지역구공급총점":100.0,
            "역세권":80,
            "30분내 이동가능 거점":20,
            "1시간내 이동가능 거점":100,
            "교통총점":66.0,
            "백화점":100,
            "아울렛몰":0,
            "대형마트":0,
            "은행":0,
            "병원":0,
            "종합병원":100,
            "공원":0,
            "혐오시설":0,
            "인프라총점":50.0,
            "초등학군":89.99,
            "중학군":52.92,
            "학군총점":60.334,
            "인구수":47.53,
            "인구증감":-5.22,
            "인구총점":31.705,
            "일자리":16.22,
            "소득수준":57.56,
            "일자리총점":28.622,
            "가치 총점":57.7501,
            "매매실거래년":20211210.0,
            "매매실거래가":89000.0,
            "전세실거래년":20220123.0,
            "전세실거래가":47000.0,
            "전세가율":58.39,
            "장기전세가율평균":70.52,
            "전세가율거품지수":12.13,
            "검색코드":23779,
            "세대수":522.0,
            "준공년월":"2008-06-09",
            "준공년차":15.0,
            "가까운역이름":"북한산보국문",
            "가까운역거리":271.92,
            "역세권여부":"역세권",
            "30분이내주요거점역":1,
            "30분거점역이름":"['명동']",
            "1시간이내주요거점역":10,
            "1시간거점역이름":"['강남', '역삼', '잠실', '여의도', '을지로3가', '양재', '가산디지털단지', '왕십리', '홍대입구', '명동']",
            "3km이내백화점수":2,
            "5km이내아울렛몰수":0,
            "1km이내대형먀트수":0,
            "500m이내은행수":0,
            "500m이내병원수":0,
            "5km이내대형병원수":7,
            "500m이내공원수":0,
            "3km이내혐오시설수":0,
            "초등학교학업성취도":89.99,
            "중학교학업성취도":84.0,
            "용적률":179,
            "건폐율":23,
            "Y":37.614571,
            "X":127.007968,
            "rank":80.0,
            "area_info":"26평(86.83), 33평(110.22), 43평(142.95)",
            "last_sales":"2021-12-10,89000.0,33평(110.22)",
            "rank_history":[
                [
                    "202203",
                    80
                ],
                [
                    "202202",
                    76
                ],
                [
                    "202201",
                    80
                ]
            ],
            "rank_gap":-4
        },
        {
            "index":621,
            "아파트명":"청구",
            "투자타입":"일반",
            "전용면적(m2)":"75.57",
            "전용면적(평)":"22평",
            "법정동주소":"서울시 성북구 정릉동 1013",
            "도로명주소":"서울시 성북구 서경로 91",
            "세대수":0,
            "입주년차":20,
            "용적률점수":"--",
            "건폐율점수":"--",
            "세대당주차수":30,
            "난방방식":30,
            "공급면적":"--",
            "전용률":"--",
            "욕실수":50,
            "현관타입":50,
            "주거총점":21.5,
            "지역구공급총점":100.0,
            "역세권":80,
            "30분내 이동가능 거점":40,
            "1시간내 이동가능 거점":90,
            "교통총점":70.0,
            "백화점":100,
            "아울렛몰":80,
            "대형마트":0,
            "은행":20,
            "병원":0,
            "종합병원":100,
            "공원":100,
            "혐오시설":0,
            "인프라총점":63.0,
            "초등학군":90.0,
            "중학군":56.32,
            "학군총점":63.056,
            "인구수":47.53,
            "인구증감":-5.22,
            "인구총점":31.705,
            "일자리":16.22,
            "소득수준":57.56,
            "일자리총점":28.622,
            "가치 총점":57.1584,
            "매매실거래년":20190311.0,
            "매매실거래가":32500.0,
            "전세실거래년":20210302.0,
            "전세실거래가":22000.0,
            "전세가율":88.0,
            "장기전세가율평균":70.52,
            "전세가율거품지수":-17.48,
            "검색코드":8835,
            "세대수":52.0,
            "준공년월":"1999-01-11",
            "준공년차":24.0,
            "가까운역이름":"북한산보국문",
            "가까운역거리":486.08,
            "역세권여부":"역세권",
            "30분이내주요거점역":2,
            "30분거점역이름":"['을지로3가', '명동']",
            "1시간이내주요거점역":9,
            "1시간거점역이름":"['강남', '역삼', '잠실', '여의도', '을지로3가', '양재', '왕십리', '홍대입구', '명동']",
            "3km이내백화점수":2,
            "5km이내아울렛몰수":1,
            "1km이내대형먀트수":0,
            "500m이내은행수":2,
            "500m이내병원수":0,
            "5km이내대형병원수":8,
            "500m이내공원수":2,
            "3km이내혐오시설수":0,
            "초등학교학업성취도":90.0,
            "중학교학업성취도":88.0,
            "용적률":225,
            "건폐율":41,
            "Y":37.611122,
            "X":127.013631,
            "rank":81.0,
            "area_info":"22평(75.57), 23평(76.28), 23평(76.49), 26평(87.73), 32평(106.56), 32평(108.59)",
            "last_sales":"2019-03-11,32500.0,32평(108.59)",
            "rank_history":[
                [
                    "202203",
                    81
                ],
                [
                    "202202",
                    9999
                ]
            ],
            "rank_gap":9999
        },
        {
            "index":724,
            "아파트명":"샹그레빌",
            "투자타입":"일반",
            "전용면적(m2)":"107.38",
            "전용면적(평)":"32평",
            "법정동주소":"서울시 성북구 하월곡동 224",
            "도로명주소":"서울시 성북구 회기로5길 100",
            "세대수":30,
            "입주년차":40,
            "용적률점수":"--",
            "건폐율점수":"--",
            "세대당주차수":30,
            "난방방식":30,
            "공급면적":"--",
            "전용률":"--",
            "욕실수":100,
            "현관타입":100,
            "주거총점":46.0,
            "지역구공급총점":100.0,
            "역세권":50,
            "30분내 이동가능 거점":20,
            "1시간내 이동가능 거점":90,
            "교통총점":49.0,
            "백화점":100,
            "아울렛몰":80,
            "대형마트":80,
            "은행":0,
            "병원":0,
            "종합병원":100,
            "공원":100,
            "혐오시설":0,
            "인프라총점":73.0,
            "초등학군":90.0,
            "중학군":50.62,
            "학군총점":58.496,
            "인구수":47.53,
            "인구증감":-5.22,
            "인구총점":31.705,
            "일자리":16.22,
            "소득수준":57.56,
            "일자리총점":28.622,
            "가치 총점":57.0244,
            "매매실거래년":20211112.0,
            "매매실거래가":80000.0,
            "전세실거래년":20220109.0,
            "전세실거래가":51000.0,
            "전세가율":63.75,
            "장기전세가율평균":70.52,
            "전세가율거품지수":6.77,
            "검색코드":10768,
            "세대수":352.0,
            "준공년월":"2004-07-07",
            "준공년차":19.0,
            "가까운역이름":"월곡",
            "가까운역거리":604.81,
            "역세권여부":"준역세권",
            "30분이내주요거점역":1,
            "30분거점역이름":"['왕십리']",
            "1시간이내주요거점역":9,
            "1시간거점역이름":"['강남', '역삼', '잠실', '여의도', '을지로3가', '양재', '왕십리', '홍대입구', '명동']",
            "3km이내백화점수":3,
            "5km이내아울렛몰수":1,
            "1km이내대형먀트수":1,
            "500m이내은행수":1,
            "500m이내병원수":0,
            "5km이내대형병원수":10,
            "500m이내공원수":2,
            "3km이내혐오시설수":0,
            "초등학교학업성취도":90.0,
            "중학교학업성취도":81.1,
            "용적률":287,
            "건폐율":25,
            "Y":37.596366,
            "X":127.041344,
            "rank":82.0,
            "area_info":"32평(107.38), 32평(107.51), 32평(108.38), 32평(108.61)",
            "last_sales":"2021-11-12,80000.0,32평(107.38)",
            "rank_history":[
                [
                    "202203",
                    82
                ],
                [
                    "202202",
                    77
                ],
                [
                    "202201",
                    85
                ]
            ],
            "rank_gap":-5
        },
        {
            "index":197,
            "아파트명":"메트로미가",
            "투자타입":"일반",
            "전용면적(m2)":"31.25",
            "전용면적(평)":"9평",
            "법정동주소":"서울시 성북구 동소문동4가 118",
            "도로명주소":"서울시 성북구 동소문로 53",
            "세대수":0,
            "입주년차":100,
            "용적률점수":"--",
            "건폐율점수":"--",
            "세대당주차수":0,
            "난방방식":30,
            "공급면적":"--",
            "전용률":"--",
            "욕실수":50,
            "현관타입":10,
            "주거총점":29.0,
            "지역구공급총점":100.0,
            "역세권":50,
            "30분내 이동가능 거점":60,
            "1시간내 이동가능 거점":100,
            "교통총점":63.0,
            "백화점":100,
            "아울렛몰":80,
            "대형마트":0,
            "은행":70,
            "병원":0,
            "종합병원":100,
            "공원":80,
            "혐오시설":0,
            "인프라총점":67.4,
            "초등학군":89.99,
            "중학군":51.3,
            "학군총점":59.038,
            "인구수":47.53,
            "인구증감":-5.22,
            "인구총점":31.705,
            "일자리":16.22,
            "소득수준":57.56,
            "일자리총점":28.622,
            "가치 총점":56.9257,
            "매매실거래년":"18000101",
            "매매실거래가":null,
            "전세실거래년":null,
            "전세실거래가":null,
            "전세가율":null,
            "장기전세가율평균":70.52,
            "전세가율거품지수":null,
            "검색코드":125024,
            "세대수":80.0,
            "준공년월":"2019-03-26",
            "준공년차":4.0,
            "가까운역이름":"성신여대입구",
            "가까운역거리":536.71,
            "역세권여부":"준역세권",
            "30분이내주요거점역":3,
            "30분거점역이름":"['을지로3가', '왕십리', '명동']",
            "1시간이내주요거점역":13,
            "1시간거점역이름":"['강남', '역삼', '잠실', '판교', '여의도', '을지로3가', '양재', '가산디지털단지', '왕십리', '홍대입구', '구로디지털단지', '명동', 'GTX성남(2023년)']",
            "3km이내백화점수":1,
            "5km이내아울렛몰수":1,
            "1km이내대형먀트수":0,
            "500m이내은행수":3,
            "500m이내병원수":0,
            "5km이내대형병원수":11,
            "500m이내공원수":1,
            "3km이내혐오시설수":0,
            "초등학교학업성취도":89.99,
            "중학교학업성취도":82.5,
            "용적률":388,
            "건폐율":52,
            "Y":37.591198,
            "X":127.011459,
            "rank":83.0,
            "area_info":"9평(31.25), 9평(32.66), 9평(32.82), 10평(33.06), 10평(33.68), 10평(36.32), 11평(37.14), 12평(41.17), 13평(43.14), 13평(44.18), 17평(58.04)",
            "last_sales":"1800-01-01,nan,9평(31.25)",
            "rank_history":[
                [
                    "202203",
                    83
                ],
                [
                    "202202",
                    9999
                ]
            ],
            "rank_gap":9999
        },
        {
            "index":558,
            "아파트명":"정릉우정에쉐르",
            "투자타입":"일반",
            "전용면적(m2)":"77.04",
            "전용면적(평)":"23평",
            "법정동주소":"서울시 성북구 정릉동 1033",
            "도로명주소":"서울시 성북구 북악산로 742-12",
            "세대수":0,
            "입주년차":60,
            "용적률점수":"--",
            "건폐율점수":"--",
            "세대당주차수":30,
            "난방방식":30,
            "공급면적":"--",
            "전용률":"--",
            "욕실수":50,
            "현관타입":100,
            "주거총점":34.5,
            "지역구공급총점":100.0,
            "역세권":80,
            "30분내 이동가능 거점":20,
            "1시간내 이동가능 거점":100,
            "교통총점":66.0,
            "백화점":100,
            "아울렛몰":80,
            "대형마트":0,
            "은행":0,
            "병원":0,
            "종합병원":100,
            "공원":0,
            "혐오시설":0,
            "인프라총점":58.0,
            "초등학군":89.98,
            "중학군":54.64,
            "학군총점":61.708,
            "인구수":47.53,
            "인구증감":-5.22,
            "인구총점":31.705,
            "일자리":16.22,
            "소득수준":57.56,
            "일자리총점":28.622,
            "가치 총점":56.6562,
            "매매실거래년":20201104.0,
            "매매실거래가":67000.0,
            "전세실거래년":20210403.0,
            "전세실거래가":28700.0,
            "전세가율":63.78,
            "장기전세가율평균":70.52,
            "전세가율거품지수":6.74,
            "검색코드":23218,
            "세대수":212.0,
            "준공년월":"2009-04-16",
            "준공년차":14.0,
            "가까운역이름":"정릉",
            "가까운역거리":388.84,
            "역세권여부":"역세권",
            "30분이내주요거점역":1,
            "30분거점역이름":"['명동']",
            "1시간이내주요거점역":10,
            "1시간거점역이름":"['강남', '역삼', '잠실', '여의도', '을지로3가', '양재', '가산디지털단지', '왕십리', '홍대입구', '명동']",
            "3km이내백화점수":2,
            "5km이내아울렛몰수":1,
            "1km이내대형먀트수":0,
            "500m이내은행수":1,
            "500m이내병원수":0,
            "5km이내대형병원수":8,
            "500m이내공원수":0,
            "3km이내혐오시설수":0,
            "초등학교학업성취도":89.98,
            "중학교학업성취도":88.8,
            "용적률":304,
            "건폐율":28,
            "Y":37.60005,
            "X":127.010539,
            "rank":84.0,
            "area_info":"23평(77.04), 29평(97.06), 30평(99.98), 30평(99.71), 31평(104.37), 32평(106.9), 32평(108.88), 33평(109.71), 42평(139.61)",
            "last_sales":"2020-11-04,67000.0,33평(109.71)",
            "rank_history":[
                [
                    "202203",
                    84
                ],
                [
                    "202202",
                    68
                ],
                [
                    "202201",
                    67
                ]
            ],
            "rank_gap":-16
        },
        {
            "index":316,
            "아파트명":"삼선현대힐스테이트",
            "투자타입":"일반",
            "전용면적(m2)":"74.13",
            "전용면적(평)":"22평",
            "법정동주소":"서울시 성북구 삼선동2가 420",
            "도로명주소":"서울시 성북구 낙산길 243-15",
            "세대수":30,
            "입주년차":60,
            "용적률점수":"--",
            "건폐율점수":"--",
            "세대당주차수":30,
            "난방방식":30,
            "공급면적":"--",
            "전용률":"--",
            "욕실수":100,
            "현관타입":100,
            "주거총점":50.0,
            "지역구공급총점":100.0,
            "역세권":80,
            "30분내 이동가능 거점":60,
            "1시간내 이동가능 거점":100,
            "교통총점":78.0,
            "백화점":0,
            "아울렛몰":100,
            "대형마트":0,
            "은행":20,
            "병원":0,
            "종합병원":100,
            "공원":100,
            "혐오시설":0,
            "인프라총점":35.0,
            "초등학군":89.98,
            "중학군":50.66,
            "학군총점":58.524,
            "인구수":47.53,
            "인구증감":-5.22,
            "인구총점":31.705,
            "일자리":16.22,
            "소득수준":57.56,
            "일자리총점":28.622,
            "가치 총점":56.5786,
            "매매실거래년":20211020.0,
            "매매실거래가":85000.0,
            "전세실거래년":20220117.0,
            "전세실거래가":34650.0,
            "전세가율":40.76,
            "장기전세가율평균":70.52,
            "전세가율거품지수":29.76,
            "검색코드":22156,
            "세대수":377.0,
            "준공년월":"2009-12-01",
            "준공년차":14.0,
            "가까운역이름":"창신",
            "가까운역거리":337.86,
            "역세권여부":"역세권",
            "30분이내주요거점역":3,
            "30분거점역이름":"['을지로3가', '왕십리', '명동']",
            "1시간이내주요거점역":14,
            "1시간거점역이름":"['강남', '역삼', '잠실', '판교', '여의도', '을지로3가', '양재', '평촌', '가산디지털단지', '왕십리', '홍대입구', '구로디지털단지', '명동', 'GTX성남(2023년)']",
            "3km이내백화점수":0,
            "5km이내아울렛몰수":2,
            "1km이내대형먀트수":0,
            "500m이내은행수":2,
            "500m이내병원수":0,
            "5km이내대형병원수":12,
            "500m이내공원수":4,
            "3km이내혐오시설수":0,
            "초등학교학업성취도":89.98,
            "중학교학업성취도":83.7,
            "용적률":229,
            "건폐율":24,
            "Y":37.582062,
            "X":127.013415,
            "rank":85.0,
            "area_info":"22평(74.13), 30평(101.17), 32평(106.28), 32평(107.56), 32평(108.57), 41평(137.64)",
            "last_sales":"2021-10-20,85000.0,22평(74.13)",
            "rank_history":[
                [
                    "202203",
                    85
                ],
                [
                    "202202",
                    69
                ],
                [
                    "202201",
                    34
                ]
            ],
            "rank_gap":-16
        },
        {
            "index":0,
            "아파트명":"길음뉴타운11단지롯데캐슬골든힐스",
            "투자타입":"일반",
            "전용면적(m2)":"82.04",
            "전용면적(평)":"24평",
            "법정동주소":"서울시 성북구 길음동 1287-1",
            "도로명주소":"서울시 성북구 서경로 60",
            "세대수":30,
            "입주년차":100,
            "용적률점수":"--",
            "건폐율점수":"--",
            "세대당주차수":30,
            "난방방식":30,
            "공급면적":"--",
            "전용률":"--",
            "욕실수":100,
            "현관타입":100,
            "주거총점":58.0,
            "지역구공급총점":100.0,
            "역세권":50,
            "30분내 이동가능 거점":20,
            "1시간내 이동가능 거점":80,
            "교통총점":47.0,
            "백화점":100,
            "아울렛몰":80,
            "대형마트":0,
            "은행":20,
            "병원":0,
            "종합병원":100,
            "공원":100,
            "혐오시설":0,
            "인프라총점":63.0,
            "초등학군":90.0,
            "중학군":56.32,
            "학군총점":63.056,
            "인구수":47.53,
            "인구증감":-5.22,
            "인구총점":31.705,
            "일자리":16.22,
            "소득수준":57.56,
            "일자리총점":28.622,
            "가치 총점":56.4084,
            "매매실거래년":20211002.0,
            "매매실거래가":118000.0,
            "전세실거래년":20211117.0,
            "전세실거래가":53000.0,
            "전세가율":55.5,
            "장기전세가율평균":70.52,
            "전세가율거품지수":15.02,
            "검색코드":112474,
            "세대수":399.0,
            "준공년월":"2019-05-07",
            "준공년차":4.0,
            "가까운역이름":"정릉",
            "가까운역거리":737.03,
            "역세권여부":"준역세권",
            "30분이내주요거점역":1,
            "30분거점역이름":"['명동']",
            "1시간이내주요거점역":8,
            "1시간거점역이름":"['강남', '잠실', '을지로3가', '양재', '왕십리', '홍대입구', '구로디지털단지', '명동']",
            "3km이내백화점수":2,
            "5km이내아울렛몰수":1,
            "1km이내대형먀트수":0,
            "500m이내은행수":2,
            "500m이내병원수":0,
            "5km이내대형병원수":9,
            "500m이내공원수":10,
            "3km이내혐오시설수":0,
            "초등학교학업성취도":90.0,
            "중학교학업성취도":88.0,
            "용적률":241,
            "건폐율":20,
            "Y":37.608913,
            "X":127.016146,
            "rank":86.0,
            "area_info":"24평(82.04), 24평(82.04), 24평(82.61), 24평(82.58), 30평(100.5), 34평(114.79), 34평(115.37)",
            "last_sales":"2021-10-02,118000.0,34평(115.37)",
            "rank_history":[
                [
                    "202203",
                    86
                ],
                [
                    "202202",
                    84
                ],
                [
                    "202201",
                    83
                ]
            ],
            "rank_gap":-2
        },
        {
            "index":575,
            "아파트명":"정릉푸르지오",
            "투자타입":"일반",
            "전용면적(m2)":"78.36",
            "전용면적(평)":"23평",
            "법정동주소":"서울시 성북구 정릉동 406",
            "도로명주소":"서울시 성북구 보국문로 19",
            "세대수":50,
            "입주년차":40,
            "용적률점수":"--",
            "건폐율점수":"--",
            "세대당주차수":30,
            "난방방식":30,
            "공급면적":"--",
            "전용률":"--",
            "욕실수":50,
            "현관타입":100,
            "주거총점":48.0,
            "지역구공급총점":100.0,
            "역세권":50,
            "30분내 이동가능 거점":40,
            "1시간내 이동가능 거점":90,
            "교통총점":55.0,
            "백화점":100,
            "아울렛몰":80,
            "대형마트":0,
            "은행":20,
            "병원":0,
            "종합병원":100,
            "공원":100,
            "혐오시설":0,
            "인프라총점":63.0,
            "초등학군":89.99,
            "중학군":48.54,
            "학군총점":56.83,
            "인구수":47.53,
            "인구증감":-5.22,
            "인구총점":31.705,
            "일자리":16.22,
            "소득수준":57.56,
            "일자리총점":28.622,
            "가치 총점":56.2745,
            "매매실거래년":20220117.0,
            "매매실거래가":79000.0,
            "전세실거래년":20220205.0,
            "전세실거래가":50000.0,
            "전세가율":63.29,
            "장기전세가율평균":70.52,
            "전세가율거품지수":7.23,
            "검색코드":13846,
            "세대수":403.0,
            "준공년월":"2005-11-28",
            "준공년차":18.0,
            "가까운역이름":"정릉",
            "가까운역거리":514.48,
            "역세권여부":"준역세권",
            "30분이내주요거점역":2,
            "30분거점역이름":"['왕십리', '명동']",
            "1시간이내주요거점역":9,
            "1시간거점역이름":"['강남', '역삼', '잠실', '여의도', '을지로3가', '가산디지털단지', '왕십리', '홍대입구', '명동']",
            "3km이내백화점수":2,
            "5km이내아울렛몰수":1,
            "1km이내대형먀트수":0,
            "500m이내은행수":2,
            "500m이내병원수":0,
            "5km이내대형병원수":9,
            "500m이내공원수":2,
            "3km이내혐오시설수":0,
            "초등학교학업성취도":89.99,
            "중학교학업성취도":79.3,
            "용적률":249,
            "건폐율":18,
            "Y":37.606317,
            "X":127.010037,
            "rank":87.0,
            "area_info":"23평(78.36), 23평(78.36), 32평(106.79), 41평(135.59), 41평(135.59)",
            "last_sales":"2022-01-17,79000.0,23평(78.36)",
            "rank_history":[
                [
                    "202203",
                    87
                ],
                [
                    "202202",
                    47
                ],
                [
                    "202201",
                    51
                ]
            ],
            "rank_gap":-40
        },
        {
            "index":535,
            "아파트명":"정릉대주피오레2차",
            "투자타입":"일반",
            "전용면적(m2)":"81.38",
            "전용면적(평)":"24평",
            "법정동주소":"서울시 성북구 정릉동 1032",
            "도로명주소":"서울시 성북구 아리랑로19길 86",
            "세대수":0,
            "입주년차":40,
            "용적률점수":"--",
            "건폐율점수":"--",
            "세대당주차수":30,
            "난방방식":30,
            "공급면적":"--",
            "전용률":"--",
            "욕실수":100,
            "현관타입":100,
            "주거총점":35.5,
            "지역구공급총점":100.0,
            "역세권":80,
            "30분내 이동가능 거점":20,
            "1시간내 이동가능 거점":100,
            "교통총점":66.0,
            "백화점":100,
            "아울렛몰":80,
            "대형마트":0,
            "은행":0,
            "병원":0,
            "종합병원":100,
            "공원":0,
            "혐오시설":0,
            "인프라총점":58.0,
            "초등학군":89.99,
            "중학군":48.54,
            "학군총점":56.83,
            "인구수":47.53,
            "인구증감":-5.22,
            "인구총점":31.705,
            "일자리":16.22,
            "소득수준":57.56,
            "일자리총점":28.622,
            "가치 총점":56.1245,
            "매매실거래년":20210910.0,
            "매매실거래가":67500.0,
            "전세실거래년":20210627.0,
            "전세실거래가":42000.0,
            "전세가율":65.42,
            "장기전세가율평균":70.52,
            "전세가율거품지수":5.1,
            "검색코드":18543,
            "세대수":169.0,
            "준공년월":"2008-05-30",
            "준공년차":15.0,
            "가까운역이름":"정릉",
            "가까운역거리":416.4,
            "역세권여부":"역세권",
            "30분이내주요거점역":1,
            "30분거점역이름":"['명동']",
            "1시간이내주요거점역":10,
            "1시간거점역이름":"['강남', '역삼', '잠실', '여의도', '을지로3가', '양재', '가산디지털단지', '왕십리', '홍대입구', '명동']",
            "3km이내백화점수":2,
            "5km이내아울렛몰수":1,
            "1km이내대형먀트수":0,
            "500m이내은행수":1,
            "500m이내병원수":0,
            "5km이내대형병원수":8,
            "500m이내공원수":0,
            "3km이내혐오시설수":0,
            "초등학교학업성취도":89.99,
            "중학교학업성취도":79.3,
            "용적률":173,
            "건폐율":23,
            "Y":37.601829,
            "X":127.008918,
            "rank":88.0,
            "area_info":"24평(81.38), 32평(105.89), 32평(106.9), 32평(107.71)",
            "last_sales":"2021-09-10,67500.0,32평(106.9)",
            "rank_history":[
                [
                    "202203",
                    88
                ],
                [
                    "202202",
                    83
                ],
                [
                    "202201",
                    84
                ]
            ],
            "rank_gap":-5
        },
        {
            "index":7,
            "아파트명":"길음뉴타운2단지푸르지오",
            "투자타입":"일반",
            "전용면적(m2)":"77.66",
            "전용면적(평)":"23평",
            "법정동주소":"서울시 성북구 길음동 1280",
            "도로명주소":"서울시 성북구 길음로 119",
            "세대수":100,
            "입주년차":40,
            "용적률점수":"--",
            "건폐율점수":"--",
            "세대당주차수":30,
            "난방방식":30,
            "공급면적":"--",
            "전용률":"--",
            "욕실수":100,
            "현관타입":100,
            "주거총점":70.5,
            "지역구공급총점":100.0,
            "역세권":50,
            "30분내 이동가능 거점":0,
            "1시간내 이동가능 거점":70,
            "교통총점":39.0,
            "백화점":100,
            "아울렛몰":80,
            "대형마트":0,
            "은행":20,
            "병원":0,
            "종합병원":100,
            "공원":100,
            "혐오시설":0,
            "인프라총점":63.0,
            "초등학군":89.99,
            "중학군":56.32,
            "학군총점":63.054,
            "인구수":47.53,
            "인구증감":-5.22,
            "인구총점":31.705,
            "일자리":16.22,
            "소득수준":57.56,
            "일자리총점":28.622,
            "가치 총점":56.1081,
            "매매실거래년":20211101.0,
            "매매실거래가":126000.0,
            "전세실거래년":null,
            "전세실거래가":null,
            "전세가율":null,
            "장기전세가율평균":70.52,
            "전세가율거품지수":null,
            "검색코드":8082,
            "세대수":1634.0,
            "준공년월":"2005-04-20",
            "준공년차":18.0,
            "가까운역이름":"북한산보국문",
            "가까운역거리":735.46,
            "역세권여부":"준역세권",
            "30분이내주요거점역":0,
            "30분거점역이름":"[]",
            "1시간이내주요거점역":7,
            "1시간거점역이름":"['강남', '잠실', '여의도', '을지로3가', '양재', '왕십리', '명동']",
            "3km이내백화점수":2,
            "5km이내아울렛몰수":1,
            "1km이내대형먀트수":0,
            "500m이내은행수":2,
            "500m이내병원수":0,
            "5km이내대형병원수":7,
            "500m이내공원수":6,
            "3km이내혐오시설수":0,
            "초등학교학업성취도":89.99,
            "중학교학업성취도":88.0,
            "용적률":254,
            "건폐율":17,
            "Y":37.611669,
            "X":127.016592,
            "rank":89.0,
            "area_info":"23평(77.66), 23평(77.49), 23평(78.94), 33평(112.04), 41평(135.74), 50평(166.16)",
            "last_sales":"2021-11-01,126000.0,50평(166.16)",
            "rank_history":[
                [
                    "202203",
                    89
                ],
                [
                    "202202",
                    80
                ],
                [
                    "202201",
                    86
                ]
            ],
            "rank_gap":-9
        },
        {
            "index":223,
            "아파트명":"송산",
            "투자타입":"일반",
            "전용면적(m2)":"76.27",
            "전용면적(평)":"23평",
            "법정동주소":"서울시 성북구 동소문동4가 279",
            "도로명주소":"서울시 성북구 동소문로3길 101",
            "세대수":30,
            "입주년차":0,
            "용적률점수":"--",
            "건폐율점수":"--",
            "세대당주차수":0,
            "난방방식":30,
            "공급면적":"--",
            "전용률":"--",
            "욕실수":50,
            "현관타입":100,
            "주거총점":28.5,
            "지역구공급총점":100.0,
            "역세권":50,
            "30분내 이동가능 거점":60,
            "1시간내 이동가능 거점":100,
            "교통총점":63.0,
            "백화점":100,
            "아울렛몰":80,
            "대형마트":0,
            "은행":70,
            "병원":0,
            "종합병원":100,
            "공원":0,
            "혐오시설":0,
            "인프라총점":65.0,
            "초등학군":89.99,
            "중학군":51.3,
            "학군총점":59.038,
            "인구수":47.53,
            "인구증감":-5.22,
            "인구총점":31.705,
            "일자리":16.22,
            "소득수준":57.56,
            "일자리총점":28.622,
            "가치 총점":56.1057,
            "매매실거래년":20211016.0,
            "매매실거래가":70000.0,
            "전세실거래년":20220218.0,
            "전세실거래가":43000.0,
            "전세가율":61.43,
            "장기전세가율평균":70.52,
            "전세가율거품지수":9.09,
            "검색코드":584,
            "세대수":345.0,
            "준공년월":"1998-06-12",
            "준공년차":25.0,
            "가까운역이름":"성신여대입구",
            "가까운역거리":587.32,
            "역세권여부":"준역세권",
            "30분이내주요거점역":3,
            "30분거점역이름":"['을지로3가', '왕십리', '명동']",
            "1시간이내주요거점역":13,
            "1시간거점역이름":"['강남', '역삼', '잠실', '판교', '여의도', '을지로3가', '양재', '가산디지털단지', '왕십리', '홍대입구', '구로디지털단지', '명동', 'GTX성남(2023년)']",
            "3km이내백화점수":1,
            "5km이내아울렛몰수":1,
            "1km이내대형먀트수":0,
            "500m이내은행수":3,
            "500m이내병원수":0,
            "5km이내대형병원수":12,
            "500m이내공원수":0,
            "3km이내혐오시설수":0,
            "초등학교학업성취도":89.99,
            "중학교학업성취도":82.5,
            "용적률":251,
            "건폐율":25,
            "Y":37.592571,
            "X":127.010479,
            "rank":90.0,
            "area_info":"23평(76.27), 33평(110.47), 43평(145.2), 45평(149.33), 49평(164.95), 57평(188.71)",
            "last_sales":"2021-10-16,70000.0,23평(76.27)",
            "rank_history":[
                [
                    "202203",
                    90
                ],
                [
                    "202202",
                    73
                ],
                [
                    "202201",
                    68
                ]
            ],
            "rank_gap":-17
        },
        {
            "index":502,
            "아파트명":"산장",
            "투자타입":"재건축",
            "전용면적(m2)":"82.65",
            "전용면적(평)":"25평",
            "법정동주소":"서울시 성북구 정릉동 산87-85",
            "도로명주소":"서울시 성북구 북악산로 713",
            "세대수":0,
            "입주년차":"--",
            "용적률점수":100,
            "건폐율점수":60,
            "세대당주차수":"--",
            "난방방식":"--",
            "공급면적":70,
            "전용률":40,
            "욕실수":"--",
            "현관타입":"--",
            "주거총점":57.5,
            "지역구공급총점":100.0,
            "역세권":50,
            "30분내 이동가능 거점":20,
            "1시간내 이동가능 거점":100,
            "교통총점":51.0,
            "백화점":100,
            "아울렛몰":80,
            "대형마트":0,
            "은행":0,
            "병원":0,
            "종합병원":100,
            "공원":0,
            "혐오시설":0,
            "인프라총점":58.0,
            "초등학군":89.99,
            "중학군":54.64,
            "학군총점":61.71,
            "인구수":47.53,
            "인구증감":-5.22,
            "인구총점":31.705,
            "일자리":16.22,
            "소득수준":57.56,
            "일자리총점":28.622,
            "가치 총점":56.0065,
            "매매실거래년":"18000101",
            "매매실거래가":null,
            "전세실거래년":null,
            "전세실거래가":null,
            "전세가율":null,
            "장기전세가율평균":70.52,
            "전세가율거품지수":null,
            "검색코드":15711,
            "세대수":126.0,
            "준공년월":"1990-11-16",
            "준공년차":33.0,
            "가까운역이름":"정릉",
            "가까운역거리":638.49,
            "역세권여부":"준역세권",
            "30분이내주요거점역":1,
            "30분거점역이름":"['명동']",
            "1시간이내주요거점역":10,
            "1시간거점역이름":"['강남', '역삼', '잠실', '여의도', '을지로3가', '양재', '왕십리', '홍대입구', '구로디지털단지', '명동']",
            "3km이내백화점수":2,
            "5km이내아울렛몰수":1,
            "1km이내대형먀트수":0,
            "500m이내은행수":0,
            "500m이내병원수":0,
            "5km이내대형병원수":9,
            "500m이내공원수":0,
            "3km이내혐오시설수":0,
            "초등학교학업성취도":89.99,
            "중학교학업성취도":88.8,
            "용적률":101,
            "건폐율":33,
            "Y":37.600003,
            "X":127.007085,
            "rank":91.0,
            "area_info":"25평(82.65), 27평(89.26), 27평(89.26), 27평(92.56), 27평(92.56)",
            "last_sales":"1800-01-01,nan,25평(82.65)",
            "rank_history":[
                [
                    "202203",
                    91
                ],
                [
                    "202202",
                    97
                ],
                [
                    "202201",
                    101
                ]
            ],
            "rank_gap":6
        },
        {
            "index":108,
            "아파트명":"돈암대성유니드",
            "투자타입":"일반",
            "전용면적(m2)":"110.18",
            "전용면적(평)":"33평",
            "법정동주소":"서울시 성북구 돈암동 641",
            "도로명주소":"서울시 성북구 동소문로31길 6-1",
            "세대수":0,
            "입주년차":60,
            "용적률점수":"--",
            "건폐율점수":"--",
            "세대당주차수":60,
            "난방방식":30,
            "공급면적":"--",
            "전용률":"--",
            "욕실수":100,
            "현관타입":100,
            "주거총점":44.0,
            "지역구공급총점":100.0,
            "역세권":50,
            "30분내 이동가능 거점":40,
            "1시간내 이동가능 거점":100,
            "교통총점":57.0,
            "백화점":100,
            "아울렛몰":80,
            "대형마트":0,
            "은행":0,
            "병원":0,
            "종합병원":100,
            "공원":100,
            "혐오시설":0,
            "인프라총점":61.0,
            "초등학군":90.0,
            "중학군":51.94,
            "학군총점":59.552,
            "인구수":47.53,
            "인구증감":-5.22,
            "인구총점":31.705,
            "일자리":16.22,
            "소득수준":57.56,
            "일자리총점":28.622,
            "가치 총점":55.9828,
            "매매실거래년":20210621.0,
            "매매실거래가":91000.0,
            "전세실거래년":20131005.0,
            "전세실거래가":25000.0,
            "전세가율":65.1,
            "장기전세가율평균":70.52,
            "전세가율거품지수":5.42,
            "검색코드":27564,
            "세대수":81.0,
            "준공년월":"2009-07-27",
            "준공년차":14.0,
            "가까운역이름":"성신여대입구",
            "가까운역거리":597.38,
            "역세권여부":"준역세권",
            "30분이내주요거점역":2,
            "30분거점역이름":"['을지로3가', '명동']",
            "1시간이내주요거점역":14,
            "1시간거점역이름":"['강남', '역삼', '잠실', '판교', '여의도', '을지로3가', '양재', '가산디지털단지', '왕십리', '홍대입구', '구로디지털단지', '명동', '서현', 'GTX성남(2023년)']",
            "3km이내백화점수":3,
            "5km이내아울렛몰수":1,
            "1km이내대형먀트수":0,
            "500m이내은행수":0,
            "500m이내병원수":0,
            "5km이내대형병원수":10,
            "500m이내공원수":3,
            "3km이내혐오시설수":0,
            "초등학교학업성취도":90.0,
            "중학교학업성취도":83.3,
            "용적률":222,
            "건폐율":18,
            "Y":37.597291,
            "X":127.021152,
            "rank":92.0,
            "area_info":"33평(110.18), 34평(113.69), 34평(114.52), 38평(127.27), 42평(139.91), 44평(145.58)",
            "last_sales":"2021-06-21,91000.0,44평(145.58)",
            "rank_history":[
                [
                    "202203",
                    92
                ],
                [
                    "202202",
                    9999
                ]
            ],
            "rank_gap":9999
        },
        {
            "index":627,
            "아파트명":"푸른마을동아",
            "투자타입":"일반",
            "전용면적(m2)":"81.93",
            "전용면적(평)":"24평",
            "법정동주소":"서울시 성북구 정릉동 210",
            "도로명주소":"서울시 성북구 서경로 31",
            "세대수":50,
            "입주년차":20,
            "용적률점수":"--",
            "건폐율점수":"--",
            "세대당주차수":30,
            "난방방식":30,
            "공급면적":"--",
            "전용률":"--",
            "욕실수":50,
            "현관타입":100,
            "주거총점":44.0,
            "지역구공급총점":100.0,
            "역세권":50,
            "30분내 이동가능 거점":20,
            "1시간내 이동가능 거점":90,
            "교통총점":49.0,
            "백화점":100,
            "아울렛몰":80,
            "대형마트":0,
            "은행":70,
            "병원":0,
            "종합병원":100,
            "공원":100,
            "혐오시설":0,
            "인프라총점":68.0,
            "초등학군":90.0,
            "중학군":56.32,
            "학군총점":63.056,
            "인구수":47.53,
            "인구증감":-5.22,
            "인구총점":31.705,
            "일자리":16.22,
            "소득수준":57.56,
            "일자리총점":28.622,
            "가치 총점":55.8084,
            "매매실거래년":20211014.0,
            "매매실거래가":76000.0,
            "전세실거래년":20220214.0,
            "전세실거래가":40000.0,
            "전세가율":57.55,
            "장기전세가율평균":70.52,
            "전세가율거품지수":12.97,
            "검색코드":11166,
            "세대수":529.0,
            "준공년월":"2003-10-04",
            "준공년차":20.0,
            "가까운역이름":"정릉",
            "가까운역거리":557.65,
            "역세권여부":"준역세권",
            "30분이내주요거점역":1,
            "30분거점역이름":"['명동']",
            "1시간이내주요거점역":9,
            "1시간거점역이름":"['강남', '역삼', '잠실', '여의도', '을지로3가', '양재', '왕십리', '홍대입구', '명동']",
            "3km이내백화점수":2,
            "5km이내아울렛몰수":1,
            "1km이내대형먀트수":0,
            "500m이내은행수":3,
            "500m이내병원수":0,
            "5km이내대형병원수":9,
            "500m이내공원수":8,
            "3km이내혐오시설수":0,
            "초등학교학업성취도":90.0,
            "중학교학업성취도":88.0,
            "용적률":256,
            "건폐율":19,
            "Y":37.607579,
            "X":127.014437,
            "rank":93.0,
            "area_info":"24평(81.93), 28평(93.69), 33평(110.43), 43평(142.23)",
            "last_sales":"2021-10-14,76000.0,33평(110.43)",
            "rank_history":[
                [
                    "202203",
                    93
                ],
                [
                    "202202",
                    81
                ],
                [
                    "202201",
                    79
                ]
            ],
            "rank_gap":-12
        },
        {
            "index":736,
            "아파트명":"아남",
            "투자타입":"일반",
            "전용면적(m2)":"78.18",
            "전용면적(평)":"23평",
            "법정동주소":"서울시 성북구 하월곡동 218",
            "도로명주소":"서울시 성북구 종암로36길 52",
            "세대수":0,
            "입주년차":0,
            "용적률점수":"--",
            "건폐율점수":"--",
            "세대당주차수":0,
            "난방방식":30,
            "공급면적":"--",
            "전용률":"--",
            "욕실수":50,
            "현관타입":100,
            "주거총점":18.0,
            "지역구공급총점":100.0,
            "역세권":50,
            "30분내 이동가능 거점":40,
            "1시간내 이동가능 거점":90,
            "교통총점":55.0,
            "백화점":100,
            "아울렛몰":80,
            "대형마트":100,
            "은행":70,
            "병원":0,
            "종합병원":100,
            "공원":100,
            "혐오시설":0,
            "인프라총점":83.0,
            "초등학군":90.0,
            "중학군":41.44,
            "학군총점":51.152,
            "인구수":47.53,
            "인구증감":-5.22,
            "인구총점":31.705,
            "일자리":16.22,
            "소득수준":57.56,
            "일자리총점":28.622,
            "가치 총점":55.4228,
            "매매실거래년":20210728.0,
            "매매실거래가":74500.0,
            "전세실거래년":20220207.0,
            "전세실거래가":35000.0,
            "전세가율":58.82,
            "장기전세가율평균":70.52,
            "전세가율거품지수":11.7,
            "검색코드":1193,
            "세대수":198.0,
            "준공년월":"1996-12-03",
            "준공년차":27.0,
            "가까운역이름":"월곡",
            "가까운역거리":734.03,
            "역세권여부":"준역세권",
            "30분이내주요거점역":2,
            "30분거점역이름":"['왕십리', '명동']",
            "1시간이내주요거점역":9,
            "1시간거점역이름":"['강남', '역삼', '잠실', '여의도', '을지로3가', '양재', '왕십리', '홍대입구', '명동']",
            "3km이내백화점수":3,
            "5km이내아울렛몰수":1,
            "1km이내대형먀트수":4,
            "500m이내은행수":3,
            "500m이내병원수":0,
            "5km이내대형병원수":11,
            "500m이내공원수":5,
            "3km이내혐오시설수":0,
            "초등학교학업성취도":90.0,
            "중학교학업성취도":67.8,
            "용적률":389,
            "건폐율":27,
            "Y":37.60576,
            "X":127.03479,
            "rank":94.0,
            "area_info":"23평(78.18), 33평(110.4), 33평(110.23)",
            "last_sales":"2021-07-28,74500.0,33평(110.4)",
            "rank_history":[
                [
                    "202203",
                    94
                ],
                [
                    "202202",
                    82
                ],
                [
                    "202201",
                    81
                ]
            ],
            "rank_gap":-12
        },
        {
            "index":133,
            "아파트명":"돈암풍림",
            "투자타입":"일반",
            "전용면적(m2)":"75.88",
            "전용면적(평)":"22평",
            "법정동주소":"서울시 성북구 돈암동 632",
            "도로명주소":"서울시 성북구 북악산로 913",
            "세대수":50,
            "입주년차":20,
            "용적률점수":"--",
            "건폐율점수":"--",
            "세대당주차수":60,
            "난방방식":30,
            "공급면적":"--",
            "전용률":"--",
            "욕실수":50,
            "현관타입":10,
            "주거총점":39.5,
            "지역구공급총점":100.0,
            "역세권":50,
            "30분내 이동가능 거점":40,
            "1시간내 이동가능 거점":100,
            "교통총점":57.0,
            "백화점":100,
            "아울렛몰":80,
            "대형마트":0,
            "은행":0,
            "병원":0,
            "종합병원":100,
            "공원":80,
            "혐오시설":0,
            "인프라총점":60.4,
            "초등학군":89.99,
            "중학군":55.22,
            "학군총점":62.174,
            "인구수":47.53,
            "인구증감":-5.22,
            "인구총점":31.705,
            "일자리":16.22,
            "소득수준":57.56,
            "일자리총점":28.622,
            "가치 총점":55.2961,
            "매매실거래년":20220202.0,
            "매매실거래가":67000.0,
            "전세실거래년":20220127.0,
            "전세실거래가":38000.0,
            "전세가율":56.72,
            "장기전세가율평균":70.52,
            "전세가율거품지수":13.8,
            "검색코드":580,
            "세대수":460.0,
            "준공년월":"1999-05-11",
            "준공년차":24.0,
            "가까운역이름":"성신여대입구",
            "가까운역거리":637.61,
            "역세권여부":"준역세권",
            "30분이내주요거점역":2,
            "30분거점역이름":"['을지로3가', '명동']",
            "1시간이내주요거점역":10,
            "1시간거점역이름":"['강남', '역삼', '잠실', '여의도', '을지로3가', '양재', '왕십리', '홍대입구', '명동', 'GTX성남(2023년)']",
            "3km이내백화점수":3,
            "5km이내아울렛몰수":1,
            "1km이내대형먀트수":0,
            "500m이내은행수":0,
            "500m이내병원수":0,
            "5km이내대형병원수":10,
            "500m이내공원수":1,
            "3km이내혐오시설수":0,
            "초등학교학업성취도":89.99,
            "중학교학업성취도":88.7,
            "용적률":219,
            "건폐율":19,
            "Y":37.59542,
            "X":127.023668,
            "rank":95.0,
            "area_info":"22평(75.88), 32평(107.73), 44평(145.55)",
            "last_sales":"2022-02-02,67000.0,22평(75.88)",
            "rank_history":[
                [
                    "202203",
                    95
                ],
                [
                    "202202",
                    64
                ],
                [
                    "202201",
                    66
                ]
            ],
            "rank_gap":-31
        },
        {
            "index":114,
            "아파트명":"돈암더샵",
            "투자타입":"일반",
            "전용면적(m2)":"106.96",
            "전용면적(평)":"32평",
            "법정동주소":"서울시 성북구 돈암동 603",
            "도로명주소":"서울시 성북구 아리랑로5길 85",
            "세대수":30,
            "입주년차":40,
            "용적률점수":"--",
            "건폐율점수":"--",
            "세대당주차수":30,
            "난방방식":30,
            "공급면적":"--",
            "전용률":"--",
            "욕실수":100,
            "현관타입":100,
            "주거총점":46.0,
            "지역구공급총점":100.0,
            "역세권":50,
            "30분내 이동가능 거점":40,
            "1시간내 이동가능 거점":90,
            "교통총점":55.0,
            "백화점":100,
            "아울렛몰":80,
            "대형마트":0,
            "은행":0,
            "병원":0,
            "종합병원":100,
            "공원":0,
            "혐오시설":0,
            "인프라총점":58.0,
            "초등학군":89.97,
            "중학군":54.64,
            "학군총점":61.706,
            "인구수":47.53,
            "인구증감":-5.22,
            "인구총점":31.705,
            "일자리":16.22,
            "소득수준":57.56,
            "일자리총점":28.622,
            "가치 총점":55.1059,
            "매매실거래년":20210918.0,
            "매매실거래가":87800.0,
            "전세실거래년":20200307.0,
            "전세실거래가":43000.0,
            "전세가율":61.69,
            "장기전세가율평균":70.52,
            "전세가율거품지수":8.83,
            "검색코드":13960,
            "세대수":339.0,
            "준공년월":"2006-03-31",
            "준공년차":17.0,
            "가까운역이름":"정릉",
            "가까운역거리":653.33,
            "역세권여부":"준역세권",
            "30분이내주요거점역":2,
            "30분거점역이름":"['을지로3가', '명동']",
            "1시간이내주요거점역":9,
            "1시간거점역이름":"['강남', '잠실', '여의도', '을지로3가', '양재', '왕십리', '홍대입구', '구로디지털단지', '명동']",
            "3km이내백화점수":2,
            "5km이내아울렛몰수":1,
            "1km이내대형먀트수":0,
            "500m이내은행수":0,
            "500m이내병원수":0,
            "5km이내대형병원수":10,
            "500m이내공원수":0,
            "3km이내혐오시설수":0,
            "초등학교학업성취도":89.97,
            "중학교학업성취도":88.8,
            "용적률":218,
            "건폐율":15,
            "Y":37.597357,
            "X":127.010229,
            "rank":96.0,
            "area_info":"32평(106.96), 32평(106.89), 32평(107.12)",
            "last_sales":"2021-09-18,87800.0,32평(107.12)",
            "rank_history":[
                [
                    "202203",
                    96
                ],
                [
                    "202202",
                    86
                ],
                [
                    "202201",
                    88
                ]
            ],
            "rank_gap":-10
        },
        {
            "index":463,
            "아파트명":"우방",
            "투자타입":"일반",
            "전용면적(m2)":"57.84",
            "전용면적(평)":"17평",
            "법정동주소":"서울시 성북구 장위동 312",
            "도로명주소":"서울시 성북구 화랑로 235",
            "세대수":0,
            "입주년차":20,
            "용적률점수":"--",
            "건폐율점수":"--",
            "세대당주차수":30,
            "난방방식":30,
            "공급면적":"--",
            "전용률":"--",
            "욕실수":50,
            "현관타입":10,
            "주거총점":17.5,
            "지역구공급총점":100.0,
            "역세권":80,
            "30분내 이동가능 거점":40,
            "1시간내 이동가능 거점":100,
            "교통총점":72.0,
            "백화점":100,
            "아울렛몰":0,
            "대형마트":0,
            "은행":70,
            "병원":0,
            "종합병원":100,
            "공원":100,
            "혐오시설":0,
            "인프라총점":60.0,
            "초등학군":89.99,
            "중학군":45.9,
            "학군총점":54.718,
            "인구수":47.53,
            "인구증감":-5.22,
            "인구총점":31.705,
            "일자리":16.22,
            "소득수준":57.56,
            "일자리총점":28.622,
            "가치 총점":54.9077,
            "매매실거래년":20210607.0,
            "매매실거래가":78000.0,
            "전세실거래년":20210619.0,
            "전세실거래가":32500.0,
            "전세가율":79.66,
            "장기전세가율평균":70.52,
            "전세가율거품지수":-9.14,
            "검색코드":3537,
            "세대수":147.0,
            "준공년월":"2001-12-27",
            "준공년차":22.0,
            "가까운역이름":"돌곶이",
            "가까운역거리":153.26,
            "역세권여부":"역세권",
            "30분이내주요거점역":2,
            "30분거점역이름":"['을지로3가', '왕십리']",
            "1시간이내주요거점역":10,
            "1시간거점역이름":"['강남', '역삼', '잠실', '여의도', '을지로3가', '양재', '왕십리', '홍대입구', '구로디지털단지', '명동']",
            "3km이내백화점수":2,
            "5km이내아울렛몰수":0,
            "1km이내대형먀트수":0,
            "500m이내은행수":3,
            "500m이내병원수":0,
            "5km이내대형병원수":13,
            "500m이내공원수":2,
            "3km이내혐오시설수":0,
            "초등학교학업성취도":89.99,
            "중학교학업성취도":74.7,
            "용적률":0,
            "건폐율":0,
            "Y":37.610125,
            "X":127.054781,
            "rank":97.0,
            "area_info":"17평(57.84), 25평(83.78), 30평(100.47), 32평(106.96), 40평(133.6), 43평(144.42)",
            "last_sales":"2021-06-07,78000.0,43평(144.42)",
            "rank_history":[
                [
                    "202203",
                    97
                ],
                [
                    "202202",
                    93
                ],
                [
                    "202201",
                    95
                ]
            ],
            "rank_gap":-4
        },
        {
            "index":136,
            "아파트명":"돈암해피트리",
            "투자타입":"일반",
            "전용면적(m2)":"109.83",
            "전용면적(평)":"33평",
            "법정동주소":"서울시 성북구 돈암동 642",
            "도로명주소":"서울시 성북구 아리랑로5길 92",
            "세대수":0,
            "입주년차":60,
            "용적률점수":"--",
            "건폐율점수":"--",
            "세대당주차수":60,
            "난방방식":30,
            "공급면적":"--",
            "전용률":"--",
            "욕실수":100,
            "현관타입":100,
            "주거총점":44.0,
            "지역구공급총점":100.0,
            "역세권":50,
            "30분내 이동가능 거점":40,
            "1시간내 이동가능 거점":90,
            "교통총점":55.0,
            "백화점":100,
            "아울렛몰":80,
            "대형마트":0,
            "은행":0,
            "병원":0,
            "종합병원":100,
            "공원":0,
            "혐오시설":0,
            "인프라총점":58.0,
            "초등학군":89.98,
            "중학군":54.64,
            "학군총점":61.708,
            "인구수":47.53,
            "인구증감":-5.22,
            "인구총점":31.705,
            "일자리":16.22,
            "소득수준":57.56,
            "일자리총점":28.622,
            "가치 총점":54.7062,
            "매매실거래년":20210720.0,
            "매매실거래가":126000.0,
            "전세실거래년":20211218.0,
            "전세실거래가":68000.0,
            "전세가율":74.48,
            "장기전세가율평균":70.52,
            "전세가율거품지수":-3.96,
            "검색코드":105848,
            "세대수":192.0,
            "준공년월":"2013-01-15",
            "준공년차":10.0,
            "가까운역이름":"정릉",
            "가까운역거리":529.66,
            "역세권여부":"준역세권",
            "30분이내주요거점역":2,
            "30분거점역이름":"['을지로3가', '명동']",
            "1시간이내주요거점역":9,
            "1시간거점역이름":"['강남', '역삼', '잠실', '여의도', '을지로3가', '양재', '왕십리', '홍대입구', '명동']",
            "3km이내백화점수":2,
            "5km이내아울렛몰수":1,
            "1km이내대형먀트수":0,
            "500m이내은행수":0,
            "500m이내병원수":0,
            "5km이내대형병원수":9,
            "500m이내공원수":0,
            "3km이내혐오시설수":0,
            "초등학교학업성취도":89.98,
            "중학교학업성취도":88.8,
            "용적률":199,
            "건폐율":25,
            "Y":37.598095,
            "X":127.011641,
            "rank":98.0,
            "area_info":"33평(109.83), 33평(109.83), 46평(153.58), 48평(160.52), 52평(173.05)",
            "last_sales":"2021-07-20,126000.0,48평(160.52)",
            "rank_history":[
                [
                    "202203",
                    98
                ],
                [
                    "202202",
                    78
                ],
                [
                    "202201",
                    76
                ]
            ],
            "rank_gap":-20
        },
        {
            "index":309,
            "아파트명":"삼선푸르지오",
            "투자타입":"일반",
            "전용면적(m2)":"75.88",
            "전용면적(평)":"22평",
            "법정동주소":"서울시 성북구 삼선동2가 425",
            "도로명주소":"서울시 성북구 보문로29다길 31",
            "세대수":80,
            "입주년차":40,
            "용적률점수":"--",
            "건폐율점수":"--",
            "세대당주차수":30,
            "난방방식":30,
            "공급면적":"--",
            "전용률":"--",
            "욕실수":100,
            "현관타입":100,
            "주거총점":63.5,
            "지역구공급총점":100.0,
            "역세권":50,
            "30분내 이동가능 거점":60,
            "1시간내 이동가능 거점":100,
            "교통총점":63.0,
            "백화점":0,
            "아울렛몰":100,
            "대형마트":0,
            "은행":20,
            "병원":0,
            "종합병원":100,
            "공원":100,
            "혐오시설":0,
            "인프라총점":35.0,
            "초등학군":89.98,
            "중학군":50.66,
            "학군총점":58.524,
            "인구수":47.53,
            "인구증감":-5.22,
            "인구총점":31.705,
            "일자리":16.22,
            "소득수준":57.56,
            "일자리총점":28.622,
            "가치 총점":54.0286,
            "매매실거래년":20211116.0,
            "매매실거래가":126000.0,
            "전세실거래년":20220205.0,
            "전세실거래가":43000.0,
            "전세가율":48.31,
            "장기전세가율평균":70.52,
            "전세가율거품지수":22.21,
            "검색코드":22158,
            "세대수":864.0,
            "준공년월":"2008-03-27",
            "준공년차":15.0,
            "가까운역이름":"창신",
            "가까운역거리":508.77,
            "역세권여부":"준역세권",
            "30분이내주요거점역":3,
            "30분거점역이름":"['을지로3가', '왕십리', '명동']",
            "1시간이내주요거점역":13,
            "1시간거점역이름":"['강남', '역삼', '잠실', '판교', '여의도', '을지로3가', '양재', '평촌', '왕십리', '홍대입구', '구로디지털단지', '명동', 'GTX성남(2023년)']",
            "3km이내백화점수":0,
            "5km이내아울렛몰수":2,
            "1km이내대형먀트수":0,
            "500m이내은행수":2,
            "500m이내병원수":0,
            "5km이내대형병원수":12,
            "500m이내공원수":7,
            "3km이내혐오시설수":0,
            "초등학교학업성취도":89.98,
            "중학교학업성취도":83.7,
            "용적률":230,
            "건폐율":23,
            "Y":37.583664,
            "X":127.013156,
            "rank":99.0,
            "area_info":"22평(75.88), 31평(103.42), 31평(103.5), 31평(103.92), 31평(103.8), 31평(104.76), 40평(133.27)",
            "last_sales":"2021-11-16,126000.0,40평(133.27)",
            "rank_history":[
                [
                    "202203",
                    99
                ],
                [
                    "202202",
                    54
                ],
                [
                    "202201",
                    25
                ]
            ],
            "rank_gap":-45
        },
        {
            "index":438,
            "아파트명":"래미안장위퍼스트하이",
            "투자타입":"일반",
            "전용면적(m2)":"84.17",
            "전용면적(평)":"25평",
            "법정동주소":"서울시 성북구 장위동 320",
            "도로명주소":"서울시 성북구 한천로 713",
            "세대수":100,
            "입주년차":100,
            "용적률점수":"--",
            "건폐율점수":"--",
            "세대당주차수":30,
            "난방방식":30,
            "공급면적":"--",
            "전용률":"--",
            "욕실수":100,
            "현관타입":100,
            "주거총점":82.5,
            "지역구공급총점":100.0,
            "역세권":50,
            "30분내 이동가능 거점":0,
            "1시간내 이동가능 거점":80,
            "교통총점":41.0,
            "백화점":100,
            "아울렛몰":0,
            "대형마트":0,
            "은행":0,
            "병원":0,
            "종합병원":100,
            "공원":0,
            "혐오시설":-50,
            "인프라총점":49.0,
            "초등학군":90.0,
            "중학군":47.84,
            "학군총점":56.272,
            "인구수":47.53,
            "인구증감":-5.22,
            "인구총점":31.705,
            "일자리":16.22,
            "소득수준":57.56,
            "일자리총점":28.622,
            "가치 총점":53.9908,
            "매매실거래년":20220205.0,
            "매매실거래가":112000.0,
            "전세실거래년":20220207.0,
            "전세실거래가":50000.0,
            "전세가율":48.08,
            "장기전세가율평균":70.52,
            "전세가율거품지수":22.44,
            "검색코드":113985,
            "세대수":1562.0,
            "준공년월":"2020-11-03",
            "준공년차":3.0,
            "가까운역이름":"광운대",
            "가까운역거리":918.64,
            "역세권여부":"준역세권",
            "30분이내주요거점역":0,
            "30분거점역이름":"[]",
            "1시간이내주요거점역":8,
            "1시간거점역이름":"['강남', '역삼', '잠실', '을지로3가', '양재', '왕십리', '홍대입구', '명동']",
            "3km이내백화점수":2,
            "5km이내아울렛몰수":0,
            "1km이내대형먀트수":0,
            "500m이내은행수":0,
            "500m이내병원수":0,
            "5km이내대형병원수":10,
            "500m이내공원수":0,
            "3km이내혐오시설수":1,
            "초등학교학업성취도":90.0,
            "중학교학업성취도":78.4,
            "용적률":272,
            "건폐율":19,
            "Y":37.620521,
            "X":127.052142,
            "rank":100.0,
            "area_info":"25평(84.17), 33평(110.8), 33평(111.79), 33평(111.15), 38평(127.9), 43평(144.38)",
            "last_sales":"2022-02-05,112000.0,33평(111.15)",
            "rank_history":[
                [
                    "202203",
                    100
                ],
                [
                    "202202",
                    91
                ],
                [
                    "202201",
                    92
                ]
            ],
            "rank_gap":-9
        },
        {
            "index":409,
            "아파트명":"H하우스장위(민간임대)",
            "투자타입":"일반",
            "전용면적(m2)":"30.84",
            "전용면적(평)":"9평",
            "법정동주소":"서울시 성북구 장위동 50-46",
            "도로명주소":"서울시 성북구 화랑로 265",
            "세대수":0,
            "입주년차":100,
            "용적률점수":"--",
            "건폐율점수":"--",
            "세대당주차수":0,
            "난방방식":30,
            "공급면적":"--",
            "전용률":"--",
            "욕실수":50,
            "현관타입":100,
            "주거총점":38.0,
            "지역구공급총점":100.0,
            "역세권":80,
            "30분내 이동가능 거점":20,
            "1시간내 이동가능 거점":90,
            "교통총점":64.0,
            "백화점":100,
            "아울렛몰":0,
            "대형마트":0,
            "은행":70,
            "병원":0,
            "종합병원":100,
            "공원":0,
            "혐오시설":0,
            "인프라총점":57.0,
            "초등학군":89.99,
            "중학군":34.18,
            "학군총점":45.342,
            "인구수":47.53,
            "인구증감":-5.22,
            "인구총점":31.705,
            "일자리":16.22,
            "소득수준":57.56,
            "일자리총점":28.622,
            "가치 총점":53.9013,
            "매매실거래년":"18000101",
            "매매실거래가":null,
            "전세실거래년":null,
            "전세실거래가":null,
            "전세가율":null,
            "장기전세가율평균":70.52,
            "전세가율거품지수":null,
            "검색코드":132625,
            "세대수":145.0,
            "준공년월":"2020-03-09",
            "준공년차":3.0,
            "가까운역이름":"돌곶이",
            "가까운역거리":233.97,
            "역세권여부":"역세권",
            "30분이내주요거점역":1,
            "30분거점역이름":"['왕십리']",
            "1시간이내주요거점역":9,
            "1시간거점역이름":"['강남', '역삼', '잠실', '여의도', '을지로3가', '양재', '왕십리', '홍대입구', '명동']",
            "3km이내백화점수":2,
            "5km이내아울렛몰수":0,
            "1km이내대형먀트수":0,
            "500m이내은행수":3,
            "500m이내병원수":0,
            "5km이내대형병원수":13,
            "500m이내공원수":0,
            "3km이내혐오시설수":0,
            "초등학교학업성취도":89.99,
            "중학교학업성취도":56.5,
            "용적률":488,
            "건폐율":59,
            "Y":37.611937,
            "X":127.05843,
            "rank":101.0,
            "area_info":"9평(30.84), 13평(45.52), 13평(45.52), 14평(49.02), 16평(53.61), 16평(54.45), 16평(54.45), 16평(55.74), 18평(62.45), 19평(65.84)",
            "last_sales":"1800-01-01,nan,9평(30.84)",
            "rank_history":[
                [
                    "202203",
                    101
                ],
                [
                    "202202",
                    88
                ],
                [
                    "202201",
                    87
                ]
            ],
            "rank_gap":-13
        },
        {
            "index":67,
            "아파트명":"길음현대",
            "투자타입":"일반",
            "전용면적(m2)":"42.97",
            "전용면적(평)":"12평",
            "법정동주소":"서울시 성북구 길음동 1277",
            "도로명주소":"서울시 성북구 길음로13길 11",
            "세대수":0,
            "입주년차":20,
            "용적률점수":"--",
            "건폐율점수":"--",
            "세대당주차수":0,
            "난방방식":30,
            "공급면적":"--",
            "전용률":"--",
            "욕실수":50,
            "현관타입":10,
            "주거총점":13.0,
            "지역구공급총점":100.0,
            "역세권":50,
            "30분내 이동가능 거점":40,
            "1시간내 이동가능 거점":90,
            "교통총점":55.0,
            "백화점":100,
            "아울렛몰":80,
            "대형마트":80,
            "은행":20,
            "병원":0,
            "종합병원":100,
            "공원":100,
            "혐오시설":0,
            "인프라총점":75.0,
            "초등학군":90.0,
            "중학군":56.32,
            "학군총점":63.056,
            "인구수":47.53,
            "인구증감":-5.22,
            "인구총점":31.705,
            "일자리":16.22,
            "소득수준":57.56,
            "일자리총점":28.622,
            "가치 총점":53.8084,
            "매매실거래년":20210830.0,
            "매매실거래가":48000.0,
            "전세실거래년":20211007.0,
            "전세실거래가":35000.0,
            "전세가율":72.92,
            "장기전세가율평균":70.52,
            "전세가율거품지수":-2.4,
            "검색코드":879,
            "세대수":132.0,
            "준공년월":"2000-12-28",
            "준공년차":23.0,
            "가까운역이름":"길음",
            "가까운역거리":694.83,
            "역세권여부":"준역세권",
            "30분이내주요거점역":2,
            "30분거점역이름":"['을지로3가', '명동']",
            "1시간이내주요거점역":9,
            "1시간거점역이름":"['강남', '역삼', '잠실', '여의도', '을지로3가', '양재', '왕십리', '홍대입구', '명동']",
            "3km이내백화점수":2,
            "5km이내아울렛몰수":1,
            "1km이내대형먀트수":1,
            "500m이내은행수":2,
            "500m이내병원수":0,
            "5km이내대형병원수":9,
            "500m이내공원수":9,
            "3km이내혐오시설수":0,
            "초등학교학업성취도":90.0,
            "중학교학업성취도":88.0,
            "용적률":0,
            "건폐율":0,
            "Y":37.608129,
            "X":127.019912,
            "rank":102.0,
            "area_info":"12평(42.97), 23평(78.15), 28평(94.29)",
            "last_sales":"2021-08-30,48000.0,12평(42.97)",
            "rank_history":[
                [
                    "202203",
                    102
                ],
                [
                    "202202",
                    90
                ],
                [
                    "202201",
                    89
                ]
            ],
            "rank_gap":-12
        },
        {
            "index":469,
            "아파트명":"장위동원베네스트",
            "투자타입":"일반",
            "전용면적(m2)":"100.06",
            "전용면적(평)":"30평",
            "법정동주소":"서울시 성북구 장위동 50-50",
            "도로명주소":"서울시 성북구 화랑로 271",
            "세대수":0,
            "입주년차":40,
            "용적률점수":"--",
            "건폐율점수":"--",
            "세대당주차수":30,
            "난방방식":30,
            "공급면적":"--",
            "전용률":"--",
            "욕실수":100,
            "현관타입":100,
            "주거총점":35.5,
            "지역구공급총점":100.0,
            "역세권":80,
            "30분내 이동가능 거점":20,
            "1시간내 이동가능 거점":90,
            "교통총점":64.0,
            "백화점":100,
            "아울렛몰":0,
            "대형마트":0,
            "은행":70,
            "병원":0,
            "종합병원":100,
            "공원":0,
            "혐오시설":0,
            "인프라총점":57.0,
            "초등학군":89.99,
            "중학군":34.18,
            "학군총점":45.342,
            "인구수":47.53,
            "인구증감":-5.22,
            "인구총점":31.705,
            "일자리":16.22,
            "소득수준":57.56,
            "일자리총점":28.622,
            "가치 총점":53.4013,
            "매매실거래년":20210825.0,
            "매매실거래가":65000.0,
            "전세실거래년":20200601.0,
            "전세실거래가":33000.0,
            "전세가율":51.16,
            "장기전세가율평균":70.52,
            "전세가율거품지수":19.36,
            "검색코드":22171,
            "세대수":55.0,
            "준공년월":"2005-11-01",
            "준공년차":18.0,
            "가까운역이름":"돌곶이",
            "가까운역거리":267.93,
            "역세권여부":"역세권",
            "30분이내주요거점역":1,
            "30분거점역이름":"['왕십리']",
            "1시간이내주요거점역":9,
            "1시간거점역이름":"['강남', '역삼', '잠실', '여의도', '을지로3가', '양재', '왕십리', '홍대입구', '명동']",
            "3km이내백화점수":2,
            "5km이내아울렛몰수":0,
            "1km이내대형먀트수":0,
            "500m이내은행수":3,
            "500m이내병원수":0,
            "5km이내대형병원수":13,
            "500m이내공원수":0,
            "3km이내혐오시설수":0,
            "초등학교학업성취도":89.99,
            "중학교학업성취도":56.5,
            "용적률":440,
            "건폐율":49,
            "Y":37.61212,
            "X":127.05874,
            "rank":103.0,
            "area_info":"30평(100.06), 33평(109.92), 33평(109.61), 33평(109.77), 33평(110.87)",
            "last_sales":"2021-08-25,65000.0,33평(109.61)",
            "rank_history":[
                [
                    "202203",
                    103
                ],
                [
                    "202202",
                    9999
                ]
            ],
            "rank_gap":9999
        },
        {
            "index":684,
            "아파트명":"구동신",
            "투자타입":"재건축",
            "전용면적(m2)":"62.2",
            "전용면적(평)":"18평",
            "법정동주소":"서울시 성북구 하월곡동 70-4",
            "도로명주소":"서울시 성북구 오패산로 47",
            "세대수":0,
            "입주년차":"--",
            "용적률점수":0,
            "건폐율점수":0,
            "세대당주차수":"--",
            "난방방식":"--",
            "공급면적":50,
            "전용률":60,
            "욕실수":"--",
            "현관타입":"--",
            "주거총점":5.5,
            "지역구공급총점":100.0,
            "역세권":50,
            "30분내 이동가능 거점":40,
            "1시간내 이동가능 거점":90,
            "교통총점":55.0,
            "백화점":100,
            "아울렛몰":80,
            "대형마트":100,
            "은행":70,
            "병원":0,
            "종합병원":100,
            "공원":100,
            "혐오시설":0,
            "인프라총점":83.0,
            "초등학군":89.98,
            "중학군":41.44,
            "학군총점":51.148,
            "인구수":47.53,
            "인구증감":-5.22,
            "인구총점":31.705,
            "일자리":16.22,
            "소득수준":57.56,
            "일자리총점":28.622,
            "가치 총점":52.9222,
            "매매실거래년":"18000101",
            "매매실거래가":null,
            "전세실거래년":null,
            "전세실거래가":null,
            "전세가율":null,
            "장기전세가율평균":70.52,
            "전세가율거품지수":null,
            "검색코드":3540,
            "세대수":90.0,
            "준공년월":"1985-09-23",
            "준공년차":38.0,
            "가까운역이름":"월곡",
            "가까운역거리":666.29,
            "역세권여부":"준역세권",
            "30분이내주요거점역":2,
            "30분거점역이름":"['왕십리', '명동']",
            "1시간이내주요거점역":9,
            "1시간거점역이름":"['강남', '역삼', '잠실', '여의도', '을지로3가', '양재', '왕십리', '홍대입구', '명동']",
            "3km이내백화점수":3,
            "5km이내아울렛몰수":1,
            "1km이내대형먀트수":4,
            "500m이내은행수":3,
            "500m이내병원수":0,
            "5km이내대형병원수":10,
            "500m이내공원수":6,
            "3km이내혐오시설수":0,
            "초등학교학업성취도":89.98,
            "중학교학업성취도":67.8,
            "용적률":0,
            "건폐율":0,
            "Y":37.606128,
            "X":127.036224,
            "rank":104.0,
            "area_info":"18평(62.2), 22평(75.8), 23평(78.19), 25평(83.87)",
            "last_sales":"1800-01-01,nan,18평(62.2)",
            "rank_history":[
                [
                    "202203",
                    104
                ],
                [
                    "202202",
                    9999
                ]
            ],
            "rank_gap":9999
        },
        {
            "index":373,
            "아파트명":"석관신동아파밀리에",
            "투자타입":"일반",
            "전용면적(m2)":"82.03",
            "전용면적(평)":"24평",
            "법정동주소":"서울시 성북구 석관동 408",
            "도로명주소":"서울시 성북구 화랑로 210-26",
            "세대수":0,
            "입주년차":60,
            "용적률점수":"--",
            "건폐율점수":"--",
            "세대당주차수":30,
            "난방방식":30,
            "공급면적":"--",
            "전용률":"--",
            "욕실수":100,
            "현관타입":100,
            "주거총점":39.5,
            "지역구공급총점":100.0,
            "역세권":80,
            "30분내 이동가능 거점":0,
            "1시간내 이동가능 거점":90,
            "교통총점":58.0,
            "백화점":100,
            "아울렛몰":0,
            "대형마트":0,
            "은행":20,
            "병원":0,
            "종합병원":100,
            "공원":100,
            "혐오시설":0,
            "인프라총점":55.0,
            "초등학군":89.99,
            "중학군":45.9,
            "학군총점":54.718,
            "인구수":47.53,
            "인구증감":-5.22,
            "인구총점":31.705,
            "일자리":16.22,
            "소득수준":57.56,
            "일자리총점":28.622,
            "가치 총점":52.9077,
            "매매실거래년":20210122.0,
            "매매실거래가":85000.0,
            "전세실거래년":20220223.0,
            "전세실거래가":42000.0,
            "전세가율":60.34,
            "장기전세가율평균":70.52,
            "전세가율거품지수":10.18,
            "검색코드":27211,
            "세대수":199.0,
            "준공년월":"2011-01-28",
            "준공년차":12.0,
            "가까운역이름":"돌곶이",
            "가까운역거리":404.83,
            "역세권여부":"역세권",
            "30분이내주요거점역":0,
            "30분거점역이름":"[]",
            "1시간이내주요거점역":9,
            "1시간거점역이름":"['강남', '역삼', '잠실', '여의도', '을지로3가', '양재', '왕십리', '홍대입구', '명동']",
            "3km이내백화점수":2,
            "5km이내아울렛몰수":0,
            "1km이내대형먀트수":0,
            "500m이내은행수":2,
            "500m이내병원수":0,
            "5km이내대형병원수":13,
            "500m이내공원수":4,
            "3km이내혐오시설수":0,
            "초등학교학업성취도":89.99,
            "중학교학업성취도":74.7,
            "용적률":203,
            "건폐율":24,
            "Y":37.607399,
            "X":127.054125,
            "rank":105.0,
            "area_info":"24평(82.03), 24평(82.0), 33평(109.87), 33평(110.05), 34평(114.07), 45평(149.86), 45평(150.45)",
            "last_sales":"2021-01-22,85000.0,34평(114.07)",
            "rank_history":[
                [
                    "202203",
                    105
                ],
                [
                    "202202",
                    92
                ],
                [
                    "202201",
                    93
                ]
            ],
            "rank_gap":-13
        },
        {
            "index":448,
            "아파트명":"삼익",
            "투자타입":"일반",
            "전용면적(m2)":"87.49",
            "전용면적(평)":"26평",
            "법정동주소":"서울시 성북구 장위동 60-1",
            "도로명주소":"서울시 성북구 화랑로37길 42",
            "세대수":0,
            "입주년차":40,
            "용적률점수":"--",
            "건폐율점수":"--",
            "세대당주차수":80,
            "난방방식":30,
            "공급면적":"--",
            "전용률":"--",
            "욕실수":100,
            "현관타입":100,
            "주거총점":43.0,
            "지역구공급총점":100.0,
            "역세권":80,
            "30분내 이동가능 거점":20,
            "1시간내 이동가능 거점":90,
            "교통총점":64.0,
            "백화점":100,
            "아울렛몰":0,
            "대형마트":0,
            "은행":0,
            "병원":0,
            "종합병원":100,
            "공원":0,
            "혐오시설":0,
            "인프라총점":50.0,
            "초등학군":89.99,
            "중학군":34.18,
            "학군총점":45.342,
            "인구수":47.53,
            "인구증감":-5.22,
            "인구총점":31.705,
            "일자리":16.22,
            "소득수준":57.56,
            "일자리총점":28.622,
            "가치 총점":52.8013,
            "매매실거래년":20210724.0,
            "매매실거래가":70500.0,
            "전세실거래년":20150831.0,
            "전세실거래가":23000.0,
            "전세가율":96.64,
            "장기전세가율평균":70.52,
            "전세가율거품지수":-26.12,
            "검색코드":24378,
            "세대수":68.0,
            "준공년월":"2006-10-13",
            "준공년차":17.0,
            "가까운역이름":"돌곶이",
            "가까운역거리":324.65,
            "역세권여부":"역세권",
            "30분이내주요거점역":1,
            "30분거점역이름":"['왕십리']",
            "1시간이내주요거점역":9,
            "1시간거점역이름":"['강남', '역삼', '잠실', '여의도', '을지로3가', '양재', '왕십리', '홍대입구', '명동']",
            "3km이내백화점수":2,
            "5km이내아울렛몰수":0,
            "1km이내대형먀트수":0,
            "500m이내은행수":1,
            "500m이내병원수":0,
            "5km이내대형병원수":13,
            "500m이내공원수":0,
            "3km이내혐오시설수":0,
            "초등학교학업성취도":89.99,
            "중학교학업성취도":56.5,
            "용적률":330,
            "건폐율":59,
            "Y":37.613337,
            "X":127.057516,
            "rank":106.0,
            "area_info":"26평(87.49), 27평(89.44), 27평(90.8), 27평(91.66), 28평(95.24), 30평(100.61), 30평(102.12), 31평(104.46), 32평(108.8), 33평(109.39), 33평(109.34), 47평(156.65), 47평(157.28)",
            "last_sales":"2021-07-24,70500.0,33평(109.34)",
            "rank_history":[
                [
                    "202203",
                    106
                ],
                [
                    "202202",
                    9999
                ]
            ],
            "rank_gap":9999
        },
        {
            "index":546,
            "아파트명":"정릉쌍용",
            "투자타입":"일반",
            "전용면적(m2)":"83.31",
            "전용면적(평)":"25평",
            "법정동주소":"서울시 성북구 정릉동 1017",
            "도로명주소":"서울시 성북구 북악산로 847",
            "세대수":0,
            "입주년차":20,
            "용적률점수":"--",
            "건폐율점수":"--",
            "세대당주차수":30,
            "난방방식":30,
            "공급면적":"--",
            "전용률":"--",
            "욕실수":50,
            "현관타입":10,
            "주거총점":17.5,
            "지역구공급총점":100.0,
            "역세권":50,
            "30분내 이동가능 거점":60,
            "1시간내 이동가능 거점":100,
            "교통총점":63.0,
            "백화점":100,
            "아울렛몰":80,
            "대형마트":0,
            "은행":0,
            "병원":0,
            "종합병원":100,
            "공원":100,
            "혐오시설":0,
            "인프라총점":61.0,
            "초등학군":90.0,
            "중학군":51.94,
            "학군총점":59.552,
            "인구수":47.53,
            "인구증감":-5.22,
            "인구총점":31.705,
            "일자리":16.22,
            "소득수준":57.56,
            "일자리총점":28.622,
            "가치 총점":52.7828,
            "매매실거래년":20210831.0,
            "매매실거래가":59900.0,
            "전세실거래년":20220118.0,
            "전세실거래가":37000.0,
            "전세가율":61.77,
            "장기전세가율평균":70.52,
            "전세가율거품지수":8.75,
            "검색코드":3538,
            "세대수":193.0,
            "준공년월":"1999-11-13",
            "준공년차":24.0,
            "가까운역이름":"정릉",
            "가까운역거리":515.2,
            "역세권여부":"준역세권",
            "30분이내주요거점역":3,
            "30분거점역이름":"['을지로3가', '왕십리', '명동']",
            "1시간이내주요거점역":10,
            "1시간거점역이름":"['강남', '역삼', '잠실', '여의도', '을지로3가', '양재', '왕십리', '홍대입구', '명동', 'GTX성남(2023년)']",
            "3km이내백화점수":2,
            "5km이내아울렛몰수":1,
            "1km이내대형먀트수":0,
            "500m이내은행수":0,
            "500m이내병원수":0,
            "5km이내대형병원수":9,
            "500m이내공원수":2,
            "3km이내혐오시설수":0,
            "초등학교학업성취도":90.0,
            "중학교학업성취도":83.3,
            "용적률":281,
            "건폐율":24,
            "Y":37.599744,
            "X":127.01813,
            "rank":107.0,
            "area_info":"25평(83.31), 32평(106.52), 43평(144.49)",
            "last_sales":"2021-08-31,59900.0,25평(83.31)",
            "rank_history":[
                [
                    "202203",
                    107
                ],
                [
                    "202202",
                    94
                ],
                [
                    "202201",
                    96
                ]
            ],
            "rank_gap":-13
        },
        {
            "index":394,
            "아파트명":"삼익",
            "투자타입":"재건축",
            "전용면적(m2)":"100.55",
            "전용면적(평)":"30평",
            "법정동주소":"서울시 성북구 안암동3가 135",
            "도로명주소":"서울시 성북구 안암로9길 30",
            "세대수":0,
            "입주년차":"--",
            "용적률점수":0,
            "건폐율점수":0,
            "세대당주차수":"--",
            "난방방식":"--",
            "공급면적":90,
            "전용률":100,
            "욕실수":"--",
            "현관타입":"--",
            "주거총점":9.5,
            "지역구공급총점":100.0,
            "역세권":50,
            "30분내 이동가능 거점":60,
            "1시간내 이동가능 거점":100,
            "교통총점":63.0,
            "백화점":100,
            "아울렛몰":80,
            "대형마트":0,
            "은행":70,
            "병원":0,
            "종합병원":100,
            "공원":80,
            "혐오시설":0,
            "인프라총점":67.4,
            "초등학군":89.99,
            "중학군":48.22,
            "학군총점":56.574,
            "인구수":47.53,
            "인구증감":-5.22,
            "인구총점":31.705,
            "일자리":16.22,
            "소득수준":57.56,
            "일자리총점":28.622,
            "가치 총점":52.6561,
            "매매실거래년":20210120.0,
            "매매실거래가":78000.0,
            "전세실거래년":20210520.0,
            "전세실거래가":31500.0,
            "전세가율":40.38,
            "장기전세가율평균":70.52,
            "전세가율거품지수":30.14,
            "검색코드":1185,
            "세대수":204.0,
            "준공년월":"1983-06-14",
            "준공년차":40.0,
            "가까운역이름":"보문",
            "가까운역거리":612.39,
            "역세권여부":"준역세권",
            "30분이내주요거점역":3,
            "30분거점역이름":"['을지로3가', '왕십리', '명동']",
            "1시간이내주요거점역":13,
            "1시간거점역이름":"['강남', '역삼', '잠실', '여의도', '을지로3가', '양재', '평촌', '가산디지털단지', '왕십리', '홍대입구', '구로디지털단지', '명동', 'GTX성남(2023년)']",
            "3km이내백화점수":1,
            "5km이내아울렛몰수":1,
            "1km이내대형먀트수":0,
            "500m이내은행수":4,
            "500m이내병원수":0,
            "5km이내대형병원수":9,
            "500m이내공원수":1,
            "3km이내혐오시설수":0,
            "초등학교학업성취도":89.99,
            "중학교학업성취도":79.3,
            "용적률":0,
            "건폐율":0,
            "Y":37.581617,
            "X":127.024879,
            "rank":108.0,
            "area_info":"30평(100.55), 30평(100.48), 30평(100.55), 30평(100.48), 30평(101.56), 30평(101.56), 55평(182.15), 55평(182.15), 55평(184.2), 55평(184.2), 62평(207.39), 62평(207.39)",
            "last_sales":"2021-01-20,78000.0,30평(100.55)",
            "rank_history":[
                [
                    "202203",
                    108
                ],
                [
                    "202202",
                    87
                ],
                [
                    "202201",
                    91
                ]
            ],
            "rank_gap":-21
        },
        {
            "index":549,
            "아파트명":"정릉우방",
            "투자타입":"일반",
            "전용면적(m2)":"81.91",
            "전용면적(평)":"24평",
            "법정동주소":"서울시 성북구 정릉동 1016",
            "도로명주소":"서울시 성북구 북악산로 746",
            "세대수":0,
            "입주년차":20,
            "용적률점수":"--",
            "건폐율점수":"--",
            "세대당주차수":0,
            "난방방식":30,
            "공급면적":"--",
            "전용률":"--",
            "욕실수":50,
            "현관타입":10,
            "주거총점":13.0,
            "지역구공급총점":100.0,
            "역세권":80,
            "30분내 이동가능 거점":20,
            "1시간내 이동가능 거점":100,
            "교통총점":66.0,
            "백화점":100,
            "아울렛몰":80,
            "대형마트":0,
            "은행":0,
            "병원":0,
            "종합병원":100,
            "공원":0,
            "혐오시설":0,
            "인프라총점":58.0,
            "초등학군":89.98,
            "중학군":54.64,
            "학군총점":61.708,
            "인구수":47.53,
            "인구증감":-5.22,
            "인구총점":31.705,
            "일자리":16.22,
            "소득수준":57.56,
            "일자리총점":28.622,
            "가치 총점":52.3562,
            "매매실거래년":20211104.0,
            "매매실거래가":58000.0,
            "전세실거래년":20220113.0,
            "전세실거래가":31000.0,
            "전세가율":53.45,
            "장기전세가율평균":70.52,
            "전세가율거품지수":17.07,
            "검색코드":589,
            "세대수":196.0,
            "준공년월":"1999-07-28",
            "준공년차":24.0,
            "가까운역이름":"정릉",
            "가까운역거리":396.45,
            "역세권여부":"역세권",
            "30분이내주요거점역":1,
            "30분거점역이름":"['명동']",
            "1시간이내주요거점역":10,
            "1시간거점역이름":"['강남', '역삼', '잠실', '여의도', '을지로3가', '양재', '가산디지털단지', '왕십리', '홍대입구', '명동']",
            "3km이내백화점수":2,
            "5km이내아울렛몰수":1,
            "1km이내대형먀트수":0,
            "500m이내은행수":1,
            "500m이내병원수":0,
            "5km이내대형병원수":8,
            "500m이내공원수":0,
            "3km이내혐오시설수":0,
            "초등학교학업성취도":89.98,
            "중학교학업성취도":88.8,
            "용적률":395,
            "건폐율":29,
            "Y":37.600423,
            "X":127.00999,
            "rank":109.0,
            "area_info":"24평(81.91), 35평(116.08), 47평(155.87)",
            "last_sales":"2021-11-04,58000.0,24평(81.91)",
            "rank_history":[
                [
                    "202203",
                    109
                ],
                [
                    "202202",
                    89
                ],
                [
                    "202201",
                    94
                ]
            ],
            "rank_gap":-20
        },
        {
            "index":406,
            "아파트명":"안암",
            "투자타입":"재건축",
            "전용면적(m2)":"50.68",
            "전용면적(평)":"15평",
            "법정동주소":"서울시 성북구 안암동4가 23-3",
            "도로명주소":"서울시 성북구 안암로9가길 9-16",
            "세대수":0,
            "입주년차":"--",
            "용적률점수":0,
            "건폐율점수":0,
            "세대당주차수":"--",
            "난방방식":"--",
            "공급면적":50,
            "전용률":100,
            "욕실수":"--",
            "현관타입":"--",
            "주거총점":7.5,
            "지역구공급총점":100.0,
            "역세권":50,
            "30분내 이동가능 거점":60,
            "1시간내 이동가능 거점":100,
            "교통총점":63.0,
            "백화점":100,
            "아울렛몰":80,
            "대형마트":0,
            "은행":70,
            "병원":0,
            "종합병원":100,
            "공원":80,
            "혐오시설":0,
            "인프라총점":67.4,
            "초등학군":89.99,
            "중학군":48.22,
            "학군총점":56.574,
            "인구수":47.53,
            "인구증감":-5.22,
            "인구총점":31.705,
            "일자리":16.22,
            "소득수준":57.56,
            "일자리총점":28.622,
            "가치 총점":52.2561,
            "매매실거래년":20220111.0,
            "매매실거래가":20000.0,
            "전세실거래년":20200625.0,
            "전세실거래가":11000.0,
            "전세가율":55.0,
            "장기전세가율평균":70.52,
            "전세가율거품지수":15.52,
            "검색코드":11399,
            "세대수":71.0,
            "준공년월":"1969-10-01",
            "준공년차":54.0,
            "가까운역이름":"신설동",
            "가까운역거리":588.84,
            "역세권여부":"준역세권",
            "30분이내주요거점역":3,
            "30분거점역이름":"['을지로3가', '왕십리', '명동']",
            "1시간이내주요거점역":13,
            "1시간거점역이름":"['강남', '역삼', '잠실', '여의도', '을지로3가', '양재', '평촌', '가산디지털단지', '왕십리', '홍대입구', '구로디지털단지', '명동', 'GTX성남(2023년)']",
            "3km이내백화점수":1,
            "5km이내아울렛몰수":1,
            "1km이내대형먀트수":0,
            "500m이내은행수":3,
            "500m이내병원수":0,
            "5km이내대형병원수":9,
            "500m이내공원수":1,
            "3km이내혐오시설수":0,
            "초등학교학업성취도":89.99,
            "중학교학업성취도":79.3,
            "용적률":0,
            "건폐율":0,
            "Y":37.58123,
            "X":127.02572,
            "rank":110.0,
            "area_info":"15평(50.68), 18평(61.02), 22평(76.03)",
            "last_sales":"2022-01-11,20000.0,15평(50.68)",
            "rank_history":[
                [
                    "202203",
                    110
                ],
                [
                    "202202",
                    9999
                ]
            ],
            "rank_gap":9999
        },
        {
            "index":444,
            "아파트명":"래미안장위포레카운티",
            "투자타입":"일반",
            "전용면적(m2)":"81.07",
            "전용면적(평)":"24평",
            "법정동주소":"서울시 성북구 장위동 322",
            "도로명주소":"서울시 성북구 장월로 160",
            "세대수":90,
            "입주년차":100,
            "용적률점수":"--",
            "건폐율점수":"--",
            "세대당주차수":30,
            "난방방식":30,
            "공급면적":"--",
            "전용률":"--",
            "욕실수":100,
            "현관타입":100,
            "주거총점":79.0,
            "지역구공급총점":100.0,
            "역세권":50,
            "30분내 이동가능 거점":0,
            "1시간내 이동가능 거점":80,
            "교통총점":41.0,
            "백화점":100,
            "아울렛몰":0,
            "대형마트":0,
            "은행":0,
            "병원":0,
            "종합병원":100,
            "공원":0,
            "혐오시설":0,
            "인프라총점":50.0,
            "초등학군":90.0,
            "중학군":34.18,
            "학군총점":45.344,
            "인구수":47.53,
            "인구증감":-5.22,
            "인구총점":31.705,
            "일자리":16.22,
            "소득수준":57.56,
            "일자리총점":28.622,
            "가치 총점":51.9516,
            "매매실거래년":20220127.0,
            "매매실거래가":97000.0,
            "전세실거래년":20220128.0,
            "전세실거래가":54000.0,
            "전세가율":55.67,
            "장기전세가율평균":70.52,
            "전세가율거품지수":14.85,
            "검색코드":113549,
            "세대수":939.0,
            "준공년월":"2021-05-31",
            "준공년차":2.0,
            "가까운역이름":"돌곶이",
            "가까운역거리":900.04,
            "역세권여부":"준역세권",
            "30분이내주요거점역":0,
            "30분거점역이름":"[]",
            "1시간이내주요거점역":8,
            "1시간거점역이름":"['강남', '역삼', '잠실', '을지로3가', '양재', '왕십리', '홍대입구', '명동']",
            "3km이내백화점수":2,
            "5km이내아울렛몰수":0,
            "1km이내대형먀트수":0,
            "500m이내은행수":0,
            "500m이내병원수":0,
            "5km이내대형병원수":11,
            "500m이내공원수":0,
            "3km이내혐오시설수":0,
            "초등학교학업성취도":90.0,
            "중학교학업성취도":56.5,
            "용적률":259,
            "건폐율":17,
            "Y":37.618259,
            "X":127.053343,
            "rank":111.0,
            "area_info":"24평(81.07), 34평(114.0), 34평(115.29), 41평(136.09)",
            "last_sales":"2022-01-27,97000.0,24평(81.07)",
            "rank_history":[
                [
                    "202203",
                    111
                ],
                [
                    "202202",
                    95
                ],
                [
                    "202201",
                    97
                ]
            ],
            "rank_gap":-16
        },
        {
            "index":13,
            "아파트명":"길음뉴타운3단지푸르지오",
            "투자타입":"일반",
            "전용면적(m2)":"77.6",
            "전용면적(평)":"23평",
            "법정동주소":"서울시 성북구 길음동 1280-1",
            "도로명주소":"서울시 성북구",
            "세대수":50,
            "입주년차":40,
            "용적률점수":"--",
            "건폐율점수":"--",
            "세대당주차수":30,
            "난방방식":30,
            "공급면적":"--",
            "전용률":"--",
            "욕실수":100,
            "현관타입":10,
            "주거총점":44.0,
            "지역구공급총점":100.0,
            "역세권":50,
            "30분내 이동가능 거점":0,
            "1시간내 이동가능 거점":70,
            "교통총점":39.0,
            "백화점":100,
            "아울렛몰":80,
            "대형마트":0,
            "은행":20,
            "병원":0,
            "종합병원":100,
            "공원":100,
            "혐오시설":0,
            "인프라총점":63.0,
            "초등학군":90.0,
            "중학군":56.32,
            "학군총점":63.056,
            "인구수":47.53,
            "인구증감":-5.22,
            "인구총점":31.705,
            "일자리":16.22,
            "소득수준":57.56,
            "일자리총점":28.622,
            "가치 총점":50.8084,
            "매매실거래년":20220111.0,
            "매매실거래가":89500.0,
            "전세실거래년":20220105.0,
            "전세실거래가":37800.0,
            "전세가율":46.1,
            "장기전세가율평균":70.52,
            "전세가율거품지수":24.42,
            "검색코드":100347,
            "세대수":434.0,
            "준공년월":"2005-04-20",
            "준공년차":18.0,
            "가까운역이름":"정릉",
            "가까운역거리":830.07,
            "역세권여부":"준역세권",
            "30분이내주요거점역":0,
            "30분거점역이름":"[]",
            "1시간이내주요거점역":7,
            "1시간거점역이름":"['강남', '잠실', '여의도', '을지로3가', '양재', '왕십리', '명동']",
            "3km이내백화점수":2,
            "5km이내아울렛몰수":1,
            "1km이내대형먀트수":0,
            "500m이내은행수":2,
            "500m이내병원수":0,
            "5km이내대형병원수":9,
            "500m이내공원수":8,
            "3km이내혐오시설수":0,
            "초등학교학업성취도":90.0,
            "중학교학업성취도":88.0,
            "용적률":254,
            "건폐율":18,
            "Y":37.609415,
            "X":127.017426,
            "rank":112.0,
            "area_info":"23평(77.6), 23평(77.49), 33평(112.33)",
            "last_sales":"2022-01-11,89500.0,33평(112.33)",
            "rank_history":[
                [
                    "202203",
                    112
                ],
                [
                    "202202",
                    99
                ],
                [
                    "202201",
                    99
                ]
            ],
            "rank_gap":-13
        },
        {
            "index":580,
            "아파트명":"정릉풍림아이원",
            "투자타입":"일반",
            "전용면적(m2)":"79.8",
            "전용면적(평)":"24평",
            "법정동주소":"서울시 성북구 정릉동 239",
            "도로명주소":"서울시 성북구 솔샘로25길 28",
            "세대수":100,
            "입주년차":40,
            "용적률점수":"--",
            "건폐율점수":"--",
            "세대당주차수":30,
            "난방방식":30,
            "공급면적":"--",
            "전용률":"--",
            "욕실수":50,
            "현관타입":100,
            "주거총점":65.5,
            "지역구공급총점":100.0,
            "역세권":50,
            "30분내 이동가능 거점":0,
            "1시간내 이동가능 거점":60,
            "교통총점":37.0,
            "백화점":100,
            "아울렛몰":0,
            "대형마트":0,
            "은행":0,
            "병원":0,
            "종합병원":100,
            "공원":80,
            "혐오시설":0,
            "인프라총점":52.4,
            "초등학군":89.97,
            "중학군":45.8,
            "학군총점":54.634,
            "인구수":47.53,
            "인구증감":-5.22,
            "인구총점":31.705,
            "일자리":16.22,
            "소득수준":57.56,
            "일자리총점":28.622,
            "가치 총점":49.9651,
            "매매실거래년":20211011.0,
            "매매실거래가":79000.0,
            "전세실거래년":20211201.0,
            "전세실거래가":35000.0,
            "전세가율":50.0,
            "장기전세가율평균":70.52,
            "전세가율거품지수":20.52,
            "검색코드":3426,
            "세대수":1971.0,
            "준공년월":"2005-12-28",
            "준공년차":18.0,
            "가까운역이름":"솔샘",
            "가까운역거리":582.74,
            "역세권여부":"준역세권",
            "30분이내주요거점역":0,
            "30분거점역이름":"[]",
            "1시간이내주요거점역":6,
            "1시간거점역이름":"['강남', '역삼', '잠실', '을지로3가', '왕십리', '명동']",
            "3km이내백화점수":2,
            "5km이내아울렛몰수":0,
            "1km이내대형먀트수":0,
            "500m이내은행수":0,
            "500m이내병원수":0,
            "5km이내대형병원수":5,
            "500m이내공원수":1,
            "3km이내혐오시설수":0,
            "초등학교학업성취도":89.97,
            "중학교학업성취도":72.6,
            "용적률":256,
            "건폐율":22,
            "Y":37.618862,
            "X":127.007175,
            "rank":113.0,
            "area_info":"24평(79.8), 24평(81.95), 24평(81.91), 25평(85.56), 31평(105.32), 32평(108.08), 32평(108.27), 42평(139.16), 42평(141.56)",
            "last_sales":"2021-10-11,79000.0,42평(141.56)",
            "rank_history":[
                [
                    "202203",
                    113
                ],
                [
                    "202202",
                    100
                ],
                [
                    "202201",
                    103
                ]
            ],
            "rank_gap":-13
        },
        {
            "index":461,
            "아파트명":"석계역한일노벨리아시티(도시형)",
            "투자타입":"일반",
            "전용면적(m2)":"23.3",
            "전용면적(평)":"7평",
            "법정동주소":"서울시 성북구 장위동 8-2",
            "도로명주소":"서울시 성북구 화랑로 299",
            "세대수":0,
            "입주년차":100,
            "용적률점수":"--",
            "건폐율점수":"--",
            "세대당주차수":0,
            "난방방식":30,
            "공급면적":"--",
            "전용률":"--",
            "욕실수":50,
            "현관타입":10,
            "주거총점":29.0,
            "지역구공급총점":100.0,
            "역세권":80,
            "30분내 이동가능 거점":0,
            "1시간내 이동가능 거점":90,
            "교통총점":58.0,
            "백화점":100,
            "아울렛몰":0,
            "대형마트":0,
            "은행":20,
            "병원":0,
            "종합병원":100,
            "공원":80,
            "혐오시설":0,
            "인프라총점":54.4,
            "초등학군":89.99,
            "중학군":34.18,
            "학군총점":45.342,
            "인구수":47.53,
            "인구증감":-5.22,
            "인구총점":31.705,
            "일자리":16.22,
            "소득수준":57.56,
            "일자리총점":28.622,
            "가치 총점":49.2213,
            "매매실거래년":20220225.0,
            "매매실거래가":11800.0,
            "전세실거래년":20220205.0,
            "전세실거래가":10500.0,
            "전세가율":95.45,
            "장기전세가율평균":70.52,
            "전세가율거품지수":-24.93,
            "검색코드":117956,
            "세대수":299.0,
            "준공년월":"2019-09-03",
            "준공년차":4.0,
            "가까운역이름":"석계",
            "가까운역거리":428.28,
            "역세권여부":"역세권",
            "30분이내주요거점역":0,
            "30분거점역이름":"[]",
            "1시간이내주요거점역":9,
            "1시간거점역이름":"['강남', '역삼', '잠실', '여의도', '을지로3가', '양재', '왕십리', '홍대입구', '명동']",
            "3km이내백화점수":2,
            "5km이내아울렛몰수":0,
            "1km이내대형먀트수":0,
            "500m이내은행수":2,
            "500m이내병원수":0,
            "5km이내대형병원수":13,
            "500m이내공원수":1,
            "3km이내혐오시설수":0,
            "초등학교학업성취도":89.99,
            "중학교학업성취도":56.5,
            "용적률":512,
            "건폐율":56,
            "Y":37.613589,
            "X":127.061168,
            "rank":114.0,
            "area_info":"7평(23.3), 7평(24.06)",
            "last_sales":"2022-02-25,11800.0,7평(24.06)",
            "rank_history":[
                [
                    "202203",
                    114
                ],
                [
                    "202202",
                    98
                ],
                [
                    "202201",
                    100
                ]
            ],
            "rank_gap":-16
        },
        {
            "index":499,
            "아파트명":"대동",
            "투자타입":"일반",
            "전용면적(m2)":"85.02",
            "전용면적(평)":"25평",
            "법정동주소":"서울시 성북구 정릉동 1022",
            "도로명주소":"서울시 성북구 정릉로 185-4",
            "세대수":0,
            "입주년차":20,
            "용적률점수":"--",
            "건폐율점수":"--",
            "세대당주차수":30,
            "난방방식":30,
            "공급면적":"--",
            "전용률":"--",
            "욕실수":50,
            "현관타입":100,
            "주거총점":26.5,
            "지역구공급총점":100.0,
            "역세권":50,
            "30분내 이동가능 거점":20,
            "1시간내 이동가능 거점":90,
            "교통총점":49.0,
            "백화점":100,
            "아울렛몰":80,
            "대형마트":0,
            "은행":0,
            "병원":0,
            "종합병원":100,
            "공원":0,
            "혐오시설":0,
            "인프라총점":58.0,
            "초등학군":89.99,
            "중학군":48.54,
            "학군총점":56.83,
            "인구수":47.53,
            "인구증감":-5.22,
            "인구총점":31.705,
            "일자리":16.22,
            "소득수준":57.56,
            "일자리총점":28.622,
            "가치 총점":48.3745,
            "매매실거래년":20200411.0,
            "매매실거래가":51500.0,
            "전세실거래년":20170705.0,
            "전세실거래가":23000.0,
            "전세가율":76.67,
            "장기전세가율평균":70.52,
            "전세가율거품지수":-6.15,
            "검색코드":9572,
            "세대수":74.0,
            "준공년월":"2003-11-03",
            "준공년차":20.0,
            "가까운역이름":"북한산보국문",
            "가까운역거리":516.34,
            "역세권여부":"준역세권",
            "30분이내주요거점역":1,
            "30분거점역이름":"['명동']",
            "1시간이내주요거점역":9,
            "1시간거점역이름":"['강남', '역삼', '잠실', '여의도', '을지로3가', '양재', '왕십리', '홍대입구', '명동']",
            "3km이내백화점수":2,
            "5km이내아울렛몰수":1,
            "1km이내대형먀트수":0,
            "500m이내은행수":1,
            "500m이내병원수":0,
            "5km이내대형병원수":8,
            "500m이내공원수":0,
            "3km이내혐오시설수":0,
            "초등학교학업성취도":89.99,
            "중학교학업성취도":79.3,
            "용적률":287,
            "건폐율":18,
            "Y":37.607851,
            "X":127.006007,
            "rank":115.0,
            "area_info":"25평(85.02), 33평(110.58), 46평(152.1)",
            "last_sales":"2020-04-11,51500.0,46평(152.1)",
            "rank_history":[
                [
                    "202203",
                    115
                ],
                [
                    "202202",
                    9999
                ]
            ],
            "rank_gap":9999
        },
        {
            "index":349,
            "아파트명":"두산",
            "투자타입":"일반",
            "전용면적(m2)":"72.01",
            "전용면적(평)":"21평",
            "법정동주소":"서울시 성북구 석관동 10",
            "도로명주소":"서울시 성북구 화랑로48길 16",
            "세대수":100,
            "입주년차":0,
            "용적률점수":"--",
            "건폐율점수":"--",
            "세대당주차수":30,
            "난방방식":30,
            "공급면적":"--",
            "전용률":"--",
            "욕실수":50,
            "현관타입":10,
            "주거총점":48.5,
            "지역구공급총점":100.0,
            "역세권":80,
            "30분내 이동가능 거점":0,
            "1시간내 이동가능 거점":90,
            "교통총점":58.0,
            "백화점":0,
            "아울렛몰":0,
            "대형마트":80,
            "은행":0,
            "병원":0,
            "종합병원":100,
            "공원":80,
            "혐오시설":0,
            "인프라총점":34.4,
            "초등학군":89.96,
            "중학군":40.06,
            "학군총점":50.04,
            "인구수":47.53,
            "인구증감":-5.22,
            "인구총점":31.705,
            "일자리":16.22,
            "소득수준":57.56,
            "일자리총점":28.622,
            "가치 총점":47.826,
            "매매실거래년":20220208.0,
            "매매실거래가":85000.0,
            "전세실거래년":20220215.0,
            "전세실거래가":29400.0,
            "전세가율":41.41,
            "장기전세가율평균":70.52,
            "전세가율거품지수":29.11,
            "검색코드":1183,
            "세대수":1998.0,
            "준공년월":"1998-04-18",
            "준공년차":25.0,
            "가까운역이름":"석계",
            "가까운역거리":327.58,
            "역세권여부":"역세권",
            "30분이내주요거점역":0,
            "30분거점역이름":"[]",
            "1시간이내주요거점역":9,
            "1시간거점역이름":"['강남', '역삼', '잠실', '여의도', '을지로3가', '양재', '왕십리', '홍대입구', '명동']",
            "3km이내백화점수":0,
            "5km이내아울렛몰수":0,
            "1km이내대형먀트수":1,
            "500m이내은행수":1,
            "500m이내병원수":0,
            "5km이내대형병원수":11,
            "500m이내공원수":1,
            "3km이내혐오시설수":0,
            "초등학교학업성취도":89.96,
            "중학교학업성취도":63.9,
            "용적률":277,
            "건폐율":17,
            "Y":37.613145,
            "X":127.068573,
            "rank":116.0,
            "area_info":"21평(72.01), 24평(80.48), 32평(108.12), 32평(108.18), 49평(163.1), 60평(199.78)",
            "last_sales":"2022-02-08,85000.0,32평(108.12)",
            "rank_history":[
                [
                    "202203",
                    116
                ],
                [
                    "202202",
                    101
                ],
                [
                    "202201",
                    104
                ]
            ],
            "rank_gap":-15
        },
        {
            "index":539,
            "아파트명":"정릉성원",
            "투자타입":"일반",
            "전용면적(m2)":"85.17",
            "전용면적(평)":"25평",
            "법정동주소":"서울시 성북구 정릉동 1019",
            "도로명주소":"서울시 성북구 정릉로21길 21",
            "세대수":0,
            "입주년차":20,
            "용적률점수":"--",
            "건폐율점수":"--",
            "세대당주차수":30,
            "난방방식":30,
            "공급면적":"--",
            "전용률":"--",
            "욕실수":50,
            "현관타입":10,
            "주거총점":17.5,
            "지역구공급총점":100.0,
            "역세권":50,
            "30분내 이동가능 거점":20,
            "1시간내 이동가능 거점":90,
            "교통총점":49.0,
            "백화점":100,
            "아울렛몰":80,
            "대형마트":0,
            "은행":0,
            "병원":0,
            "종합병원":100,
            "공원":80,
            "혐오시설":0,
            "인프라총점":60.4,
            "초등학군":89.99,
            "중학군":48.54,
            "학군총점":56.83,
            "인구수":47.53,
            "인구증감":-5.22,
            "인구총점":31.705,
            "일자리":16.22,
            "소득수준":57.56,
            "일자리총점":28.622,
            "가치 총점":47.2945,
            "매매실거래년":20211001.0,
            "매매실거래가":63300.0,
            "전세실거래년":20210616.0,
            "전세실거래가":25200.0,
            "전세가율":39.81,
            "장기전세가율평균":70.52,
            "전세가율거품지수":30.71,
            "검색코드":1188,
            "세대수":271.0,
            "준공년월":"2000-01-17",
            "준공년차":23.0,
            "가까운역이름":"북한산보국문",
            "가까운역거리":605.71,
            "역세권여부":"준역세권",
            "30분이내주요거점역":1,
            "30분거점역이름":"['명동']",
            "1시간이내주요거점역":9,
            "1시간거점역이름":"['강남', '역삼', '잠실', '여의도', '을지로3가', '양재', '왕십리', '홍대입구', '명동']",
            "3km이내백화점수":2,
            "5km이내아울렛몰수":1,
            "1km이내대형먀트수":0,
            "500m이내은행수":1,
            "500m이내병원수":0,
            "5km이내대형병원수":9,
            "500m이내공원수":1,
            "3km이내혐오시설수":0,
            "초등학교학업성취도":89.99,
            "중학교학업성취도":79.3,
            "용적률":353,
            "건폐율":26,
            "Y":37.60669,
            "X":127.008356,
            "rank":117.0,
            "area_info":"25평(85.17), 33평(110.81), 33평(110.79), 43평(143.22)",
            "last_sales":"2021-10-01,63300.0,25평(85.17)",
            "rank_history":[
                [
                    "202203",
                    117
                ],
                [
                    "202202",
                    102
                ],
                [
                    "202201",
                    102
                ]
            ],
            "rank_gap":-15
        },
        {
            "index":360,
            "아파트명":"래미안아트리치",
            "투자타입":"일반",
            "전용면적(m2)":"84.93",
            "전용면적(평)":"25평",
            "법정동주소":"서울시 성북구 석관동 410",
            "도로명주소":"서울시 성북구 돌곶이로8길 22",
            "세대수":90,
            "입주년차":100,
            "용적률점수":"--",
            "건폐율점수":"--",
            "세대당주차수":30,
            "난방방식":30,
            "공급면적":"--",
            "전용률":"--",
            "욕실수":100,
            "현관타입":100,
            "주거총점":79.0,
            "지역구공급총점":100.0,
            "역세권":50,
            "30분내 이동가능 거점":20,
            "1시간내 이동가능 거점":90,
            "교통총점":49.0,
            "백화점":0,
            "아울렛몰":0,
            "대형마트":0,
            "은행":20,
            "병원":0,
            "종합병원":100,
            "공원":0,
            "혐오시설":0,
            "인프라총점":22.0,
            "초등학군":89.98,
            "중학군":40.06,
            "학군총점":50.044,
            "인구수":47.53,
            "인구증감":-5.22,
            "인구총점":31.705,
            "일자리":16.22,
            "소득수준":57.56,
            "일자리총점":28.622,
            "가치 총점":47.0566,
            "매매실거래년":20210109.0,
            "매매실거래가":129000.0,
            "전세실거래년":null,
            "전세실거래가":null,
            "전세가율":null,
            "장기전세가율평균":70.52,
            "전세가율거품지수":null,
            "검색코드":114972,
            "세대수":1091.0,
            "준공년월":"2019-02-28",
            "준공년차":4.0,
            "가까운역이름":"신이문",
            "가까운역거리":595.59,
            "역세권여부":"준역세권",
            "30분이내주요거점역":1,
            "30분거점역이름":"['왕십리']",
            "1시간이내주요거점역":9,
            "1시간거점역이름":"['강남', '역삼', '잠실', '여의도', '을지로3가', '양재', '왕십리', '홍대입구', '명동']",
            "3km이내백화점수":0,
            "5km이내아울렛몰수":0,
            "1km이내대형먀트수":0,
            "500m이내은행수":2,
            "500m이내병원수":0,
            "5km이내대형병원수":12,
            "500m이내공원수":0,
            "3km이내혐오시설수":0,
            "초등학교학업성취도":89.98,
            "중학교학업성취도":63.9,
            "용적률":244,
            "건폐율":21,
            "Y":37.606168,
            "X":127.063518,
            "rank":118.0,
            "area_info":"25평(84.93), 25평(85.34), 25평(85.42), 25평(85.1), 25평(85.47), 34평(112.97), 34평(112.45), 34평(112.65), 34평(112.45), 41평(138.52)",
            "last_sales":"2021-01-09,129000.0,41평(138.52)",
            "rank_history":[
                [
                    "202203",
                    118
                ],
                [
                    "202202",
                    105
                ],
                [
                    "202201",
                    106
                ]
            ],
            "rank_gap":-13
        },
        {
            "index":530,
            "아파트명":"정릉대우",
            "투자타입":"일반",
            "전용면적(m2)":"59.71",
            "전용면적(평)":"18평",
            "법정동주소":"서울시 성북구 정릉동 1021",
            "도로명주소":"서울시 성북구 보국문로30길 15",
            "세대수":80,
            "입주년차":20,
            "용적률점수":"--",
            "건폐율점수":"--",
            "세대당주차수":0,
            "난방방식":30,
            "공급면적":"--",
            "전용률":"--",
            "욕실수":50,
            "현관타입":10,
            "주거총점":41.0,
            "지역구공급총점":100.0,
            "역세권":50,
            "30분내 이동가능 거점":0,
            "1시간내 이동가능 거점":90,
            "교통총점":43.0,
            "백화점":100,
            "아울렛몰":0,
            "대형마트":0,
            "은행":0,
            "병원":0,
            "종합병원":100,
            "공원":80,
            "혐오시설":0,
            "인프라총점":52.4,
            "초등학군":89.97,
            "중학군":43.28,
            "학군총점":52.618,
            "인구수":47.53,
            "인구증감":-5.22,
            "인구총점":31.705,
            "일자리":16.22,
            "소득수준":57.56,
            "일자리총점":28.622,
            "가치 총점":46.8627,
            "매매실거래년":20220219.0,
            "매매실거래가":41000.0,
            "전세실거래년":20220206.0,
            "전세실거래가":27000.0,
            "전세가율":65.85,
            "장기전세가율평균":70.52,
            "전세가율거품지수":4.67,
            "검색코드":1186,
            "세대수":791.0,
            "준공년월":"2001-06-21",
            "준공년차":22.0,
            "가까운역이름":"북한산보국문",
            "가까운역거리":761.95,
            "역세권여부":"준역세권",
            "30분이내주요거점역":0,
            "30분거점역이름":"[]",
            "1시간이내주요거점역":9,
            "1시간거점역이름":"['강남', '역삼', '잠실', '여의도', '을지로3가', '양재', '왕십리', '홍대입구', '명동']",
            "3km이내백화점수":2,
            "5km이내아울렛몰수":0,
            "1km이내대형먀트수":0,
            "500m이내은행수":1,
            "500m이내병원수":0,
            "5km이내대형병원수":4,
            "500m이내공원수":1,
            "3km이내혐오시설수":0,
            "초등학교학업성취도":89.97,
            "중학교학업성취도":68.4,
            "용적률":349,
            "건폐율":29,
            "Y":37.617739,
            "X":127.003282,
            "rank":119.0,
            "area_info":"18평(59.71), 24평(82.38), 25평(83.23), 32평(108.16), 42평(141.2)",
            "last_sales":"2022-02-19,41000.0,18평(59.71)",
            "rank_history":[
                [
                    "202203",
                    119
                ],
                [
                    "202202",
                    103
                ],
                [
                    "202201",
                    105
                ]
            ],
            "rank_gap":-16
        },
        {
            "index":155,
            "아파트명":"동소문현대",
            "투자타입":"일반",
            "전용면적(m2)":"93.21",
            "전용면적(평)":"28평",
            "법정동주소":"서울시 성북구 돈암동 630",
            "도로명주소":"서울시 성북구 아리랑로5길 50-8",
            "세대수":0,
            "입주년차":0,
            "용적률점수":"--",
            "건폐율점수":"--",
            "세대당주차수":0,
            "난방방식":30,
            "공급면적":"--",
            "전용률":"--",
            "욕실수":50,
            "현관타입":50,
            "주거총점":13.0,
            "지역구공급총점":100.0,
            "역세권":50,
            "30분내 이동가능 거점":20,
            "1시간내 이동가능 거점":90,
            "교통총점":49.0,
            "백화점":100,
            "아울렛몰":80,
            "대형마트":0,
            "은행":0,
            "병원":0,
            "종합병원":100,
            "공원":0,
            "혐오시설":0,
            "인프라총점":58.0,
            "초등학군":89.98,
            "중학군":54.64,
            "학군총점":61.708,
            "인구수":47.53,
            "인구증감":-5.22,
            "인구총점":31.705,
            "일자리":16.22,
            "소득수준":57.56,
            "일자리총점":28.622,
            "가치 총점":46.4062,
            "매매실거래년":20210927.0,
            "매매실거래가":71000.0,
            "전세실거래년":20210125.0,
            "전세실거래가":26775.0,
            "전세가율":77.61,
            "장기전세가율평균":70.52,
            "전세가율거품지수":-7.09,
            "검색코드":839,
            "세대수":141.0,
            "준공년월":"1994-07-18",
            "준공년차":29.0,
            "가까운역이름":"정릉",
            "가까운역거리":505.77,
            "역세권여부":"준역세권",
            "30분이내주요거점역":1,
            "30분거점역이름":"['명동']",
            "1시간이내주요거점역":9,
            "1시간거점역이름":"['강남', '역삼', '잠실', '여의도', '을지로3가', '양재', '왕십리', '홍대입구', '명동']",
            "3km이내백화점수":2,
            "5km이내아울렛몰수":1,
            "1km이내대형먀트수":0,
            "500m이내은행수":0,
            "500m이내병원수":0,
            "5km이내대형병원수":9,
            "500m이내공원수":0,
            "3km이내혐오시설수":0,
            "초등학교학업성취도":89.98,
            "중학교학업성취도":88.8,
            "용적률":196,
            "건폐율":20,
            "Y":37.598138,
            "X":127.012523,
            "rank":120.0,
            "area_info":"28평(93.21), 28평(94.38), 31평(105.05)",
            "last_sales":"2021-09-27,71000.0,31평(105.05)",
            "rank_history":[
                [
                    "202203",
                    120
                ],
                [
                    "202202",
                    96
                ],
                [
                    "202201",
                    98
                ]
            ],
            "rank_gap":-24
        },
        {
            "index":507,
            "아파트명":"산장",
            "투자타입":"재건축",
            "전용면적(m2)":"66.12",
            "전용면적(평)":"20평",
            "법정동주소":"서울시 성북구 정릉동 780",
            "도로명주소":"서울시 성북구 보국문로 167",
            "세대수":0,
            "입주년차":"--",
            "용적률점수":0,
            "건폐율점수":0,
            "세대당주차수":"--",
            "난방방식":"--",
            "공급면적":50,
            "전용률":80,
            "욕실수":"--",
            "현관타입":"--",
            "주거총점":6.5,
            "지역구공급총점":100.0,
            "역세권":50,
            "30분내 이동가능 거점":20,
            "1시간내 이동가능 거점":100,
            "교통총점":51.0,
            "백화점":100,
            "아울렛몰":80,
            "대형마트":0,
            "은행":0,
            "병원":0,
            "종합병원":100,
            "공원":0,
            "혐오시설":0,
            "인프라총점":58.0,
            "초등학군":89.99,
            "중학군":54.64,
            "학군총점":61.71,
            "인구수":47.53,
            "인구증감":-5.22,
            "인구총점":31.705,
            "일자리":16.22,
            "소득수준":57.56,
            "일자리총점":28.622,
            "가치 총점":45.8065,
            "매매실거래년":20220224.0,
            "매매실거래가":45000.0,
            "전세실거래년":20211206.0,
            "전세실거래가":18900.0,
            "전세가율":42.0,
            "장기전세가율평균":70.52,
            "전세가율거품지수":28.52,
            "검색코드":1187,
            "세대수":264.0,
            "준공년월":"1977-12-29",
            "준공년차":46.0,
            "가까운역이름":"정릉",
            "가까운역거리":638.49,
            "역세권여부":"준역세권",
            "30분이내주요거점역":1,
            "30분거점역이름":"['명동']",
            "1시간이내주요거점역":10,
            "1시간거점역이름":"['강남', '역삼', '잠실', '여의도', '을지로3가', '양재', '왕십리', '홍대입구', '구로디지털단지', '명동']",
            "3km이내백화점수":2,
            "5km이내아울렛몰수":1,
            "1km이내대형먀트수":0,
            "500m이내은행수":0,
            "500m이내병원수":0,
            "5km이내대형병원수":9,
            "500m이내공원수":0,
            "3km이내혐오시설수":0,
            "초등학교학업성취도":89.99,
            "중학교학업성취도":88.8,
            "용적률":0,
            "건폐율":0,
            "Y":37.616678,
            "X":127.002503,
            "rank":121.0,
            "area_info":"20평(66.12), 25평(85.95)",
            "last_sales":"2022-02-24,45000.0,20평(66.12)",
            "rank_history":[
                [
                    "202203",
                    121
                ],
                [
                    "202202",
                    113
                ],
                [
                    "202201",
                    115
                ]
            ],
            "rank_gap":-8
        },
        {
            "index":631,
            "아파트명":"피오레1단지",
            "투자타입":"일반",
            "전용면적(m2)":"120.27",
            "전용면적(평)":"36평",
            "법정동주소":"서울시 성북구 정릉동 1024",
            "도로명주소":"서울시 성북구 보국문로 183",
            "세대수":0,
            "입주년차":40,
            "용적률점수":"--",
            "건폐율점수":"--",
            "세대당주차수":60,
            "난방방식":30,
            "공급면적":"--",
            "전용률":"--",
            "욕실수":100,
            "현관타입":100,
            "주거총점":40.0,
            "지역구공급총점":100.0,
            "역세권":50,
            "30분내 이동가능 거점":0,
            "1시간내 이동가능 거점":70,
            "교통총점":39.0,
            "백화점":100,
            "아울렛몰":0,
            "대형마트":0,
            "은행":0,
            "병원":0,
            "종합병원":100,
            "공원":80,
            "혐오시설":0,
            "인프라총점":52.4,
            "초등학군":89.97,
            "중학군":43.28,
            "학군총점":52.618,
            "인구수":47.53,
            "인구증감":-5.22,
            "인구총점":31.705,
            "일자리":16.22,
            "소득수준":57.56,
            "일자리총점":28.622,
            "가치 총점":45.2627,
            "매매실거래년":20201110.0,
            "매매실거래가":70000.0,
            "전세실거래년":20211129.0,
            "전세실거래가":45000.0,
            "전세가율":78.95,
            "장기전세가율평균":70.52,
            "전세가율거품지수":-8.43,
            "검색코드":10670,
            "세대수":127.0,
            "준공년월":"2004-11-30",
            "준공년차":19.0,
            "가까운역이름":"북한산보국문",
            "가까운역거리":861.86,
            "역세권여부":"준역세권",
            "30분이내주요거점역":0,
            "30분거점역이름":"[]",
            "1시간이내주요거점역":7,
            "1시간거점역이름":"['강남', '역삼', '여의도', '을지로3가', '왕십리', '홍대입구', '명동']",
            "3km이내백화점수":2,
            "5km이내아울렛몰수":0,
            "1km이내대형먀트수":0,
            "500m이내은행수":1,
            "500m이내병원수":0,
            "5km이내대형병원수":4,
            "500m이내공원수":1,
            "3km이내혐오시설수":0,
            "초등학교학업성취도":89.97,
            "중학교학업성취도":68.4,
            "용적률":0,
            "건폐율":0,
            "Y":37.617294,
            "X":127.000959,
            "rank":122.0,
            "area_info":"36평(120.27), 38평(127.14)",
            "last_sales":"2020-11-10,70000.0,38평(127.14)",
            "rank_history":[
                [
                    "202203",
                    122
                ],
                [
                    "202202",
                    104
                ],
                [
                    "202201",
                    108
                ]
            ],
            "rank_gap":-18
        },
        {
            "index":380,
            "아파트명":"중앙하이츠",
            "투자타입":"일반",
            "전용면적(m2)":"77.43",
            "전용면적(평)":"23평",
            "법정동주소":"서울시 성북구 석관동 110-2",
            "도로명주소":"서울시 성북구 한천로76길 73",
            "세대수":30,
            "입주년차":0,
            "용적률점수":"--",
            "건폐율점수":"--",
            "세대당주차수":0,
            "난방방식":30,
            "공급면적":"--",
            "전용률":"--",
            "욕실수":50,
            "현관타입":100,
            "주거총점":28.5,
            "지역구공급총점":100.0,
            "역세권":80,
            "30분내 이동가능 거점":0,
            "1시간내 이동가능 거점":90,
            "교통총점":58.0,
            "백화점":0,
            "아울렛몰":0,
            "대형마트":80,
            "은행":0,
            "병원":0,
            "종합병원":100,
            "공원":80,
            "혐오시설":0,
            "인프라총점":34.4,
            "초등학군":89.96,
            "중학군":40.06,
            "학군총점":50.04,
            "인구수":47.53,
            "인구증감":-5.22,
            "인구총점":31.705,
            "일자리":16.22,
            "소득수준":57.56,
            "일자리총점":28.622,
            "가치 총점":43.826,
            "매매실거래년":20211202.0,
            "매매실거래가":60000.0,
            "전세실거래년":20220110.0,
            "전세실거래가":47000.0,
            "전세가율":78.33,
            "장기전세가율평균":70.52,
            "전세가율거품지수":-7.81,
            "검색코드":585,
            "세대수":315.0,
            "준공년월":"1994-06-24",
            "준공년차":29.0,
            "가까운역이름":"석계",
            "가까운역거리":390.64,
            "역세권여부":"역세권",
            "30분이내주요거점역":0,
            "30분거점역이름":"[]",
            "1시간이내주요거점역":9,
            "1시간거점역이름":"['강남', '역삼', '잠실', '여의도', '을지로3가', '양재', '왕십리', '홍대입구', '명동']",
            "3km이내백화점수":0,
            "5km이내아울렛몰수":0,
            "1km이내대형먀트수":1,
            "500m이내은행수":1,
            "500m이내병원수":0,
            "5km이내대형병원수":11,
            "500m이내공원수":1,
            "3km이내혐오시설수":0,
            "초등학교학업성취도":89.96,
            "중학교학업성취도":63.9,
            "용적률":0,
            "건폐율":0,
            "Y":37.611571,
            "X":127.066622,
            "rank":123.0,
            "area_info":"23평(77.43), 30평(99.68)",
            "last_sales":"2021-12-02,60000.0,23평(77.43)",
            "rank_history":[
                [
                    "202203",
                    123
                ],
                [
                    "202202",
                    107
                ],
                [
                    "202201",
                    109
                ]
            ],
            "rank_gap":-16
        },
        {
            "index":423,
            "아파트명":"꿈의숲아이파크",
            "투자타입":"일반",
            "전용면적(m2)":"84.87",
            "전용면적(평)":"25평",
            "법정동주소":"서울시 성북구 장위동 189-3",
            "도로명주소":"서울시 성북구 돌곶이로40길 46",
            "세대수":100,
            "입주년차":100,
            "용적률점수":"--",
            "건폐율점수":"--",
            "세대당주차수":30,
            "난방방식":30,
            "공급면적":"--",
            "전용률":"--",
            "욕실수":100,
            "현관타입":100,
            "주거총점":82.5,
            "지역구공급총점":100.0,
            "역세권":0,
            "30분내 이동가능 거점":0,
            "1시간내 이동가능 거점":70,
            "교통총점":14.0,
            "백화점":100,
            "아울렛몰":0,
            "대형마트":0,
            "은행":0,
            "병원":0,
            "종합병원":100,
            "공원":100,
            "혐오시설":-50,
            "인프라총점":52.0,
            "초등학군":90.02,
            "중학군":34.18,
            "학군총점":45.348,
            "인구수":47.53,
            "인구증감":-5.22,
            "인구총점":31.705,
            "일자리":16.22,
            "소득수준":57.56,
            "일자리총점":28.622,
            "가치 총점":43.8022,
            "매매실거래년":20201230.0,
            "매매실거래가":106000.0,
            "전세실거래년":null,
            "전세실거래가":null,
            "전세가율":null,
            "장기전세가율평균":70.52,
            "전세가율거품지수":null,
            "검색코드":122863,
            "세대수":1703.0,
            "준공년월":"2020-12-01",
            "준공년차":3.0,
            "가까운역이름":"돌곶이",
            "가까운역거리":1171.27,
            "역세권여부":"비역세권",
            "30분이내주요거점역":0,
            "30분거점역이름":"[]",
            "1시간이내주요거점역":7,
            "1시간거점역이름":"['역삼', '잠실', '여의도', '을지로3가', '왕십리', '홍대입구', '명동']",
            "3km이내백화점수":2,
            "5km이내아울렛몰수":0,
            "1km이내대형먀트수":0,
            "500m이내은행수":0,
            "500m이내병원수":0,
            "5km이내대형병원수":10,
            "500m이내공원수":3,
            "3km이내혐오시설수":1,
            "초등학교학업성취도":90.02,
            "중학교학업성취도":56.5,
            "용적률":267,
            "건폐율":18,
            "Y":37.618675,
            "X":127.047983,
            "rank":124.0,
            "area_info":"25평(84.87), 25평(85.3), 30평(102.03), 34평(112.75), 34평(113.64), 42평(140.12)",
            "last_sales":"2020-12-30,106000.0,25평(84.87)",
            "rank_history":[
                [
                    "202203",
                    124
                ],
                [
                    "202202",
                    106
                ],
                [
                    "202201",
                    107
                ]
            ],
            "rank_gap":-18
        },
        {
            "index":419,
            "아파트명":"꿈의숲대명루첸",
            "투자타입":"일반",
            "전용면적(m2)":"82.22",
            "전용면적(평)":"24평",
            "법정동주소":"서울시 성북구 장위동 317",
            "도로명주소":"서울시 성북구 월계로36길 27",
            "세대수":50,
            "입주년차":40,
            "용적률점수":"--",
            "건폐율점수":"--",
            "세대당주차수":60,
            "난방방식":30,
            "공급면적":"--",
            "전용률":"--",
            "욕실수":100,
            "현관타입":100,
            "주거총점":57.5,
            "지역구공급총점":100.0,
            "역세권":0,
            "30분내 이동가능 거점":20,
            "1시간내 이동가능 거점":80,
            "교통총점":22.0,
            "백화점":100,
            "아울렛몰":0,
            "대형마트":0,
            "은행":0,
            "병원":0,
            "종합병원":100,
            "공원":100,
            "혐오시설":-100,
            "인프라총점":51.0,
            "초등학군":90.0,
            "중학군":47.84,
            "학군총점":56.272,
            "인구수":47.53,
            "인구증감":-5.22,
            "인구총점":31.705,
            "일자리":16.22,
            "소득수준":57.56,
            "일자리총점":28.622,
            "가치 총점":42.9408,
            "매매실거래년":20211010.0,
            "매매실거래가":87500.0,
            "전세실거래년":20220108.0,
            "전세실거래가":50000.0,
            "전세가율":57.14,
            "장기전세가율평균":70.52,
            "전세가율거품지수":13.38,
            "검색코드":26344,
            "세대수":611.0,
            "준공년월":"2008-12-26",
            "준공년차":15.0,
            "가까운역이름":"광운대",
            "가까운역거리":1311.83,
            "역세권여부":"비역세권",
            "30분이내주요거점역":1,
            "30분거점역이름":"['을지로3가']",
            "1시간이내주요거점역":8,
            "1시간거점역이름":"['역삼', '잠실', '여의도', '을지로3가', '양재', '왕십리', '홍대입구', '명동']",
            "3km이내백화점수":2,
            "5km이내아울렛몰수":0,
            "1km이내대형먀트수":0,
            "500m이내은행수":0,
            "500m이내병원수":0,
            "5km이내대형병원수":10,
            "500m이내공원수":2,
            "3km이내혐오시설수":2,
            "초등학교학업성취도":90.0,
            "중학교학업성취도":78.4,
            "용적률":248,
            "건폐율":21,
            "Y":37.620895,
            "X":127.047271,
            "rank":125.0,
            "area_info":"24평(82.22), 33평(109.86), 38평(126.64), 45평(149.98)",
            "last_sales":"2021-10-10,87500.0,24평(82.22)",
            "rank_history":[
                [
                    "202203",
                    125
                ],
                [
                    "202202",
                    108
                ],
                [
                    "202201",
                    110
                ]
            ],
            "rank_gap":-17
        },
        {
            "index":474,
            "아파트명":"참누리",
            "투자타입":"일반",
            "전용면적(m2)":"76.13",
            "전용면적(평)":"23평",
            "법정동주소":"서울시 성북구 장위동 316-5",
            "도로명주소":"서울시 성북구 한천로101길 18",
            "세대수":30,
            "입주년차":40,
            "용적률점수":"--",
            "건폐율점수":"--",
            "세대당주차수":30,
            "난방방식":30,
            "공급면적":"--",
            "전용률":"--",
            "욕실수":100,
            "현관타입":100,
            "주거총점":46.0,
            "지역구공급총점":100.0,
            "역세권":0,
            "30분내 이동가능 거점":40,
            "1시간내 이동가능 거점":70,
            "교통총점":26.0,
            "백화점":100,
            "아울렛몰":0,
            "대형마트":0,
            "은행":0,
            "병원":0,
            "종합병원":100,
            "공원":80,
            "혐오시설":-50,
            "인프라총점":51.4,
            "초등학군":90.0,
            "중학군":43.02,
            "학군총점":52.416,
            "인구수":47.53,
            "인구증감":-5.22,
            "인구총점":31.705,
            "일자리":16.22,
            "소득수준":57.56,
            "일자리총점":28.622,
            "가치 총점":41.5824,
            "매매실거래년":20210708.0,
            "매매실거래가":75500.0,
            "전세실거래년":20201006.0,
            "전세실거래가":44000.0,
            "전세가율":58.28,
            "장기전세가율평균":70.52,
            "전세가율거품지수":12.24,
            "검색코드":24090,
            "세대수":373.0,
            "준공년월":"2006-04-18",
            "준공년차":17.0,
            "가까운역이름":"광운대",
            "가까운역거리":1140.21,
            "역세권여부":"비역세권",
            "30분이내주요거점역":2,
            "30분거점역이름":"['을지로3가', '명동']",
            "1시간이내주요거점역":7,
            "1시간거점역이름":"['역삼', '잠실', '여의도', '을지로3가', '왕십리', '홍대입구', '명동']",
            "3km이내백화점수":2,
            "5km이내아울렛몰수":0,
            "1km이내대형먀트수":0,
            "500m이내은행수":0,
            "500m이내병원수":0,
            "5km이내대형병원수":10,
            "500m이내공원수":1,
            "3km이내혐오시설수":1,
            "초등학교학업성취도":90.0,
            "중학교학업성취도":69.7,
            "용적률":231,
            "건폐율":21,
            "Y":37.62325,
            "X":127.04877,
            "rank":126.0,
            "area_info":"23평(76.13), 23평(76.15), 32평(107.89), 32평(107.89), 32평(107.77)",
            "last_sales":"2021-07-08,75500.0,23평(76.13)",
            "rank_history":[
                [
                    "202203",
                    126
                ],
                [
                    "202202",
                    110
                ],
                [
                    "202201",
                    112
                ]
            ],
            "rank_gap":-16
        },
        {
            "index":567,
            "아파트명":"정릉중앙하이츠",
            "투자타입":"일반",
            "전용면적(m2)":"71.25",
            "전용면적(평)":"21평",
            "법정동주소":"서울시 성북구 정릉동 809",
            "도로명주소":"서울시 성북구 보국문로32길 53",
            "세대수":0,
            "입주년차":20,
            "용적률점수":"--",
            "건폐율점수":"--",
            "세대당주차수":0,
            "난방방식":30,
            "공급면적":"--",
            "전용률":"--",
            "욕실수":50,
            "현관타입":100,
            "주거총점":22.0,
            "지역구공급총점":100.0,
            "역세권":50,
            "30분내 이동가능 거점":0,
            "1시간내 이동가능 거점":60,
            "교통총점":37.0,
            "백화점":100,
            "아울렛몰":0,
            "대형마트":0,
            "은행":0,
            "병원":0,
            "종합병원":100,
            "공원":80,
            "혐오시설":0,
            "인프라총점":52.4,
            "초등학군":89.97,
            "중학군":45.8,
            "학군총점":54.634,
            "인구수":47.53,
            "인구증감":-5.22,
            "인구총점":31.705,
            "일자리":16.22,
            "소득수준":57.56,
            "일자리총점":28.622,
            "가치 총점":41.2651,
            "매매실거래년":20200622.0,
            "매매실거래가":47000.0,
            "전세실거래년":20110731.0,
            "전세실거래가":12000.0,
            "전세가율":51.06,
            "장기전세가율평균":70.52,
            "전세가율거품지수":19.46,
            "검색코드":1189,
            "세대수":261.0,
            "준공년월":"1999-05-14",
            "준공년차":24.0,
            "가까운역이름":"북한산보국문",
            "가까운역거리":990.48,
            "역세권여부":"준역세권",
            "30분이내주요거점역":0,
            "30분거점역이름":"[]",
            "1시간이내주요거점역":6,
            "1시간거점역이름":"['강남', '잠실', '을지로3가', '왕십리', '홍대입구', '명동']",
            "3km이내백화점수":2,
            "5km이내아울렛몰수":0,
            "1km이내대형먀트수":0,
            "500m이내은행수":1,
            "500m이내병원수":0,
            "5km이내대형병원수":4,
            "500m이내공원수":1,
            "3km이내혐오시설수":0,
            "초등학교학업성취도":89.97,
            "중학교학업성취도":72.6,
            "용적률":268,
            "건폐율":30,
            "Y":37.619594,
            "X":127.002113,
            "rank":127.0,
            "area_info":"21평(71.25), 25평(83.84), 31평(102.48), 32평(107.66), 42평(141.72)",
            "last_sales":"2020-06-22,47000.0,42평(141.72)",
            "rank_history":[
                [
                    "202203",
                    127
                ],
                [
                    "202202",
                    109
                ],
                [
                    "202201",
                    113
                ]
            ],
            "rank_gap":-18
        },
        {
            "index":98,
            "아파트명":"신안파크",
            "투자타입":"재건축",
            "전용면적(m2)":"84.57",
            "전용면적(평)":"25평",
            "법정동주소":"서울시 성북구 길음동 635-168",
            "도로명주소":"서울시 성북구 길음로 141",
            "세대수":0,
            "입주년차":"--",
            "용적률점수":0,
            "건폐율점수":0,
            "세대당주차수":"--",
            "난방방식":"--",
            "공급면적":70,
            "전용률":80,
            "욕실수":"--",
            "현관타입":"--",
            "주거총점":7.5,
            "지역구공급총점":100.0,
            "역세권":50,
            "30분내 이동가능 거점":0,
            "1시간내 이동가능 거점":80,
            "교통총점":41.0,
            "백화점":100,
            "아울렛몰":0,
            "대형마트":0,
            "은행":0,
            "병원":0,
            "종합병원":100,
            "공원":0,
            "혐오시설":0,
            "인프라총점":50.0,
            "초등학군":89.99,
            "중학군":56.32,
            "학군총점":63.054,
            "인구수":47.53,
            "인구증감":-5.22,
            "인구총점":31.705,
            "일자리":16.22,
            "소득수준":57.56,
            "일자리총점":28.622,
            "가치 총점":40.3081,
            "매매실거래년":20210814.0,
            "매매실거래가":55000.0,
            "전세실거래년":20220217.0,
            "전세실거래가":25000.0,
            "전세가율":45.45,
            "장기전세가율평균":70.52,
            "전세가율거품지수":25.07,
            "검색코드":577,
            "세대수":252.0,
            "준공년월":"1988-11-26",
            "준공년차":35.0,
            "가까운역이름":"북한산보국문",
            "가까운역거리":708.62,
            "역세권여부":"준역세권",
            "30분이내주요거점역":0,
            "30분거점역이름":"[]",
            "1시간이내주요거점역":8,
            "1시간거점역이름":"['강남', '잠실', '여의도', '을지로3가', '양재', '왕십리', '홍대입구', '명동']",
            "3km이내백화점수":2,
            "5km이내아울렛몰수":0,
            "1km이내대형먀트수":0,
            "500m이내은행수":1,
            "500m이내병원수":0,
            "5km이내대형병원수":7,
            "500m이내공원수":0,
            "3km이내혐오시설수":0,
            "초등학교학업성취도":89.99,
            "중학교학업성취도":88.0,
            "용적률":0,
            "건폐율":0,
            "Y":37.613989,
            "X":127.015961,
            "rank":128.0,
            "area_info":"25평(84.57), 29평(96.9)",
            "last_sales":"2021-08-14,55000.0,25평(84.57)",
            "rank_history":[
                [
                    "202203",
                    128
                ],
                [
                    "202202",
                    111
                ],
                [
                    "202201",
                    114
                ]
            ],
            "rank_gap":-17
        },
        {
            "index":429,
            "아파트명":"꿈의숲코오롱하늘채",
            "투자타입":"일반",
            "전용면적(m2)":"80.92",
            "전용면적(평)":"24평",
            "법정동주소":"서울시 성북구 장위동 319",
            "도로명주소":"서울시 성북구 돌곶이로 220",
            "세대수":50,
            "입주년차":80,
            "용적률점수":"--",
            "건폐율점수":"--",
            "세대당주차수":30,
            "난방방식":30,
            "공급면적":"--",
            "전용률":"--",
            "욕실수":100,
            "현관타입":100,
            "주거총점":61.0,
            "지역구공급총점":100.0,
            "역세권":0,
            "30분내 이동가능 거점":0,
            "1시간내 이동가능 거점":80,
            "교통총점":16.0,
            "백화점":100,
            "아울렛몰":0,
            "대형마트":0,
            "은행":0,
            "병원":0,
            "종합병원":100,
            "공원":100,
            "혐오시설":-100,
            "인프라총점":51.0,
            "초등학군":90.0,
            "중학군":34.18,
            "학군총점":45.344,
            "인구수":47.53,
            "인구증감":-5.22,
            "인구총점":31.705,
            "일자리":16.22,
            "소득수준":57.56,
            "일자리총점":28.622,
            "가치 총점":39.9016,
            "매매실거래년":20210925.0,
            "매매실거래가":128500.0,
            "전세실거래년":20220216.0,
            "전세실거래가":47000.0,
            "전세가율":50.0,
            "장기전세가율평균":70.52,
            "전세가율거품지수":20.52,
            "검색코드":110300,
            "세대수":513.0,
            "준공년월":"2017-10-30",
            "준공년차":6.0,
            "가까운역이름":"돌곶이",
            "가까운역거리":1309.65,
            "역세권여부":"비역세권",
            "30분이내주요거점역":0,
            "30분거점역이름":"[]",
            "1시간이내주요거점역":8,
            "1시간거점역이름":"['강남', '역삼', '잠실', '여의도', '을지로3가', '왕십리', '홍대입구', '명동']",
            "3km이내백화점수":2,
            "5km이내아울렛몰수":0,
            "1km이내대형먀트수":0,
            "500m이내은행수":0,
            "500m이내병원수":0,
            "5km이내대형병원수":10,
            "500m이내공원수":3,
            "3km이내혐오시설수":2,
            "초등학교학업성취도":90.0,
            "중학교학업성취도":56.5,
            "용적률":280,
            "건폐율":22,
            "Y":37.619397,
            "X":127.04663,
            "rank":129.0,
            "area_info":"24평(80.92), 24평(82.29), 25평(83.1), 34평(115.07), 34평(115.16), 35평(115.96), 38평(128.9), 40평(132.3), 40평(134.88)",
            "last_sales":"2021-09-25,128500.0,34평(115.16)",
            "rank_history":[
                [
                    "202203",
                    129
                ],
                [
                    "202202",
                    112
                ],
                [
                    "202201",
                    111
                ]
            ],
            "rank_gap":-17
        },
        {
            "index":387,
            "아파트명":"성북외교관사택단지",
            "투자타입":"일반",
            "전용면적(m2)":"145.7",
            "전용면적(평)":"44평",
            "법정동주소":"서울시 성북구 성북동 352",
            "도로명주소":"서울시 성북구 성북로 176",
            "세대수":0,
            "입주년차":60,
            "용적률점수":"--",
            "건폐율점수":"--",
            "세대당주차수":80,
            "난방방식":30,
            "공급면적":"--",
            "전용률":"--",
            "욕실수":100,
            "현관타입":50,
            "주거총점":42.0,
            "지역구공급총점":100.0,
            "역세권":0,
            "30분내 이동가능 거점":60,
            "1시간내 이동가능 거점":100,
            "교통총점":38.0,
            "백화점":0,
            "아울렛몰":100,
            "대형마트":0,
            "은행":0,
            "병원":0,
            "종합병원":100,
            "공원":0,
            "혐오시설":0,
            "인프라총점":30.0,
            "초등학군":90.02,
            "중학군":44.2,
            "학군총점":53.364,
            "인구수":47.53,
            "인구증감":-5.22,
            "인구총점":31.705,
            "일자리":16.22,
            "소득수준":57.56,
            "일자리총점":28.622,
            "가치 총점":38.7046,
            "매매실거래년":"18000101",
            "매매실거래가":null,
            "전세실거래년":null,
            "전세실거래가":null,
            "전세가율":null,
            "장기전세가율평균":70.52,
            "전세가율거품지수":null,
            "검색코드":26947,
            "세대수":61.0,
            "준공년월":"2010-08-31",
            "준공년차":13.0,
            "가까운역이름":"한성대입구",
            "가까운역거리":1519.17,
            "역세권여부":"비역세권",
            "30분이내주요거점역":3,
            "30분거점역이름":"['을지로3가', '왕십리', '명동']",
            "1시간이내주요거점역":10,
            "1시간거점역이름":"['강남', '역삼', '잠실', '여의도', '을지로3가', '양재', '왕십리', '홍대입구', '구로디지털단지', '명동']",
            "3km이내백화점수":0,
            "5km이내아울렛몰수":2,
            "1km이내대형먀트수":0,
            "500m이내은행수":1,
            "500m이내병원수":0,
            "5km이내대형병원수":8,
            "500m이내공원수":0,
            "3km이내혐오시설수":0,
            "초등학교학업성취도":90.02,
            "중학교학업성취도":71.0,
            "용적률":82,
            "건폐율":30,
            "Y":37.595263,
            "X":126.991091,
            "rank":130.0,
            "area_info":"44평(145.7), 48평(160.26), 61평(204.48), 66평(220.24)",
            "last_sales":"1800-01-01,nan,44평(145.7)",
            "rank_history":[
                [
                    "202203",
                    130
                ],
                [
                    "202202",
                    9999
                ]
            ],
            "rank_gap":9999
        },
        {
            "index":382,
            "아파트명":"코오롱",
            "투자타입":"일반",
            "전용면적(m2)":"81.97",
            "전용면적(평)":"24평",
            "법정동주소":"서울시 성북구 석관동 405",
            "도로명주소":"서울시 성북구 한천로 509",
            "세대수":50,
            "입주년차":20,
            "용적률점수":"--",
            "건폐율점수":"--",
            "세대당주차수":30,
            "난방방식":30,
            "공급면적":"--",
            "전용률":"--",
            "욕실수":50,
            "현관타입":10,
            "주거총점":35.0,
            "지역구공급총점":100.0,
            "역세권":50,
            "30분내 이동가능 거점":20,
            "1시간내 이동가능 거점":80,
            "교통총점":47.0,
            "백화점":0,
            "아울렛몰":0,
            "대형마트":0,
            "은행":0,
            "병원":0,
            "종합병원":100,
            "공원":0,
            "혐오시설":0,
            "인프라총점":20.0,
            "초등학군":89.96,
            "중학군":40.06,
            "학군총점":50.04,
            "인구수":47.53,
            "인구증감":-5.22,
            "인구총점":31.705,
            "일자리":16.22,
            "소득수준":57.56,
            "일자리총점":28.622,
            "가치 총점":36.956,
            "매매실거래년":20210913.0,
            "매매실거래가":87500.0,
            "전세실거래년":20220105.0,
            "전세실거래가":26250.0,
            "전세가율":40.7,
            "장기전세가율평균":70.52,
            "전세가율거품지수":29.82,
            "검색코드":3536,
            "세대수":453.0,
            "준공년월":"1999-06-12",
            "준공년차":24.0,
            "가까운역이름":"신이문",
            "가까운역거리":531.99,
            "역세권여부":"준역세권",
            "30분이내주요거점역":1,
            "30분거점역이름":"['왕십리']",
            "1시간이내주요거점역":8,
            "1시간거점역이름":"['강남', '역삼', '잠실', '여의도', '을지로3가', '왕십리', '홍대입구', '명동']",
            "3km이내백화점수":0,
            "5km이내아울렛몰수":0,
            "1km이내대형먀트수":0,
            "500m이내은행수":0,
            "500m이내병원수":0,
            "5km이내대형병원수":12,
            "500m이내공원수":0,
            "3km이내혐오시설수":0,
            "초등학교학업성취도":89.96,
            "중학교학업성취도":63.9,
            "용적률":363,
            "건폐율":26,
            "Y":37.606346,
            "X":127.065588,
            "rank":131.0,
            "area_info":"24평(81.97), 24평(81.44), 32평(107.15), 43평(144.98), 46평(153.48)",
            "last_sales":"2021-09-13,87500.0,32평(107.15)",
            "rank_history":[
                [
                    "202203",
                    131
                ],
                [
                    "202202",
                    114
                ],
                [
                    "202201",
                    116
                ]
            ],
            "rank_gap":-17
        },
        {
            "index":589,
            "아파트명":"정릉한일유앤아이",
            "투자타입":"일반",
            "전용면적(m2)":"80.01",
            "전용면적(평)":"24평",
            "법정동주소":"서울시 성북구 정릉동 1029",
            "도로명주소":"서울시 성북구 보국문로37길 14-5",
            "세대수":0,
            "입주년차":40,
            "용적률점수":"--",
            "건폐율점수":"--",
            "세대당주차수":30,
            "난방방식":30,
            "공급면적":"--",
            "전용률":"--",
            "욕실수":50,
            "현관타입":100,
            "주거총점":30.5,
            "지역구공급총점":100.0,
            "역세권":0,
            "30분내 이동가능 거점":0,
            "1시간내 이동가능 거점":50,
            "교통총점":10.0,
            "백화점":100,
            "아울렛몰":0,
            "대형마트":0,
            "은행":0,
            "병원":0,
            "종합병원":100,
            "공원":0,
            "혐오시설":0,
            "인프라총점":50.0,
            "초등학군":90.0,
            "중학군":43.28,
            "학군총점":52.624,
            "인구수":47.53,
            "인구증감":-5.22,
            "인구총점":31.705,
            "일자리":16.22,
            "소득수준":57.56,
            "일자리총점":28.622,
            "가치 총점":32.4936,
            "매매실거래년":20210827.0,
            "매매실거래가":69700.0,
            "전세실거래년":20211130.0,
            "전세실거래가":30000.0,
            "전세가율":60.0,
            "장기전세가율평균":70.52,
            "전세가율거품지수":10.52,
            "검색코드":24374,
            "세대수":90.0,
            "준공년월":"2006-10-27",
            "준공년차":17.0,
            "가까운역이름":"북한산보국문",
            "가까운역거리":1032.95,
            "역세권여부":"비역세권",
            "30분이내주요거점역":0,
            "30분거점역이름":"[]",
            "1시간이내주요거점역":5,
            "1시간거점역이름":"['역삼', '을지로3가', '왕십리', '홍대입구', '명동']",
            "3km이내백화점수":2,
            "5km이내아울렛몰수":0,
            "1km이내대형먀트수":0,
            "500m이내은행수":1,
            "500m이내병원수":0,
            "5km이내대형병원수":4,
            "500m이내공원수":0,
            "3km이내혐오시설수":0,
            "초등학교학업성취도":90.0,
            "중학교학업성취도":68.4,
            "용적률":278,
            "건폐율":29,
            "Y":37.617357,
            "X":126.998563,
            "rank":132.0,
            "area_info":"24평(80.01), 30평(101.48), 33평(110.24), 40평(133.14), 45평(150.1)",
            "last_sales":"2021-08-27,69700.0,33평(110.24)",
            "rank_history":[
                [
                    "202203",
                    132
                ],
                [
                    "202202",
                    9999
                ]
            ],
            "rank_gap":9999
        },
        {
            "index":370,
            "아파트명":"석관삼성",
            "투자타입":"일반",
            "전용면적(m2)":"78.98",
            "전용면적(평)":"23평",
            "법정동주소":"서울시 성북구 석관동 404",
            "도로명주소":"서울시 성북구 한천로68길 51",
            "세대수":0,
            "입주년차":0,
            "용적률점수":"--",
            "건폐율점수":"--",
            "세대당주차수":0,
            "난방방식":30,
            "공급면적":"--",
            "전용률":"--",
            "욕실수":50,
            "현관타입":10,
            "주거총점":9.0,
            "지역구공급총점":100.0,
            "역세권":50,
            "30분내 이동가능 거점":0,
            "1시간내 이동가능 거점":90,
            "교통총점":43.0,
            "백화점":0,
            "아울렛몰":0,
            "대형마트":0,
            "은행":0,
            "병원":0,
            "종합병원":100,
            "공원":80,
            "혐오시설":0,
            "인프라총점":22.4,
            "초등학군":89.96,
            "중학군":40.06,
            "학군총점":50.04,
            "인구수":47.53,
            "인구증감":-5.22,
            "인구총점":31.705,
            "일자리":16.22,
            "소득수준":57.56,
            "일자리총점":28.622,
            "가치 총점":31.076,
            "매매실거래년":20210701.0,
            "매매실거래가":59800.0,
            "전세실거래년":20220208.0,
            "전세실거래가":22000.0,
            "전세가율":44.44,
            "장기전세가율평균":70.52,
            "전세가율거품지수":26.08,
            "검색코드":3535,
            "세대수":114.0,
            "준공년월":"1997-06-14",
            "준공년차":26.0,
            "가까운역이름":"석계",
            "가까운역거리":551.18,
            "역세권여부":"준역세권",
            "30분이내주요거점역":0,
            "30분거점역이름":"[]",
            "1시간이내주요거점역":9,
            "1시간거점역이름":"['강남', '역삼', '잠실', '여의도', '을지로3가', '양재', '왕십리', '홍대입구', '명동']",
            "3km이내백화점수":0,
            "5km이내아울렛몰수":0,
            "1km이내대형먀트수":0,
            "500m이내은행수":1,
            "500m이내병원수":0,
            "5km이내대형병원수":12,
            "500m이내공원수":1,
            "3km이내혐오시설수":0,
            "초등학교학업성취도":89.96,
            "중학교학업성취도":63.9,
            "용적률":294,
            "건폐율":29,
            "Y":37.610056,
            "X":127.06535,
            "rank":133.0,
            "area_info":"23평(78.98), 32평(106.81), 33평(111.83)",
            "last_sales":"2021-07-01,59800.0,33평(111.83)",
            "rank_history":[
                [
                    "202203",
                    133
                ],
                [
                    "202202",
                    115
                ],
                [
                    "202201",
                    117
                ]
            ],
            "rank_gap":-18
        }
    ]
}