{
    "schema":{
        "fields":[
            {
                "name":"index",
                "type":"integer"
            },
            {
                "name":"아파트명",
                "type":"string"
            },
            {
                "name":"투자타입",
                "type":"string"
            },
            {
                "name":"전용면적(m2)",
                "type":"string"
            },
            {
                "name":"전용면적(평)",
                "type":"string"
            },
            {
                "name":"법정동주소",
                "type":"string"
            },
            {
                "name":"도로명주소",
                "type":"string"
            },
            {
                "name":"세대수",
                "type":"integer"
            },
            {
                "name":"입주년차",
                "type":"string"
            },
            {
                "name":"용적률점수",
                "type":"string"
            },
            {
                "name":"건폐율점수",
                "type":"string"
            },
            {
                "name":"세대당주차수",
                "type":"string"
            },
            {
                "name":"난방방식",
                "type":"string"
            },
            {
                "name":"공급면적",
                "type":"string"
            },
            {
                "name":"전용률",
                "type":"string"
            },
            {
                "name":"욕실수",
                "type":"string"
            },
            {
                "name":"현관타입",
                "type":"string"
            },
            {
                "name":"주거총점",
                "type":"number"
            },
            {
                "name":"지역구공급총점",
                "type":"number"
            },
            {
                "name":"역세권",
                "type":"integer"
            },
            {
                "name":"30분내 이동가능 거점",
                "type":"integer"
            },
            {
                "name":"1시간내 이동가능 거점",
                "type":"integer"
            },
            {
                "name":"교통총점",
                "type":"number"
            },
            {
                "name":"백화점",
                "type":"integer"
            },
            {
                "name":"아울렛몰",
                "type":"integer"
            },
            {
                "name":"대형마트",
                "type":"integer"
            },
            {
                "name":"은행",
                "type":"integer"
            },
            {
                "name":"병원",
                "type":"integer"
            },
            {
                "name":"종합병원",
                "type":"integer"
            },
            {
                "name":"공원",
                "type":"integer"
            },
            {
                "name":"혐오시설",
                "type":"integer"
            },
            {
                "name":"인프라총점",
                "type":"number"
            },
            {
                "name":"초등학군",
                "type":"number"
            },
            {
                "name":"중학군",
                "type":"number"
            },
            {
                "name":"학군총점",
                "type":"number"
            },
            {
                "name":"인구수",
                "type":"number"
            },
            {
                "name":"인구증감",
                "type":"number"
            },
            {
                "name":"인구총점",
                "type":"number"
            },
            {
                "name":"일자리",
                "type":"number"
            },
            {
                "name":"소득수준",
                "type":"number"
            },
            {
                "name":"일자리총점",
                "type":"number"
            },
            {
                "name":"가치 총점",
                "type":"number"
            },
            {
                "name":"매매실거래년",
                "type":"string"
            },
            {
                "name":"매매실거래가",
                "type":"number"
            },
            {
                "name":"전세실거래년",
                "type":"number"
            },
            {
                "name":"전세실거래가",
                "type":"number"
            },
            {
                "name":"전세가율",
                "type":"number"
            },
            {
                "name":"장기전세가율평균",
                "type":"number"
            },
            {
                "name":"전세가율거품지수",
                "type":"number"
            },
            {
                "name":"검색코드",
                "type":"integer"
            },
            {
                "name":"세대수",
                "type":"number"
            },
            {
                "name":"준공년월",
                "type":"string"
            },
            {
                "name":"준공년차",
                "type":"number"
            },
            {
                "name":"가까운역이름",
                "type":"string"
            },
            {
                "name":"가까운역거리",
                "type":"number"
            },
            {
                "name":"역세권여부",
                "type":"string"
            },
            {
                "name":"30분이내주요거점역",
                "type":"integer"
            },
            {
                "name":"30분거점역이름",
                "type":"string"
            },
            {
                "name":"1시간이내주요거점역",
                "type":"integer"
            },
            {
                "name":"1시간거점역이름",
                "type":"string"
            },
            {
                "name":"3km이내백화점수",
                "type":"integer"
            },
            {
                "name":"5km이내아울렛몰수",
                "type":"integer"
            },
            {
                "name":"1km이내대형먀트수",
                "type":"integer"
            },
            {
                "name":"500m이내은행수",
                "type":"integer"
            },
            {
                "name":"500m이내병원수",
                "type":"integer"
            },
            {
                "name":"5km이내대형병원수",
                "type":"integer"
            },
            {
                "name":"500m이내공원수",
                "type":"integer"
            },
            {
                "name":"3km이내혐오시설수",
                "type":"integer"
            },
            {
                "name":"초등학교학업성취도",
                "type":"number"
            },
            {
                "name":"중학교학업성취도",
                "type":"number"
            },
            {
                "name":"용적률",
                "type":"integer"
            },
            {
                "name":"건폐율",
                "type":"integer"
            },
            {
                "name":"Y",
                "type":"number"
            },
            {
                "name":"X",
                "type":"number"
            },
            {
                "name":"rank",
                "type":"number"
            },
            {
                "name":"area_info",
                "type":"string"
            },
            {
                "name":"last_sales",
                "type":"string"
            },
            {
                "name":"rank_history",
                "type":"string"
            },
            {
                "name":"rank_gap",
                "type":"integer"
            }
        ],
        "primaryKey":[
            "index"
        ],
        "pandas_version":"1.4.0"
    },
    "data":[
        {
            "index":90,
            "아파트명":"독산오르페움타워",
            "투자타입":"일반",
            "전용면적(m2)":"54.37",
            "전용면적(평)":"16평",
            "법정동주소":"서울시 금천구 독산동 989",
            "도로명주소":"서울시 금천구 독산로85길 36",
            "세대수":0,
            "입주년차":100,
            "용적률점수":"--",
            "건폐율점수":"--",
            "세대당주차수":80,
            "난방방식":30,
            "공급면적":"--",
            "전용률":"--",
            "욕실수":50,
            "현관타입":100,
            "주거총점":50.0,
            "지역구공급총점":100.0,
            "역세권":50,
            "30분내 이동가능 거점":60,
            "1시간내 이동가능 거점":100,
            "교통총점":63.0,
            "백화점":100,
            "아울렛몰":100,
            "대형마트":100,
            "은행":100,
            "병원":0,
            "종합병원":100,
            "공원":100,
            "혐오시설":0,
            "인프라총점":88.0,
            "초등학군":89.97,
            "중학군":38.52,
            "학군총점":48.81,
            "인구수":25.76,
            "인구증감":1.81,
            "인구총점":18.575,
            "일자리":26.06,
            "소득수준":59.25,
            "일자리총점":36.017,
            "가치 총점":65.7715,
            "매매실거래년":20210719.0,
            "매매실거래가":35000.0,
            "전세실거래년":20211030.0,
            "전세실거래가":31000.0,
            "전세가율":88.57,
            "장기전세가율평균":68.88,
            "전세가율거품지수":-19.69,
            "검색코드":124175,
            "세대수":68.0,
            "준공년월":"2020-07-01",
            "준공년차":3.0,
            "가까운역이름":"신독산 (2024년 예정)",
            "가까운역거리":589.74,
            "역세권여부":"준역세권",
            "30분이내주요거점역":3,
            "30분거점역이름":"['여의도', '가산디지털단지', '구로디지털단지']",
            "1시간이내주요거점역":12,
            "1시간거점역이름":"['강남', '역삼', '여의도', '을지로3가', '양재', '평촌', '가산디지털단지', '홍대입구', '수원', '구로디지털단지', '명동', '마곡']",
            "3km이내백화점수":1,
            "5km이내아울렛몰수":2,
            "1km이내대형먀트수":2,
            "500m이내은행수":6,
            "500m이내병원수":0,
            "5km이내대형병원수":10,
            "500m이내공원수":5,
            "3km이내혐오시설수":0,
            "초등학교학업성취도":89.97,
            "중학교학업성취도":63.8,
            "용적률":199,
            "건폐율":52,
            "Y":37.472863,
            "X":126.901213,
            "rank":1.0,
            "area_info":"16평(54.37), 17평(57.8), 17평(57.8)",
            "last_sales":"2021-07-19,35000.0,16평(54.37)",
            "rank_history":[
                [
                    "202203",
                    1
                ],
                [
                    "202202",
                    9999
                ]
            ],
            "rank_gap":9999
        },
        {
            "index":322,
            "아파트명":"현대(982)",
            "투자타입":"재건축",
            "전용면적(m2)":"40.44",
            "전용면적(평)":"12평",
            "법정동주소":"서울시 금천구 시흥동 982",
            "도로명주소":"서울시 금천구 시흥대로 53",
            "세대수":30,
            "입주년차":"--",
            "용적률점수":100,
            "건폐율점수":80,
            "세대당주차수":"--",
            "난방방식":"--",
            "공급면적":50,
            "전용률":40,
            "욕실수":"--",
            "현관타입":"--",
            "주거총점":69.5,
            "지역구공급총점":100.0,
            "역세권":50,
            "30분내 이동가능 거점":40,
            "1시간내 이동가능 거점":100,
            "교통총점":57.0,
            "백화점":100,
            "아울렛몰":100,
            "대형마트":80,
            "은행":20,
            "병원":0,
            "종합병원":100,
            "공원":100,
            "혐오시설":-50,
            "인프라총점":76.0,
            "초등학군":89.98,
            "중학군":43.94,
            "학군총점":53.148,
            "인구수":25.76,
            "인구증감":1.81,
            "인구총점":18.575,
            "일자리":26.06,
            "소득수준":59.25,
            "일자리총점":36.017,
            "가치 총점":64.6222,
            "매매실거래년":"18000101",
            "매매실거래가":null,
            "전세실거래년":null,
            "전세실거래가":null,
            "전세가율":null,
            "장기전세가율평균":68.88,
            "전세가율거품지수":null,
            "검색코드":17124,
            "세대수":330.0,
            "준공년월":"1989-05-25",
            "준공년차":34.0,
            "가까운역이름":"석수",
            "가까운역거리":511.16,
            "역세권여부":"준역세권",
            "30분이내주요거점역":2,
            "30분거점역이름":"['가산디지털단지', '구로디지털단지']",
            "1시간이내주요거점역":12,
            "1시간거점역이름":"['강남', '역삼', '여의도', '수원시청', '평촌', '가산디지털단지', '홍대입구', '수원', '구로디지털단지', '명동', '안산', '마곡']",
            "3km이내백화점수":1,
            "5km이내아울렛몰수":3,
            "1km이내대형먀트수":1,
            "500m이내은행수":2,
            "500m이내병원수":0,
            "5km이내대형병원수":2,
            "500m이내공원수":3,
            "3km이내혐오시설수":1,
            "초등학교학업성취도":89.98,
            "중학교학업성취도":72.9,
            "용적률":89,
            "건폐율":29,
            "Y":37.439677,
            "X":126.901888,
            "rank":2.0,
            "area_info":"12평(40.44), 18평(59.64), 26평(87.6)",
            "last_sales":"1800-01-01,nan,12평(40.44)",
            "rank_history":[
                [
                    "202203",
                    2
                ],
                [
                    "202202",
                    5
                ],
                [
                    "202201",
                    33
                ]
            ],
            "rank_gap":3
        },
        {
            "index":85,
            "아파트명":"독산역롯데캐슬(민간임대)",
            "투자타입":"일반",
            "전용면적(m2)":"85.77",
            "전용면적(평)":"25평",
            "법정동주소":"서울시 금천구 독산동 1160",
            "도로명주소":"서울시 금천구 벚꽃로 100",
            "세대수":90,
            "입주년차":100,
            "용적률점수":"--",
            "건폐율점수":"--",
            "세대당주차수":30,
            "난방방식":30,
            "공급면적":"--",
            "전용률":"--",
            "욕실수":100,
            "현관타입":100,
            "주거총점":79.0,
            "지역구공급총점":100.0,
            "역세권":80,
            "30분내 이동가능 거점":60,
            "1시간내 이동가능 거점":100,
            "교통총점":78.0,
            "백화점":0,
            "아울렛몰":100,
            "대형마트":100,
            "은행":0,
            "병원":0,
            "종합병원":100,
            "공원":80,
            "혐오시설":-50,
            "인프라총점":46.4,
            "초등학군":90.01,
            "중학군":39.82,
            "학군총점":49.858,
            "인구수":25.76,
            "인구증감":1.81,
            "인구총점":18.575,
            "일자리":26.06,
            "소득수준":59.25,
            "일자리총점":36.017,
            "가치 총점":64.4987,
            "매매실거래년":"18000101",
            "매매실거래가":null,
            "전세실거래년":null,
            "전세실거래가":null,
            "전세가율":null,
            "장기전세가율평균":68.88,
            "전세가율거품지수":null,
            "검색코드":140270,
            "세대수":919.0,
            "준공년월":"2021-05-01",
            "준공년차":2.0,
            "가까운역이름":"독산",
            "가까운역거리":249.98,
            "역세권여부":"역세권",
            "30분이내주요거점역":3,
            "30분거점역이름":"['가산디지털단지', '홍대입구', '구로디지털단지']",
            "1시간이내주요거점역":17,
            "1시간거점역이름":"['강남', '역삼', '잠실', '여의도', '을지로3가', '양재', '수원시청', '평촌', '가산디지털단지', '왕십리', '홍대입구', '수원', '구로디지털단지', '명동', '안산', '마곡', 'GTX킨텍스(2023년)']",
            "3km이내백화점수":0,
            "5km이내아울렛몰수":3,
            "1km이내대형먀트수":3,
            "500m이내은행수":1,
            "500m이내병원수":0,
            "5km이내대형병원수":9,
            "500m이내공원수":1,
            "3km이내혐오시설수":1,
            "초등학교학업성취도":90.01,
            "중학교학업성취도":65.3,
            "용적률":0,
            "건폐율":0,
            "Y":37.464303,
            "X":126.891373,
            "rank":3.0,
            "area_info":"25평(85.77), 26평(86.92), 26평(87.14), 36평(121.41), 36평(121.37)",
            "last_sales":"1800-01-01,nan,25평(85.77)",
            "rank_history":[
                [
                    "202203",
                    3
                ],
                [
                    "202202",
                    2
                ],
                [
                    "202201",
                    1
                ]
            ],
            "rank_gap":-1
        },
        {
            "index":52,
            "아파트명":"e편한세상독산더타워",
            "투자타입":"일반",
            "전용면적(m2)":"85.81",
            "전용면적(평)":"25평",
            "법정동주소":"서울시 금천구 독산동 1007-13",
            "도로명주소":"서울시 금천구 범안로 1212",
            "세대수":50,
            "입주년차":100,
            "용적률점수":"--",
            "건폐율점수":"--",
            "세대당주차수":30,
            "난방방식":30,
            "공급면적":"--",
            "전용률":"--",
            "욕실수":100,
            "현관타입":100,
            "주거총점":65.0,
            "지역구공급총점":100.0,
            "역세권":80,
            "30분내 이동가능 거점":60,
            "1시간내 이동가능 거점":100,
            "교통총점":78.0,
            "백화점":0,
            "아울렛몰":100,
            "대형마트":100,
            "은행":70,
            "병원":0,
            "종합병원":100,
            "공원":80,
            "혐오시설":-50,
            "인프라총점":53.4,
            "초등학군":89.99,
            "중학군":39.82,
            "학군총점":49.854,
            "인구수":25.76,
            "인구증감":1.81,
            "인구총점":18.575,
            "일자리":26.06,
            "소득수준":59.25,
            "일자리총점":36.017,
            "가치 총점":63.7981,
            "매매실거래년":20210708.0,
            "매매실거래가":105000.0,
            "전세실거래년":20220222.0,
            "전세실거래가":39900.0,
            "전세가율":48.96,
            "장기전세가율평균":68.88,
            "전세가율거품지수":19.92,
            "검색코드":115472,
            "세대수":432.0,
            "준공년월":"2019-11-28",
            "준공년차":4.0,
            "가까운역이름":"신독산 (2024년 예정)",
            "가까운역거리":287.13,
            "역세권여부":"역세권",
            "30분이내주요거점역":3,
            "30분거점역이름":"['여의도', '가산디지털단지', '구로디지털단지']",
            "1시간이내주요거점역":13,
            "1시간거점역이름":"['강남', '역삼', '잠실', '여의도', '을지로3가', '양재', '평촌', '가산디지털단지', '홍대입구', '수원', '구로디지털단지', '명동', '마곡']",
            "3km이내백화점수":0,
            "5km이내아울렛몰수":3,
            "1km이내대형먀트수":2,
            "500m이내은행수":4,
            "500m이내병원수":0,
            "5km이내대형병원수":9,
            "500m이내공원수":1,
            "3km이내혐오시설수":1,
            "초등학교학업성취도":89.99,
            "중학교학업성취도":65.3,
            "용적률":817,
            "건폐율":59,
            "Y":37.466036,
            "X":126.896252,
            "rank":4.0,
            "area_info":"25평(85.81), 25평(85.64), 25평(85.64), 26평(86.42), 26평(86.92), 32평(106.27), 32평(107.53), 33평(111.47), 36평(120.87)",
            "last_sales":"2021-07-08,105000.0,32평(106.27)",
            "rank_history":[
                [
                    "202203",
                    4
                ],
                [
                    "202202",
                    12
                ],
                [
                    "202201",
                    9
                ]
            ],
            "rank_gap":8
        },
        {
            "index":39,
            "아파트명":"씨앤에스타워(도시형)",
            "투자타입":"일반",
            "전용면적(m2)":"25.34",
            "전용면적(평)":"7평",
            "법정동주소":"서울시 금천구 가산동 777",
            "도로명주소":"서울시 금천구 벚꽃로 316",
            "세대수":0,
            "입주년차":80,
            "용적률점수":"--",
            "건폐율점수":"--",
            "세대당주차수":0,
            "난방방식":30,
            "공급면적":"--",
            "전용률":"--",
            "욕실수":50,
            "현관타입":10,
            "주거총점":25.0,
            "지역구공급총점":100.0,
            "역세권":80,
            "30분내 이동가능 거점":80,
            "1시간내 이동가능 거점":100,
            "교통총점":84.0,
            "백화점":100,
            "아울렛몰":100,
            "대형마트":0,
            "은행":100,
            "병원":0,
            "종합병원":100,
            "공원":80,
            "혐오시설":0,
            "인프라총점":72.4,
            "초등학군":89.99,
            "중학군":38.02,
            "학군총점":48.414,
            "인구수":25.76,
            "인구증감":1.81,
            "인구총점":18.575,
            "일자리":26.06,
            "소득수준":59.25,
            "일자리총점":36.017,
            "가치 총점":63.3821,
            "매매실거래년":"18000101",
            "매매실거래가":null,
            "전세실거래년":20220209.0,
            "전세실거래가":16400.0,
            "전세가율":null,
            "장기전세가율평균":68.88,
            "전세가율거품지수":null,
            "검색코드":126076,
            "세대수":73.0,
            "준공년월":"2017-12-28",
            "준공년차":6.0,
            "가까운역이름":"가산디지털단지",
            "가까운역거리":136.02,
            "역세권여부":"역세권",
            "30분이내주요거점역":4,
            "30분거점역이름":"['여의도', '가산디지털단지', '홍대입구', '구로디지털단지']",
            "1시간이내주요거점역":17,
            "1시간거점역이름":"['강남', '역삼', '잠실', '여의도', '을지로3가', '양재', '수원시청', '평촌', '가산디지털단지', '왕십리', '홍대입구', '수원', '구로디지털단지', '명동', '안산', '마곡', 'GTX킨텍스(2023년)']",
            "3km이내백화점수":1,
            "5km이내아울렛몰수":2,
            "1km이내대형먀트수":0,
            "500m이내은행수":6,
            "500m이내병원수":0,
            "5km이내대형병원수":11,
            "500m이내공원수":1,
            "3km이내혐오시설수":0,
            "초등학교학업성취도":89.99,
            "중학교학업성취도":62.7,
            "용적률":212,
            "건폐율":58,
            "Y":37.482741,
            "X":126.882843,
            "rank":5.0,
            "area_info":"7평(25.34), 7평(25.9), 7평(26.24), 10평(33.21), 10평(33.97), 11평(37.29), 11평(37.05), 12평(42.6), 15평(52.64), 18평(60.55)",
            "last_sales":"1800-01-01,nan,7평(25.34)",
            "rank_history":[
                [
                    "202203",
                    5
                ],
                [
                    "202202",
                    9999
                ]
            ],
            "rank_gap":9999
        },
        {
            "index":98,
            "아파트명":"롯데캐슬골드파크1차",
            "투자타입":"일반",
            "전용면적(m2)":"81.95",
            "전용면적(평)":"24평",
            "법정동주소":"서울시 금천구 독산동 1147",
            "도로명주소":"서울시 금천구 벚꽃로 40",
            "세대수":100,
            "입주년차":80,
            "용적률점수":"--",
            "건폐율점수":"--",
            "세대당주차수":60,
            "난방방식":30,
            "공급면적":"--",
            "전용률":"--",
            "욕실수":100,
            "현관타입":100,
            "주거총점":83.0,
            "지역구공급총점":100.0,
            "역세권":80,
            "30분내 이동가능 거점":40,
            "1시간내 이동가능 거점":100,
            "교통총점":72.0,
            "백화점":0,
            "아울렛몰":100,
            "대형마트":80,
            "은행":0,
            "병원":0,
            "종합병원":100,
            "공원":100,
            "혐오시설":-50,
            "인프라총점":44.0,
            "초등학군":89.99,
            "중학군":47.04,
            "학군총점":55.63,
            "인구수":25.76,
            "인구증감":1.81,
            "인구총점":18.575,
            "일자리":26.06,
            "소득수준":59.25,
            "일자리총점":36.017,
            "가치 총점":63.3445,
            "매매실거래년":20211023.0,
            "매매실거래가":120000.0,
            "전세실거래년":20210720.0,
            "전세실거래가":64000.0,
            "전세가율":62.87,
            "장기전세가율평균":68.88,
            "전세가율거품지수":6.01,
            "검색코드":107929,
            "세대수":1743.0,
            "준공년월":"2016-11-30",
            "준공년차":7.0,
            "가까운역이름":"금천구청",
            "가까운역거리":414.37,
            "역세권여부":"역세권",
            "30분이내주요거점역":2,
            "30분거점역이름":"['가산디지털단지', '구로디지털단지']",
            "1시간이내주요거점역":14,
            "1시간거점역이름":"['강남', '역삼', '여의도', '을지로3가', '양재', '수원시청', '평촌', '가산디지털단지', '홍대입구', '수원', '구로디지털단지', '명동', '안산', '마곡']",
            "3km이내백화점수":0,
            "5km이내아울렛몰수":3,
            "1km이내대형먀트수":1,
            "500m이내은행수":0,
            "500m이내병원수":0,
            "5km이내대형병원수":8,
            "500m이내공원수":2,
            "3km이내혐오시설수":1,
            "초등학교학업성취도":89.99,
            "중학교학업성취도":78.4,
            "용적률":297,
            "건폐율":18,
            "Y":37.459912,
            "X":126.893932,
            "rank":6.0,
            "area_info":"24평(81.95), 24평(82.1), 29평(97.96), 29평(98.43), 29평(98.39), 34평(115.37), 35평(115.81), 35평(115.79), 35평(115.8), 35평(116.35), 35평(116.32), 35평(116.35), 42평(138.93), 42평(138.89), 42평(138.86)",
            "last_sales":"2021-10-23,120000.0,34평(115.37)",
            "rank_history":[
                [
                    "202203",
                    6
                ],
                [
                    "202202",
                    3
                ],
                [
                    "202201",
                    3
                ]
            ],
            "rank_gap":-3
        },
        {
            "index":149,
            "아파트명":"한양수자인",
            "투자타입":"일반",
            "전용면적(m2)":"86.18",
            "전용면적(평)":"26평",
            "법정동주소":"서울시 금천구 독산동 1144",
            "도로명주소":"서울시 금천구 시흥대로150길 6",
            "세대수":0,
            "입주년차":60,
            "용적률점수":"--",
            "건폐율점수":"--",
            "세대당주차수":30,
            "난방방식":30,
            "공급면적":"--",
            "전용률":"--",
            "욕실수":100,
            "현관타입":100,
            "주거총점":39.5,
            "지역구공급총점":100.0,
            "역세권":50,
            "30분내 이동가능 거점":60,
            "1시간내 이동가능 거점":100,
            "교통총점":63.0,
            "백화점":100,
            "아울렛몰":100,
            "대형마트":100,
            "은행":70,
            "병원":0,
            "종합병원":100,
            "공원":100,
            "혐오시설":0,
            "인프라총점":85.0,
            "초등학군":89.97,
            "중학군":38.52,
            "학군총점":48.81,
            "인구수":25.76,
            "인구증감":1.81,
            "인구총점":18.575,
            "일자리":26.06,
            "소득수준":59.25,
            "일자리총점":36.017,
            "가치 총점":62.7715,
            "매매실거래년":20220123.0,
            "매매실거래가":77500.0,
            "전세실거래년":20220222.0,
            "전세실거래가":50000.0,
            "전세가율":64.52,
            "장기전세가율평균":68.88,
            "전세가율거품지수":4.36,
            "검색코드":103091,
            "세대수":246.0,
            "준공년월":"2011-09-30",
            "준공년차":12.0,
            "가까운역이름":"신독산 (2024년 예정)",
            "가까운역거리":855.96,
            "역세권여부":"준역세권",
            "30분이내주요거점역":3,
            "30분거점역이름":"['여의도', '가산디지털단지', '구로디지털단지']",
            "1시간이내주요거점역":15,
            "1시간거점역이름":"['강남', '역삼', '잠실', '판교', '여의도', '을지로3가', '양재', '평촌', '가산디지털단지', '왕십리', '홍대입구', '구로디지털단지', '명동', '마곡', 'GTX킨텍스(2023년)']",
            "3km이내백화점수":1,
            "5km이내아울렛몰수":2,
            "1km이내대형먀트수":3,
            "500m이내은행수":4,
            "500m이내병원수":0,
            "5km이내대형병원수":11,
            "500m이내공원수":4,
            "3km이내혐오시설수":0,
            "초등학교학업성취도":89.97,
            "중학교학업성취도":63.8,
            "용적률":249,
            "건폐율":36,
            "Y":37.475805,
            "X":126.899562,
            "rank":7.0,
            "area_info":"26평(86.18), 26평(86.24), 26평(86.36), 26평(86.33), 26평(86.29), 26평(86.18), 26평(86.22), 32평(107.13)",
            "last_sales":"2022-01-23,77500.0,26평(86.18)",
            "rank_history":[
                [
                    "202203",
                    7
                ],
                [
                    "202202",
                    21
                ],
                [
                    "202201",
                    22
                ]
            ],
            "rank_gap":14
        },
        {
            "index":147,
            "아파트명":"한신",
            "투자타입":"재건축",
            "전용면적(m2)":"106.59",
            "전용면적(평)":"32평",
            "법정동주소":"서울시 금천구 독산동 1093-4",
            "도로명주소":"서울시 금천구 한내로 62",
            "세대수":90,
            "입주년차":"--",
            "용적률점수":60,
            "건폐율점수":100,
            "세대당주차수":"--",
            "난방방식":"--",
            "공급면적":90,
            "전용률":80,
            "욕실수":"--",
            "현관타입":"--",
            "주거총점":79.5,
            "지역구공급총점":100.0,
            "역세권":80,
            "30분내 이동가능 거점":40,
            "1시간내 이동가능 거점":100,
            "교통총점":72.0,
            "백화점":0,
            "아울렛몰":100,
            "대형마트":80,
            "은행":0,
            "병원":0,
            "종합병원":100,
            "공원":100,
            "혐오시설":-50,
            "인프라총점":44.0,
            "초등학군":89.97,
            "중학군":47.04,
            "학군총점":55.626,
            "인구수":25.76,
            "인구증감":1.81,
            "인구총점":18.575,
            "일자리":26.06,
            "소득수준":59.25,
            "일자리총점":36.017,
            "가치 총점":62.6439,
            "매매실거래년":20211119.0,
            "매매실거래가":89800.0,
            "전세실거래년":20220208.0,
            "전세실거래가":48000.0,
            "전세가율":56.47,
            "장기전세가율평균":68.88,
            "전세가율거품지수":12.41,
            "검색코드":162,
            "세대수":1000.0,
            "준공년월":"1991-08-20",
            "준공년차":32.0,
            "가까운역이름":"금천구청",
            "가까운역거리":340.23,
            "역세권여부":"역세권",
            "30분이내주요거점역":2,
            "30분거점역이름":"['가산디지털단지', '구로디지털단지']",
            "1시간이내주요거점역":13,
            "1시간거점역이름":"['강남', '역삼', '여의도', '을지로3가', '수원시청', '평촌', '가산디지털단지', '홍대입구', '수원', '구로디지털단지', '명동', '안산', '마곡']",
            "3km이내백화점수":0,
            "5km이내아울렛몰수":3,
            "1km이내대형먀트수":1,
            "500m이내은행수":0,
            "500m이내병원수":0,
            "5km이내대형병원수":7,
            "500m이내공원수":3,
            "3km이내혐오시설수":1,
            "초등학교학업성취도":89.97,
            "중학교학업성취도":78.4,
            "용적률":249,
            "건폐율":18,
            "Y":37.4559,
            "X":126.889772,
            "rank":8.0,
            "area_info":"32평(106.59), 46평(154.49)",
            "last_sales":"2021-11-19,89800.0,46평(154.49)",
            "rank_history":[
                [
                    "202203",
                    8
                ],
                [
                    "202202",
                    1
                ],
                [
                    "202201",
                    2
                ]
            ],
            "rank_gap":-7
        },
        {
            "index":220,
            "아파트명":"럭키",
            "투자타입":"재건축",
            "전용면적(m2)":"55.87",
            "전용면적(평)":"16평",
            "법정동주소":"서울시 금천구 시흥동 1002-1",
            "도로명주소":"서울시 금천구 시흥대로47길 43",
            "세대수":90,
            "입주년차":"--",
            "용적률점수":100,
            "건폐율점수":100,
            "세대당주차수":"--",
            "난방방식":"--",
            "공급면적":50,
            "전용률":60,
            "욕실수":"--",
            "현관타입":"--",
            "주거총점":92.5,
            "지역구공급총점":100.0,
            "역세권":50,
            "30분내 이동가능 거점":40,
            "1시간내 이동가능 거점":100,
            "교통총점":57.0,
            "백화점":0,
            "아울렛몰":100,
            "대형마트":100,
            "은행":20,
            "병원":0,
            "종합병원":100,
            "공원":100,
            "혐오시설":0,
            "인프라총점":50.0,
            "초등학군":89.97,
            "중학군":38.88,
            "학군총점":49.098,
            "인구수":25.76,
            "인구증감":1.81,
            "인구총점":18.575,
            "일자리":26.06,
            "소득수준":59.25,
            "일자리총점":36.017,
            "가치 총점":60.8147,
            "매매실거래년":20210624.0,
            "매매실거래가":80000.0,
            "전세실거래년":20220119.0,
            "전세실거래가":22000.0,
            "전세가율":34.65,
            "장기전세가율평균":68.88,
            "전세가율거품지수":34.23,
            "검색코드":167,
            "세대수":986.0,
            "준공년월":"1982-02-17",
            "준공년차":41.0,
            "가까운역이름":"시흥사거리 (2024년 예정)",
            "가까운역거리":737.05,
            "역세권여부":"준역세권",
            "30분이내주요거점역":2,
            "30분거점역이름":"['가산디지털단지', '구로디지털단지']",
            "1시간이내주요거점역":10,
            "1시간거점역이름":"['강남', '역삼', '여의도', '평촌', '가산디지털단지', '홍대입구', '수원', '구로디지털단지', '명동', '마곡']",
            "3km이내백화점수":0,
            "5km이내아울렛몰수":3,
            "1km이내대형먀트수":2,
            "500m이내은행수":2,
            "500m이내병원수":0,
            "5km이내대형병원수":4,
            "500m이내공원수":3,
            "3km이내혐오시설수":0,
            "초등학교학업성취도":89.97,
            "중학교학업성취도":64.8,
            "용적률":123,
            "건폐율":11,
            "Y":37.448237,
            "X":126.898972,
            "rank":9.0,
            "area_info":"16평(55.87), 17평(56.36), 17평(57.92), 17평(58.75), 21평(70.88), 21평(71.74), 21평(71.34), 21평(71.87), 21평(72.39), 21평(72.39), 26평(86.51), 26평(86.48), 26평(86.51), 26평(87.35), 27평(89.72), 27평(89.68), 27평(89.68)",
            "last_sales":"2021-06-24,80000.0,27평(89.72)",
            "rank_history":[
                [
                    "202203",
                    9
                ],
                [
                    "202202",
                    6
                ],
                [
                    "202201",
                    8
                ]
            ],
            "rank_gap":-3
        },
        {
            "index":282,
            "아파트명":"성지",
            "투자타입":"재건축",
            "전용면적(m2)":"75.53",
            "전용면적(평)":"22평",
            "법정동주소":"서울시 금천구 시흥동 산 173-8",
            "도로명주소":"서울시 금천구 시흥대로51길 55",
            "세대수":0,
            "입주년차":"--",
            "용적률점수":80,
            "건폐율점수":100,
            "세대당주차수":"--",
            "난방방식":"--",
            "공급면적":50,
            "전용률":60,
            "욕실수":"--",
            "현관타입":"--",
            "주거총점":57.5,
            "지역구공급총점":100.0,
            "역세권":80,
            "30분내 이동가능 거점":40,
            "1시간내 이동가능 거점":100,
            "교통총점":72.0,
            "백화점":0,
            "아울렛몰":100,
            "대형마트":100,
            "은행":70,
            "병원":0,
            "종합병원":100,
            "공원":100,
            "혐오시설":0,
            "인프라총점":55.0,
            "초등학군":89.97,
            "중학군":38.88,
            "학군총점":49.098,
            "인구수":25.76,
            "인구증감":1.81,
            "인구총점":18.575,
            "일자리":26.06,
            "소득수준":59.25,
            "일자리총점":36.017,
            "가치 총점":60.5647,
            "매매실거래년":20210309.0,
            "매매실거래가":70000.0,
            "전세실거래년":20220107.0,
            "전세실거래가":20000.0,
            "전세가율":43.48,
            "장기전세가율평균":68.88,
            "전세가율거품지수":25.4,
            "검색코드":170,
            "세대수":233.0,
            "준공년월":"1986-08-13",
            "준공년차":37.0,
            "가까운역이름":"시흥사거리 (2024년 예정)",
            "가까운역거리":463.34,
            "역세권여부":"역세권",
            "30분이내주요거점역":2,
            "30분거점역이름":"['가산디지털단지', '구로디지털단지']",
            "1시간이내주요거점역":10,
            "1시간거점역이름":"['강남', '역삼', '여의도', '수원시청', '평촌', '가산디지털단지', '수원', '구로디지털단지', '명동', '마곡']",
            "3km이내백화점수":0,
            "5km이내아울렛몰수":3,
            "1km이내대형먀트수":3,
            "500m이내은행수":4,
            "500m이내병원수":0,
            "5km이내대형병원수":7,
            "500m이내공원수":2,
            "3km이내혐오시설수":0,
            "초등학교학업성취도":89.97,
            "중학교학업성취도":64.8,
            "용적률":176,
            "건폐율":16,
            "Y":37.451012,
            "X":126.897936,
            "rank":10.0,
            "area_info":"22평(75.53), 27평(91.96), 32평(108.54)",
            "last_sales":"2021-03-09,70000.0,32평(108.54)",
            "rank_history":[
                [
                    "202203",
                    10
                ],
                [
                    "202202",
                    19
                ],
                [
                    "202201",
                    21
                ]
            ],
            "rank_gap":9
        },
        {
            "index":122,
            "아파트명":"신도브래뉴",
            "투자타입":"일반",
            "전용면적(m2)":"79.08",
            "전용면적(평)":"23평",
            "법정동주소":"서울시 금천구 독산동 955",
            "도로명주소":"서울시 금천구 시흥대로152길 25",
            "세대수":30,
            "입주년차":20,
            "용적률점수":"--",
            "건폐율점수":"--",
            "세대당주차수":30,
            "난방방식":30,
            "공급면적":"--",
            "전용률":"--",
            "욕실수":50,
            "현관타입":10,
            "주거총점":28.0,
            "지역구공급총점":100.0,
            "역세권":50,
            "30분내 이동가능 거점":60,
            "1시간내 이동가능 거점":100,
            "교통총점":63.0,
            "백화점":100,
            "아울렛몰":100,
            "대형마트":100,
            "은행":70,
            "병원":0,
            "종합병원":100,
            "공원":100,
            "혐오시설":0,
            "인프라총점":85.0,
            "초등학군":89.97,
            "중학군":38.52,
            "학군총점":48.81,
            "인구수":25.76,
            "인구증감":1.81,
            "인구총점":18.575,
            "일자리":26.06,
            "소득수준":59.25,
            "일자리총점":36.017,
            "가치 총점":60.4715,
            "매매실거래년":20210904.0,
            "매매실거래가":64500.0,
            "전세실거래년":20211106.0,
            "전세실거래가":37000.0,
            "전세가율":57.36,
            "장기전세가율평균":68.88,
            "전세가율거품지수":11.52,
            "검색코드":8646,
            "세대수":341.0,
            "준공년월":"2002-10-24",
            "준공년차":21.0,
            "가까운역이름":"구로디지털단지",
            "가까운역거리":893.78,
            "역세권여부":"준역세권",
            "30분이내주요거점역":3,
            "30분거점역이름":"['여의도', '가산디지털단지', '구로디지털단지']",
            "1시간이내주요거점역":15,
            "1시간거점역이름":"['강남', '역삼', '잠실', '판교', '여의도', '을지로3가', '양재', '평촌', '가산디지털단지', '왕십리', '홍대입구', '구로디지털단지', '명동', '마곡', 'GTX킨텍스(2023년)']",
            "3km이내백화점수":1,
            "5km이내아울렛몰수":2,
            "1km이내대형먀트수":3,
            "500m이내은행수":3,
            "500m이내병원수":0,
            "5km이내대형병원수":11,
            "500m이내공원수":3,
            "3km이내혐오시설수":0,
            "초등학교학업성취도":89.97,
            "중학교학업성취도":63.8,
            "용적률":290,
            "건폐율":24,
            "Y":37.477289,
            "X":126.900174,
            "rank":11.0,
            "area_info":"23평(79.08), 29평(96.32), 30평(102.31), 42평(139.07)",
            "last_sales":"2021-09-04,64500.0,23평(79.08)",
            "rank_history":[
                [
                    "202203",
                    11
                ],
                [
                    "202202",
                    8
                ],
                [
                    "202201",
                    6
                ]
            ],
            "rank_gap":-3
        },
        {
            "index":49,
            "아파트명":"어바니엘(도시형)",
            "투자타입":"일반",
            "전용면적(m2)":"27.47",
            "전용면적(평)":"8평",
            "법정동주소":"서울시 금천구 가산동 775",
            "도로명주소":"서울시 금천구 가산디지털1로 222",
            "세대수":0,
            "입주년차":80,
            "용적률점수":"--",
            "건폐율점수":"--",
            "세대당주차수":0,
            "난방방식":30,
            "공급면적":"--",
            "전용률":"--",
            "욕실수":50,
            "현관타입":10,
            "주거총점":25.0,
            "지역구공급총점":100.0,
            "역세권":80,
            "30분내 이동가능 거점":40,
            "1시간내 이동가능 거점":100,
            "교통총점":72.0,
            "백화점":100,
            "아울렛몰":100,
            "대형마트":0,
            "은행":70,
            "병원":0,
            "종합병원":100,
            "공원":80,
            "혐오시설":0,
            "인프라총점":69.4,
            "초등학군":89.99,
            "중학군":49.98,
            "학군총점":57.982,
            "인구수":25.76,
            "인구증감":1.81,
            "인구총점":18.575,
            "일자리":26.06,
            "소득수준":59.25,
            "일자리총점":36.017,
            "가치 총점":59.7173,
            "매매실거래년":"18000101",
            "매매실거래가":null,
            "전세실거래년":null,
            "전세실거래가":null,
            "전세가율":null,
            "장기전세가율평균":68.88,
            "전세가율거품지수":null,
            "검색코드":120884,
            "세대수":299.0,
            "준공년월":"2017-12-01",
            "준공년차":6.0,
            "가까운역이름":"가산디지털단지",
            "가까운역거리":446.23,
            "역세권여부":"역세권",
            "30분이내주요거점역":2,
            "30분거점역이름":"['가산디지털단지', '구로디지털단지']",
            "1시간이내주요거점역":14,
            "1시간거점역이름":"['강남', '역삼', '잠실', '여의도', '을지로3가', '양재', '평촌', '가산디지털단지', '왕십리', '홍대입구', '수원', '구로디지털단지', '명동', '마곡']",
            "3km이내백화점수":1,
            "5km이내아울렛몰수":2,
            "1km이내대형먀트수":0,
            "500m이내은행수":4,
            "500m이내병원수":0,
            "5km이내대형병원수":12,
            "500m이내공원수":1,
            "3km이내혐오시설수":0,
            "초등학교학업성취도":89.99,
            "중학교학업성취도":81.1,
            "용적률":302,
            "건폐율":31,
            "Y":37.485017,
            "X":126.880109,
            "rank":12.0,
            "area_info":"8평(27.47), 14평(48.61), 14평(48.61)",
            "last_sales":"1800-01-01,nan,8평(27.47)",
            "rank_history":[
                [
                    "202203",
                    12
                ],
                [
                    "202202",
                    9
                ],
                [
                    "202201",
                    7
                ]
            ],
            "rank_gap":-3
        },
        {
            "index":143,
            "아파트명":"태영",
            "투자타입":"일반",
            "전용면적(m2)":"72.56",
            "전용면적(평)":"21평",
            "법정동주소":"서울시 금천구 독산동 1003-21",
            "도로명주소":"서울시 금천구 범안로 1158",
            "세대수":0,
            "입주년차":20,
            "용적률점수":"--",
            "건폐율점수":"--",
            "세대당주차수":60,
            "난방방식":30,
            "공급면적":"--",
            "전용률":"--",
            "욕실수":50,
            "현관타입":50,
            "주거총점":26.0,
            "지역구공급총점":100.0,
            "역세권":100,
            "30분내 이동가능 거점":80,
            "1시간내 이동가능 거점":100,
            "교통총점":94.0,
            "백화점":0,
            "아울렛몰":100,
            "대형마트":100,
            "은행":0,
            "병원":0,
            "종합병원":100,
            "공원":80,
            "혐오시설":-50,
            "인프라총점":46.4,
            "초등학군":90.01,
            "중학군":39.82,
            "학군총점":49.858,
            "인구수":25.76,
            "인구증감":1.81,
            "인구총점":18.575,
            "일자리":26.06,
            "소득수준":59.25,
            "일자리총점":36.017,
            "가치 총점":59.4987,
            "매매실거래년":20211105.0,
            "매매실거래가":49550.0,
            "전세실거래년":20220121.0,
            "전세실거래가":23100.0,
            "전세가율":66.19,
            "장기전세가율평균":68.88,
            "전세가율거품지수":2.69,
            "검색코드":5115,
            "세대수":90.0,
            "준공년월":"2001-04-27",
            "준공년차":22.0,
            "가까운역이름":"독산",
            "가까운역거리":92.68,
            "역세권여부":"초역세권",
            "30분이내주요거점역":4,
            "30분거점역이름":"['여의도', '평촌', '가산디지털단지', '구로디지털단지']",
            "1시간이내주요거점역":16,
            "1시간거점역이름":"['강남', '역삼', '여의도', '을지로3가', '양재', '수원시청', '평촌', '가산디지털단지', '왕십리', '홍대입구', '수원', '구로디지털단지', '명동', '안산', '마곡', 'GTX킨텍스(2023년)']",
            "3km이내백화점수":0,
            "5km이내아울렛몰수":3,
            "1km이내대형먀트수":3,
            "500m이내은행수":1,
            "500m이내병원수":0,
            "5km이내대형병원수":9,
            "500m이내공원수":1,
            "3km이내혐오시설수":1,
            "초등학교학업성취도":90.01,
            "중학교학업성취도":65.3,
            "용적률":365,
            "건폐율":31,
            "Y":37.466322,
            "X":126.890432,
            "rank":13.0,
            "area_info":"21평(72.56), 23평(76.5), 32평(108.05), 42평(141.87)",
            "last_sales":"2021-11-05,49550.0,23평(76.5)",
            "rank_history":[
                [
                    "202203",
                    13
                ],
                [
                    "202202",
                    9999
                ]
            ],
            "rank_gap":9999
        },
        {
            "index":253,
            "아파트명":"백운플러스타워(도시형)",
            "투자타입":"일반",
            "전용면적(m2)":"19.85",
            "전용면적(평)":"6평",
            "법정동주소":"서울시 금천구 시흥동 992-8",
            "도로명주소":"서울시 금천구 시흥대로59길 13",
            "세대수":0,
            "입주년차":100,
            "용적률점수":"--",
            "건폐율점수":"--",
            "세대당주차수":0,
            "난방방식":30,
            "공급면적":"--",
            "전용률":"--",
            "욕실수":50,
            "현관타입":100,
            "주거총점":38.0,
            "지역구공급총점":100.0,
            "역세권":80,
            "30분내 이동가능 거점":60,
            "1시간내 이동가능 거점":100,
            "교통총점":78.0,
            "백화점":0,
            "아울렛몰":100,
            "대형마트":100,
            "은행":100,
            "병원":0,
            "종합병원":100,
            "공원":80,
            "혐오시설":0,
            "인프라총점":57.4,
            "초등학군":89.98,
            "중학군":38.88,
            "학군총점":49.1,
            "인구수":25.76,
            "인구증감":1.81,
            "인구총점":18.575,
            "일자리":26.06,
            "소득수준":59.25,
            "일자리총점":36.017,
            "가치 총점":59.485,
            "매매실거래년":20210929.0,
            "매매실거래가":31800.0,
            "전세실거래년":20211122.0,
            "전세실거래가":15000.0,
            "전세가율":null,
            "장기전세가율평균":68.88,
            "전세가율거품지수":null,
            "검색코드":140855,
            "세대수":58.0,
            "준공년월":"2020-06-12",
            "준공년차":3.0,
            "가까운역이름":"시흥사거리 (2024년 예정)",
            "가까운역거리":157.24,
            "역세권여부":"역세권",
            "30분이내주요거점역":3,
            "30분거점역이름":"['여의도', '가산디지털단지', '구로디지털단지']",
            "1시간이내주요거점역":14,
            "1시간거점역이름":"['강남', '역삼', '여의도', '을지로3가', '양재', '수원시청', '평촌', '가산디지털단지', '홍대입구', '수원', '구로디지털단지', '명동', '안산', '마곡']",
            "3km이내백화점수":0,
            "5km이내아울렛몰수":3,
            "1km이내대형먀트수":3,
            "500m이내은행수":5,
            "500m이내병원수":0,
            "5km이내대형병원수":8,
            "500m이내공원수":1,
            "3km이내혐오시설수":0,
            "초등학교학업성취도":89.98,
            "중학교학업성취도":64.8,
            "용적률":438,
            "건폐율":58,
            "Y":37.45339,
            "X":126.90005,
            "rank":14.0,
            "area_info":"6평(19.85), 6평(20.36), 10평(35.31), 12평(40.75), 12평(41.45), 12평(41.28)",
            "last_sales":"2021-09-29,31800.0,12평(41.28)",
            "rank_history":[
                [
                    "202203",
                    14
                ],
                [
                    "202202",
                    9999
                ]
            ],
            "rank_gap":9999
        },
        {
            "index":126,
            "아파트명":"주공14단지",
            "투자타입":"재건축",
            "전용면적(m2)":"50.4",
            "전용면적(평)":"15평",
            "법정동주소":"서울시 금천구 독산동 1088",
            "도로명주소":"서울시 금천구 한내로 69-54",
            "세대수":80,
            "입주년차":"--",
            "용적률점수":80,
            "건폐율점수":100,
            "세대당주차수":"--",
            "난방방식":"--",
            "공급면적":50,
            "전용률":60,
            "욕실수":"--",
            "현관타입":"--",
            "주거총점":81.5,
            "지역구공급총점":100.0,
            "역세권":50,
            "30분내 이동가능 거점":40,
            "1시간내 이동가능 거점":100,
            "교통총점":57.0,
            "백화점":0,
            "아울렛몰":100,
            "대형마트":100,
            "은행":0,
            "병원":0,
            "종합병원":100,
            "공원":100,
            "혐오시설":-50,
            "인프라총점":47.0,
            "초등학군":89.97,
            "중학군":47.04,
            "학군총점":55.626,
            "인구수":25.76,
            "인구증감":1.81,
            "인구총점":18.575,
            "일자리":26.06,
            "소득수준":59.25,
            "일자리총점":36.017,
            "가치 총점":58.6939,
            "매매실거래년":20220129.0,
            "매매실거래가":53000.0,
            "전세실거래년":20220210.0,
            "전세실거래가":12600.0,
            "전세가율":23.77,
            "장기전세가율평균":68.88,
            "전세가율거품지수":45.11,
            "검색코드":161,
            "세대수":840.0,
            "준공년월":"1990-11-14",
            "준공년차":33.0,
            "가까운역이름":"독산",
            "가까운역거리":674.9,
            "역세권여부":"준역세권",
            "30분이내주요거점역":2,
            "30분거점역이름":"['가산디지털단지', '구로디지털단지']",
            "1시간이내주요거점역":13,
            "1시간거점역이름":"['강남', '역삼', '잠실', '여의도', '을지로3가', '양재', '평촌', '가산디지털단지', '홍대입구', '수원', '구로디지털단지', '명동', '마곡']",
            "3km이내백화점수":0,
            "5km이내아울렛몰수":3,
            "1km이내대형먀트수":3,
            "500m이내은행수":0,
            "500m이내병원수":0,
            "5km이내대형병원수":9,
            "500m이내공원수":2,
            "3km이내혐오시설수":1,
            "초등학교학업성취도":89.97,
            "중학교학업성취도":78.4,
            "용적률":186,
            "건폐율":12,
            "Y":37.460436,
            "X":126.886348,
            "rank":15.0,
            "area_info":"15평(50.4), 17평(58.61), 17평(59.04), 23평(77.89), 28평(94.25), 31평(104.45)",
            "last_sales":"2022-01-29,53000.0,15평(50.4)",
            "rank_history":[
                [
                    "202203",
                    15
                ],
                [
                    "202202",
                    10
                ],
                [
                    "202201",
                    13
                ]
            ],
            "rank_gap":-5
        },
        {
            "index":295,
            "아파트명":"시흥사거리와이즈플레이스(도시형)",
            "투자타입":"일반",
            "전용면적(m2)":"22.64",
            "전용면적(평)":"6평",
            "법정동주소":"서울시 금천구 시흥동 882-61",
            "도로명주소":"서울시 금천구 시흥대로 236",
            "세대수":0,
            "입주년차":60,
            "용적률점수":"--",
            "건폐율점수":"--",
            "세대당주차수":30,
            "난방방식":30,
            "공급면적":"--",
            "전용률":"--",
            "욕실수":50,
            "현관타입":10,
            "주거총점":25.5,
            "지역구공급총점":100.0,
            "역세권":100,
            "30분내 이동가능 거점":40,
            "1시간내 이동가능 거점":100,
            "교통총점":82.0,
            "백화점":0,
            "아울렛몰":100,
            "대형마트":100,
            "은행":100,
            "병원":0,
            "종합병원":100,
            "공원":100,
            "혐오시설":0,
            "인프라총점":58.0,
            "초등학군":89.98,
            "중학군":38.88,
            "학군총점":49.1,
            "인구수":25.76,
            "인구증감":1.81,
            "인구총점":18.575,
            "일자리":26.06,
            "소득수준":59.25,
            "일자리총점":36.017,
            "가치 총점":58.565,
            "매매실거래년":20211119.0,
            "매매실거래가":9450.0,
            "전세실거래년":20211003.0,
            "전세실거래가":8500.0,
            "전세가율":89.95,
            "장기전세가율평균":68.88,
            "전세가율거품지수":-21.07,
            "검색코드":102814,
            "세대수":98.0,
            "준공년월":"2012-09-27",
            "준공년차":11.0,
            "가까운역이름":"시흥사거리 (2024년 예정)",
            "가까운역거리":84.11,
            "역세권여부":"초역세권",
            "30분이내주요거점역":2,
            "30분거점역이름":"['가산디지털단지', '구로디지털단지']",
            "1시간이내주요거점역":10,
            "1시간거점역이름":"['강남', '역삼', '여의도', '수원시청', '평촌', '가산디지털단지', '수원', '구로디지털단지', '명동', '마곡']",
            "3km이내백화점수":0,
            "5km이내아울렛몰수":3,
            "1km이내대형먀트수":3,
            "500m이내은행수":5,
            "500m이내병원수":0,
            "5km이내대형병원수":8,
            "500m이내공원수":2,
            "3km이내혐오시설수":0,
            "초등학교학업성취도":89.98,
            "중학교학업성취도":64.8,
            "용적률":799,
            "건폐율":59,
            "Y":37.455041,
            "X":126.901019,
            "rank":16.0,
            "area_info":"6평(22.64), 6평(22.61)",
            "last_sales":"2021-11-19,9450.0,6평(22.64)",
            "rank_history":[
                [
                    "202203",
                    16
                ],
                [
                    "202202",
                    9999
                ]
            ],
            "rank_gap":9999
        },
        {
            "index":113,
            "아파트명":"롯데캐슬골드파크2차",
            "투자타입":"일반",
            "전용면적(m2)":"81.65",
            "전용면적(평)":"24평",
            "법정동주소":"서울시 금천구 독산동 1150",
            "도로명주소":"서울시 금천구 벚꽃로 30",
            "세대수":0,
            "입주년차":80,
            "용적률점수":"--",
            "건폐율점수":"--",
            "세대당주차수":30,
            "난방방식":30,
            "공급면적":"--",
            "전용률":"--",
            "욕실수":100,
            "현관타입":100,
            "주거총점":43.5,
            "지역구공급총점":100.0,
            "역세권":80,
            "30분내 이동가능 거점":60,
            "1시간내 이동가능 거점":100,
            "교통총점":78.0,
            "백화점":0,
            "아울렛몰":100,
            "대형마트":100,
            "은행":0,
            "병원":0,
            "종합병원":100,
            "공원":100,
            "혐오시설":-50,
            "인프라총점":47.0,
            "초등학군":89.99,
            "중학군":47.04,
            "학군총점":55.63,
            "인구수":25.76,
            "인구증감":1.81,
            "인구총점":18.575,
            "일자리":26.06,
            "소득수준":59.25,
            "일자리총점":36.017,
            "가치 총점":58.4445,
            "매매실거래년":20211021.0,
            "매매실거래가":127500.0,
            "전세실거래년":20220129.0,
            "전세실거래가":60000.0,
            "전세가율":61.22,
            "장기전세가율평균":68.88,
            "전세가율거품지수":7.66,
            "검색코드":108247,
            "세대수":292.0,
            "준공년월":"2017-09-28",
            "준공년차":6.0,
            "가까운역이름":"금천구청",
            "가까운역거리":260.34,
            "역세권여부":"역세권",
            "30분이내주요거점역":3,
            "30분거점역이름":"['가산디지털단지', '홍대입구', '구로디지털단지']",
            "1시간이내주요거점역":15,
            "1시간거점역이름":"['강남', '역삼', '여의도', '을지로3가', '양재', '수원시청', '평촌', '가산디지털단지', '홍대입구', '수원', '구로디지털단지', '명동', '안산', '마곡', 'GTX킨텍스(2023년)']",
            "3km이내백화점수":0,
            "5km이내아울렛몰수":3,
            "1km이내대형먀트수":2,
            "500m이내은행수":0,
            "500m이내병원수":0,
            "5km이내대형병원수":8,
            "500m이내공원수":2,
            "3km이내혐오시설수":1,
            "초등학교학업성취도":89.99,
            "중학교학업성취도":78.4,
            "용적률":489,
            "건폐율":57,
            "Y":37.458512,
            "X":126.894027,
            "rank":17.0,
            "area_info":"24평(81.65), 24평(81.96), 35평(117.23), 35평(117.26), 35평(117.2)",
            "last_sales":"2021-10-21,127500.0,35평(117.23)",
            "rank_history":[
                [
                    "202203",
                    17
                ],
                [
                    "202202",
                    15
                ],
                [
                    "202201",
                    14
                ]
            ],
            "rank_gap":-2
        },
        {
            "index":93,
            "아파트명":"독산중앙하이츠빌",
            "투자타입":"일반",
            "전용면적(m2)":"110.02",
            "전용면적(평)":"33평",
            "법정동주소":"서울시 금천구 독산동 1140",
            "도로명주소":"서울시 금천구 범안로 1136",
            "세대수":50,
            "입주년차":40,
            "용적률점수":"--",
            "건폐율점수":"--",
            "세대당주차수":30,
            "난방방식":30,
            "공급면적":"--",
            "전용률":"--",
            "욕실수":100,
            "현관타입":100,
            "주거총점":53.0,
            "지역구공급총점":100.0,
            "역세권":80,
            "30분내 이동가능 거점":40,
            "1시간내 이동가능 거점":100,
            "교통총점":72.0,
            "백화점":0,
            "아울렛몰":100,
            "대형마트":100,
            "은행":0,
            "병원":0,
            "종합병원":100,
            "공원":100,
            "혐오시설":-50,
            "인프라총점":47.0,
            "초등학군":90.01,
            "중학군":47.04,
            "학군총점":55.634,
            "인구수":25.76,
            "인구증감":1.81,
            "인구총점":18.575,
            "일자리":26.06,
            "소득수준":59.25,
            "일자리총점":36.017,
            "가치 총점":58.2451,
            "매매실거래년":20211215.0,
            "매매실거래가":86500.0,
            "전세실거래년":20220223.0,
            "전세실거래가":38325.0,
            "전세가율":44.31,
            "장기전세가율평균":68.88,
            "전세가율거품지수":24.57,
            "검색코드":11234,
            "세대수":554.0,
            "준공년월":"2004-10-27",
            "준공년차":19.0,
            "가까운역이름":"독산",
            "가까운역거리":132.26,
            "역세권여부":"역세권",
            "30분이내주요거점역":2,
            "30분거점역이름":"['가산디지털단지', '구로디지털단지']",
            "1시간이내주요거점역":16,
            "1시간거점역이름":"['강남', '역삼', '여의도', '을지로3가', '양재', '수원시청', '평촌', '가산디지털단지', '왕십리', '홍대입구', '수원', '구로디지털단지', '명동', '안산', '마곡', 'GTX킨텍스(2023년)']",
            "3km이내백화점수":0,
            "5km이내아울렛몰수":3,
            "1km이내대형먀트수":4,
            "500m이내은행수":1,
            "500m이내병원수":0,
            "5km이내대형병원수":9,
            "500m이내공원수":2,
            "3km이내혐오시설수":1,
            "초등학교학업성취도":90.01,
            "중학교학업성취도":78.4,
            "용적률":253,
            "건폐율":16,
            "Y":37.464875,
            "X":126.888904,
            "rank":18.0,
            "area_info":"33평(110.02)",
            "last_sales":"2021-12-15,86500.0,33평(110.02)",
            "rank_history":[
                [
                    "202203",
                    18
                ],
                [
                    "202202",
                    4
                ],
                [
                    "202201",
                    4
                ]
            ],
            "rank_gap":-14
        },
        {
            "index":63,
            "아파트명":"금천롯데캐슬골드파크3차",
            "투자타입":"일반",
            "전용면적(m2)":"84.72",
            "전용면적(평)":"25평",
            "법정동주소":"서울시 금천구 독산동 1155",
            "도로명주소":"서울시 금천구 시흥대로 291",
            "세대수":90,
            "입주년차":80,
            "용적률점수":"--",
            "건폐율점수":"--",
            "세대당주차수":30,
            "난방방식":30,
            "공급면적":"--",
            "전용률":"--",
            "욕실수":100,
            "현관타입":100,
            "주거총점":75.0,
            "지역구공급총점":100.0,
            "역세권":50,
            "30분내 이동가능 거점":60,
            "1시간내 이동가능 거점":100,
            "교통총점":63.0,
            "백화점":0,
            "아울렛몰":100,
            "대형마트":100,
            "은행":0,
            "병원":0,
            "종합병원":100,
            "공원":100,
            "혐오시설":-50,
            "인프라총점":47.0,
            "초등학군":89.99,
            "중학군":35.34,
            "학군총점":46.27,
            "인구수":25.76,
            "인구증감":1.81,
            "인구총점":18.575,
            "일자리":26.06,
            "소득수준":59.25,
            "일자리총점":36.017,
            "가치 총점":58.0905,
            "매매실거래년":20211203.0,
            "매매실거래가":98000.0,
            "전세실거래년":20220219.0,
            "전세실거래가":45150.0,
            "전세가율":46.07,
            "장기전세가율평균":68.88,
            "전세가율거품지수":22.81,
            "검색코드":109956,
            "세대수":1236.0,
            "준공년월":"2018-10-30",
            "준공년차":5.0,
            "가까운역이름":"금천구청",
            "가까운역거리":568.0,
            "역세권여부":"준역세권",
            "30분이내주요거점역":3,
            "30분거점역이름":"['여의도', '가산디지털단지', '구로디지털단지']",
            "1시간이내주요거점역":14,
            "1시간거점역이름":"['강남', '역삼', '여의도', '을지로3가', '양재', '수원시청', '평촌', '가산디지털단지', '홍대입구', '수원', '구로디지털단지', '명동', '마곡', 'GTX킨텍스(2023년)']",
            "3km이내백화점수":0,
            "5km이내아울렛몰수":3,
            "1km이내대형먀트수":3,
            "500m이내은행수":1,
            "500m이내병원수":0,
            "5km이내대형병원수":8,
            "500m이내공원수":5,
            "3km이내혐오시설수":1,
            "초등학교학업성취도":89.99,
            "중학교학업성취도":58.9,
            "용적률":499,
            "건폐율":59,
            "Y":37.460094,
            "X":126.897765,
            "rank":19.0,
            "area_info":"25평(84.72), 25평(84.8), 25평(85.23), 25평(85.23), 35평(118.98), 35평(118.66), 36평(119.13)",
            "last_sales":"2021-12-03,98000.0,25평(84.72)",
            "rank_history":[
                [
                    "202203",
                    19
                ],
                [
                    "202202",
                    11
                ],
                [
                    "202201",
                    10
                ]
            ],
            "rank_gap":-8
        },
        {
            "index":118,
            "아파트명":"삼익",
            "투자타입":"일반",
            "전용면적(m2)":"84.38",
            "전용면적(평)":"25평",
            "법정동주소":"서울시 금천구 독산동 956",
            "도로명주소":"서울시 금천구 남부순환로120길 22",
            "세대수":0,
            "입주년차":0,
            "용적률점수":"--",
            "건폐율점수":"--",
            "세대당주차수":30,
            "난방방식":30,
            "공급면적":"--",
            "전용률":"--",
            "욕실수":50,
            "현관타입":10,
            "주거총점":13.5,
            "지역구공급총점":100.0,
            "역세권":50,
            "30분내 이동가능 거점":60,
            "1시간내 이동가능 거점":100,
            "교통총점":63.0,
            "백화점":100,
            "아울렛몰":100,
            "대형마트":100,
            "은행":70,
            "병원":0,
            "종합병원":100,
            "공원":100,
            "혐오시설":0,
            "인프라총점":85.0,
            "초등학군":89.97,
            "중학군":38.52,
            "학군총점":48.81,
            "인구수":25.76,
            "인구증감":1.81,
            "인구총점":18.575,
            "일자리":26.06,
            "소득수준":59.25,
            "일자리총점":36.017,
            "가치 총점":57.5715,
            "매매실거래년":20210724.0,
            "매매실거래가":52500.0,
            "전세실거래년":20211218.0,
            "전세실거래가":27300.0,
            "전세가율":60.67,
            "장기전세가율평균":68.88,
            "전세가율거품지수":8.21,
            "검색코드":1080,
            "세대수":124.0,
            "준공년월":"1998-09-02",
            "준공년차":25.0,
            "가까운역이름":"구로디지털단지",
            "가까운역거리":791.09,
            "역세권여부":"준역세권",
            "30분이내주요거점역":3,
            "30분거점역이름":"['여의도', '가산디지털단지', '구로디지털단지']",
            "1시간이내주요거점역":16,
            "1시간거점역이름":"['강남', '역삼', '잠실', '판교', '여의도', '을지로3가', '양재', '정자', '평촌', '가산디지털단지', '왕십리', '홍대입구', '구로디지털단지', '명동', '마곡', 'GTX킨텍스(2023년)']",
            "3km이내백화점수":1,
            "5km이내아울렛몰수":2,
            "1km이내대형먀트수":2,
            "500m이내은행수":4,
            "500m이내병원수":0,
            "5km이내대형병원수":11,
            "500m이내공원수":2,
            "3km이내혐오시설수":0,
            "초등학교학업성취도":89.97,
            "중학교학업성취도":63.8,
            "용적률":270,
            "건폐율":33,
            "Y":37.478168,
            "X":126.900771,
            "rank":20.0,
            "area_info":"25평(84.38), 25평(84.39), 29평(98.12), 32평(108.88)",
            "last_sales":"2021-07-24,52500.0,29평(98.12)",
            "rank_history":[
                [
                    "202203",
                    20
                ],
                [
                    "202202",
                    14
                ],
                [
                    "202201",
                    11
                ]
            ],
            "rank_gap":-6
        },
        {
            "index":74,
            "아파트명":"금천현대",
            "투자타입":"일반",
            "전용면적(m2)":"80.22",
            "전용면적(평)":"24평",
            "법정동주소":"서울시 금천구 독산동 711-2",
            "도로명주소":"서울시 금천구 벚꽃로 73",
            "세대수":90,
            "입주년차":20,
            "용적률점수":"--",
            "건폐율점수":"--",
            "세대당주차수":0,
            "난방방식":30,
            "공급면적":"--",
            "전용률":"--",
            "욕실수":50,
            "현관타입":100,
            "주거총점":53.5,
            "지역구공급총점":100.0,
            "역세권":80,
            "30분내 이동가능 거점":40,
            "1시간내 이동가능 거점":100,
            "교통총점":72.0,
            "백화점":0,
            "아울렛몰":100,
            "대형마트":100,
            "은행":0,
            "병원":0,
            "종합병원":100,
            "공원":0,
            "혐오시설":-50,
            "인프라총점":44.0,
            "초등학군":89.97,
            "중학군":47.04,
            "학군총점":55.626,
            "인구수":25.76,
            "인구증감":1.81,
            "인구총점":18.575,
            "일자리":26.06,
            "소득수준":59.25,
            "일자리총점":36.017,
            "가치 총점":57.4439,
            "매매실거래년":20211001.0,
            "매매실거래가":62300.0,
            "전세실거래년":20220219.0,
            "전세실거래가":39000.0,
            "전세가율":62.6,
            "장기전세가율평균":68.88,
            "전세가율거품지수":6.28,
            "검색코드":164,
            "세대수":996.0,
            "준공년월":"2002-09-05",
            "준공년차":21.0,
            "가까운역이름":"독산",
            "가까운역거리":390.62,
            "역세권여부":"역세권",
            "30분이내주요거점역":2,
            "30분거점역이름":"['가산디지털단지', '구로디지털단지']",
            "1시간이내주요거점역":14,
            "1시간거점역이름":"['강남', '역삼', '여의도', '을지로3가', '양재', '수원시청', '평촌', '가산디지털단지', '홍대입구', '수원', '구로디지털단지', '명동', '마곡', 'GTX킨텍스(2023년)']",
            "3km이내백화점수":0,
            "5km이내아울렛몰수":3,
            "1km이내대형먀트수":4,
            "500m이내은행수":0,
            "500m이내병원수":0,
            "5km이내대형병원수":9,
            "500m이내공원수":0,
            "3km이내혐오시설수":1,
            "초등학교학업성취도":89.97,
            "중학교학업성취도":78.4,
            "용적률":280,
            "건폐율":20,
            "Y":37.462518,
            "X":126.890273,
            "rank":21.0,
            "area_info":"24평(80.22), 32평(108.33)",
            "last_sales":"2021-10-01,62300.0,24평(80.22)",
            "rank_history":[
                [
                    "202203",
                    21
                ],
                [
                    "202202",
                    13
                ],
                [
                    "202201",
                    16
                ]
            ],
            "rank_gap":-8
        },
        {
            "index":171,
            "아파트명":"건영1차",
            "투자타입":"재건축",
            "전용면적(m2)":"56.77",
            "전용면적(평)":"17평",
            "법정동주소":"서울시 금천구 시흥동 992-2",
            "도로명주소":"서울시 금천구 시흥대로59길 35",
            "세대수":0,
            "입주년차":"--",
            "용적률점수":80,
            "건폐율점수":0,
            "세대당주차수":"--",
            "난방방식":"--",
            "공급면적":50,
            "전용률":100,
            "욕실수":"--",
            "현관타입":"--",
            "주거총점":39.5,
            "지역구공급총점":100.0,
            "역세권":80,
            "30분내 이동가능 거점":40,
            "1시간내 이동가능 거점":100,
            "교통총점":72.0,
            "백화점":0,
            "아울렛몰":100,
            "대형마트":100,
            "은행":100,
            "병원":0,
            "종합병원":100,
            "공원":0,
            "혐오시설":0,
            "인프라총점":55.0,
            "초등학군":89.98,
            "중학군":38.88,
            "학군총점":49.1,
            "인구수":25.76,
            "인구증감":1.81,
            "인구총점":18.575,
            "일자리":26.06,
            "소득수준":59.25,
            "일자리총점":36.017,
            "가치 총점":56.965,
            "매매실거래년":20211022.0,
            "매매실거래가":69000.0,
            "전세실거래년":20220204.0,
            "전세실거래가":16000.0,
            "전세가율":27.71,
            "장기전세가율평균":68.88,
            "전세가율거품지수":41.17,
            "검색코드":47,
            "세대수":260.0,
            "준공년월":"1982-12-07",
            "준공년차":41.0,
            "가까운역이름":"시흥사거리 (2024년 예정)",
            "가까운역거리":243.68,
            "역세권여부":"역세권",
            "30분이내주요거점역":2,
            "30분거점역이름":"['가산디지털단지', '구로디지털단지']",
            "1시간이내주요거점역":13,
            "1시간거점역이름":"['강남', '역삼', '여의도', '을지로3가', '양재', '수원시청', '평촌', '가산디지털단지', '홍대입구', '수원', '구로디지털단지', '명동', '마곡']",
            "3km이내백화점수":0,
            "5km이내아울렛몰수":3,
            "1km이내대형먀트수":3,
            "500m이내은행수":5,
            "500m이내병원수":0,
            "5km이내대형병원수":7,
            "500m이내공원수":0,
            "3km이내혐오시설수":0,
            "초등학교학업성취도":89.98,
            "중학교학업성취도":64.8,
            "용적률":186,
            "건폐율":0,
            "Y":37.452955,
            "X":126.898631,
            "rank":22.0,
            "area_info":"17평(56.77), 17평(57.16), 17평(57.24), 24평(81.91), 24평(82.5), 24평(82.51), 28평(94.45), 28평(95.09)",
            "last_sales":"2021-10-22,69000.0,24평(82.5)",
            "rank_history":[
                [
                    "202203",
                    22
                ],
                [
                    "202202",
                    22
                ],
                [
                    "202201",
                    20
                ]
            ],
            "rank_gap":0
        },
        {
            "index":21,
            "아파트명":"덕산",
            "투자타입":"일반",
            "전용면적(m2)":"81.66",
            "전용면적(평)":"24평",
            "법정동주소":"서울시 금천구 가산동 148-1",
            "도로명주소":"서울시 금천구 시흥대로151길 45",
            "세대수":0,
            "입주년차":0,
            "용적률점수":"--",
            "건폐율점수":"--",
            "세대당주차수":0,
            "난방방식":30,
            "공급면적":"--",
            "전용률":"--",
            "욕실수":50,
            "현관타입":10,
            "주거총점":9.0,
            "지역구공급총점":100.0,
            "역세권":50,
            "30분내 이동가능 거점":60,
            "1시간내 이동가능 거점":100,
            "교통총점":63.0,
            "백화점":100,
            "아울렛몰":100,
            "대형마트":100,
            "은행":70,
            "병원":0,
            "종합병원":100,
            "공원":100,
            "혐오시설":0,
            "인프라총점":85.0,
            "초등학군":89.98,
            "중학군":38.52,
            "학군총점":48.812,
            "인구수":25.76,
            "인구증감":1.81,
            "인구총점":18.575,
            "일자리":26.06,
            "소득수준":59.25,
            "일자리총점":36.017,
            "가치 총점":56.6718,
            "매매실거래년":20210730.0,
            "매매실거래가":45300.0,
            "전세실거래년":20211020.0,
            "전세실거래가":22050.0,
            "전세가율":48.68,
            "장기전세가율평균":68.88,
            "전세가율거품지수":20.2,
            "검색코드":1078,
            "세대수":98.0,
            "준공년월":"1995-08-31",
            "준공년차":28.0,
            "가까운역이름":"신독산 (2024년 예정)",
            "가까운역거리":958.62,
            "역세권여부":"준역세권",
            "30분이내주요거점역":3,
            "30분거점역이름":"['여의도', '가산디지털단지', '구로디지털단지']",
            "1시간이내주요거점역":13,
            "1시간거점역이름":"['강남', '역삼', '잠실', '여의도', '을지로3가', '양재', '평촌', '가산디지털단지', '왕십리', '홍대입구', '구로디지털단지', '명동', '마곡']",
            "3km이내백화점수":1,
            "5km이내아울렛몰수":2,
            "1km이내대형먀트수":3,
            "500m이내은행수":3,
            "500m이내병원수":0,
            "5km이내대형병원수":11,
            "500m이내공원수":3,
            "3km이내혐오시설수":0,
            "초등학교학업성취도":89.98,
            "중학교학업성취도":63.8,
            "용적률":250,
            "건폐율":26,
            "Y":37.47669,
            "X":126.89609,
            "rank":23.0,
            "area_info":"24평(81.66)",
            "last_sales":"2021-07-30,45300.0,24평(81.66)",
            "rank_history":[
                [
                    "202203",
                    23
                ],
                [
                    "202202",
                    9999
                ]
            ],
            "rank_gap":9999
        },
        {
            "index":138,
            "아파트명":"청광플러스원",
            "투자타입":"일반",
            "전용면적(m2)":"80.57",
            "전용면적(평)":"24평",
            "법정동주소":"서울시 금천구 독산동 1139",
            "도로명주소":"서울시 금천구 두산로11길 22",
            "세대수":0,
            "입주년차":20,
            "용적률점수":"--",
            "건폐율점수":"--",
            "세대당주차수":30,
            "난방방식":30,
            "공급면적":"--",
            "전용률":"--",
            "욕실수":50,
            "현관타입":100,
            "주거총점":26.5,
            "지역구공급총점":100.0,
            "역세권":80,
            "30분내 이동가능 거점":60,
            "1시간내 이동가능 거점":100,
            "교통총점":78.0,
            "백화점":0,
            "아울렛몰":100,
            "대형마트":80,
            "은행":100,
            "병원":0,
            "종합병원":100,
            "공원":100,
            "혐오시설":0,
            "인프라총점":55.0,
            "초등학군":90.01,
            "중학군":39.82,
            "학군총점":49.858,
            "인구수":25.76,
            "인구증감":1.81,
            "인구총점":18.575,
            "일자리":26.06,
            "소득수준":59.25,
            "일자리총점":36.017,
            "가치 총점":56.5787,
            "매매실거래년":20211214.0,
            "매매실거래가":64500.0,
            "전세실거래년":20211120.0,
            "전세실거래가":31200.0,
            "전세가율":48.37,
            "장기전세가율평균":68.88,
            "전세가율거품지수":20.51,
            "검색코드":9838,
            "세대수":136.0,
            "준공년월":"2003-07-22",
            "준공년차":20.0,
            "가까운역이름":"신독산 (2024년 예정)",
            "가까운역거리":493.19,
            "역세권여부":"역세권",
            "30분이내주요거점역":3,
            "30분거점역이름":"['여의도', '가산디지털단지', '구로디지털단지']",
            "1시간이내주요거점역":12,
            "1시간거점역이름":"['강남', '역삼', '여의도', '을지로3가', '양재', '평촌', '가산디지털단지', '홍대입구', '수원', '구로디지털단지', '명동', '마곡']",
            "3km이내백화점수":0,
            "5km이내아울렛몰수":2,
            "1km이내대형먀트수":1,
            "500m이내은행수":7,
            "500m이내병원수":0,
            "5km이내대형병원수":9,
            "500m이내공원수":4,
            "3km이내혐오시설수":0,
            "초등학교학업성취도":90.01,
            "중학교학업성취도":65.3,
            "용적률":293,
            "건폐율":22,
            "Y":37.471412,
            "X":126.894155,
            "rank":24.0,
            "area_info":"24평(80.57), 27평(90.69), 28평(92.6), 31평(105.7), 32평(108.2)",
            "last_sales":"2021-12-14,64500.0,24평(80.57)",
            "rank_history":[
                [
                    "202203",
                    24
                ],
                [
                    "202202",
                    25
                ],
                [
                    "202201",
                    24
                ]
            ],
            "rank_gap":1
        },
        {
            "index":204,
            "아파트명":"남서울힐스테이트",
            "투자타입":"일반",
            "전용면적(m2)":"82.29",
            "전용면적(평)":"24평",
            "법정동주소":"서울시 금천구 시흥동 1026",
            "도로명주소":"서울시 금천구 시흥대로 165",
            "세대수":100,
            "입주년차":80,
            "용적률점수":"--",
            "건폐율점수":"--",
            "세대당주차수":30,
            "난방방식":30,
            "공급면적":"--",
            "전용률":"--",
            "욕실수":100,
            "현관타입":100,
            "주거총점":78.5,
            "지역구공급총점":100.0,
            "역세권":50,
            "30분내 이동가능 거점":20,
            "1시간내 이동가능 거점":100,
            "교통총점":51.0,
            "백화점":0,
            "아울렛몰":100,
            "대형마트":100,
            "은행":20,
            "병원":0,
            "종합병원":100,
            "공원":100,
            "혐오시설":0,
            "인프라총점":50.0,
            "초등학군":89.97,
            "중학군":43.94,
            "학군총점":53.146,
            "인구수":25.76,
            "인구증감":1.81,
            "인구총점":18.575,
            "일자리":26.06,
            "소득수준":59.25,
            "일자리총점":36.017,
            "가치 총점":56.5219,
            "매매실거래년":20211221.0,
            "매매실거래가":128000.0,
            "전세실거래년":20220203.0,
            "전세실거래가":49000.0,
            "전세가율":58.33,
            "장기전세가율평균":68.88,
            "전세가율거품지수":10.55,
            "검색코드":104347,
            "세대수":1764.0,
            "준공년월":"2014-08-14",
            "준공년차":9.0,
            "가까운역이름":"시흥사거리 (2024년 예정)",
            "가까운역거리":918.65,
            "역세권여부":"준역세권",
            "30분이내주요거점역":1,
            "30분거점역이름":"['구로디지털단지']",
            "1시간이내주요거점역":11,
            "1시간거점역이름":"['강남', '역삼', '여의도', '을지로3가', '수원시청', '평촌', '가산디지털단지', '홍대입구', '수원', '구로디지털단지', '마곡']",
            "3km이내백화점수":0,
            "5km이내아울렛몰수":3,
            "1km이내대형먀트수":2,
            "500m이내은행수":2,
            "500m이내병원수":0,
            "5km이내대형병원수":3,
            "500m이내공원수":4,
            "3km이내혐오시설수":0,
            "초등학교학업성취도":89.97,
            "중학교학업성취도":72.9,
            "용적률":249,
            "건폐율":14,
            "Y":37.446594,
            "X":126.901286,
            "rank":25.0,
            "area_info":"24평(82.29), 24평(82.29), 24평(82.55), 34평(115.58), 34평(115.48), 34평(115.32), 46평(152.44), 46평(152.51), 46평(153.16), 57평(189.51)",
            "last_sales":"2021-12-21,128000.0,57평(189.51)",
            "rank_history":[
                [
                    "202203",
                    25
                ],
                [
                    "202202",
                    34
                ],
                [
                    "202201",
                    37
                ]
            ],
            "rank_gap":9
        },
        {
            "index":217,
            "아파트명":"도일산호시티빌",
            "투자타입":"일반",
            "전용면적(m2)":"56.9",
            "전용면적(평)":"17평",
            "법정동주소":"서울시 금천구 시흥동 999-1",
            "도로명주소":"서울시 금천구 시흥대로 251",
            "세대수":0,
            "입주년차":20,
            "용적률점수":"--",
            "건폐율점수":"--",
            "세대당주차수":30,
            "난방방식":30,
            "공급면적":"--",
            "전용률":"--",
            "욕실수":50,
            "현관타입":100,
            "주거총점":26.5,
            "지역구공급총점":100.0,
            "역세권":80,
            "30분내 이동가능 거점":60,
            "1시간내 이동가능 거점":100,
            "교통총점":78.0,
            "백화점":0,
            "아울렛몰":100,
            "대형마트":100,
            "은행":70,
            "병원":0,
            "종합병원":100,
            "공원":100,
            "혐오시설":0,
            "인프라총점":55.0,
            "초등학군":89.99,
            "중학군":38.88,
            "학군총점":49.102,
            "인구수":25.76,
            "인구증감":1.81,
            "인구총점":18.575,
            "일자리":26.06,
            "소득수준":59.25,
            "일자리총점":36.017,
            "가치 총점":56.4653,
            "매매실거래년":20210618.0,
            "매매실거래가":44000.0,
            "전세실거래년":20211031.0,
            "전세실거래가":17850.0,
            "전세가율":63.75,
            "장기전세가율평균":68.88,
            "전세가율거품지수":5.13,
            "검색코드":100223,
            "세대수":112.0,
            "준공년월":"2003-06-17",
            "준공년차":20.0,
            "가까운역이름":"시흥사거리 (2024년 예정)",
            "가까운역거리":162.11,
            "역세권여부":"역세권",
            "30분이내주요거점역":3,
            "30분거점역이름":"['여의도', '가산디지털단지', '구로디지털단지']",
            "1시간이내주요거점역":14,
            "1시간거점역이름":"['강남', '역삼', '여의도', '을지로3가', '양재', '수원시청', '평촌', '가산디지털단지', '홍대입구', '수원', '구로디지털단지', '명동', '안산', '마곡']",
            "3km이내백화점수":0,
            "5km이내아울렛몰수":3,
            "1km이내대형먀트수":3,
            "500m이내은행수":3,
            "500m이내병원수":0,
            "5km이내대형병원수":8,
            "500m이내공원수":4,
            "3km이내혐오시설수":0,
            "초등학교학업성취도":89.99,
            "중학교학업성취도":64.8,
            "용적률":551,
            "건폐율":38,
            "Y":37.45618,
            "X":126.899511,
            "rank":26.0,
            "area_info":"17평(56.9), 23평(76.6), 24평(79.98)",
            "last_sales":"2021-06-18,44000.0,23평(76.6)",
            "rank_history":[
                [
                    "202203",
                    26
                ],
                [
                    "202202",
                    7
                ],
                [
                    "202201",
                    5
                ]
            ],
            "rank_gap":-19
        },
        {
            "index":24,
            "아파트명":"두산위브",
            "투자타입":"일반",
            "전용면적(m2)":"81.73",
            "전용면적(평)":"24평",
            "법정동주소":"서울시 금천구 가산동 769",
            "도로명주소":"서울시 금천구 가산로 99",
            "세대수":90,
            "입주년차":0,
            "용적률점수":"--",
            "건폐율점수":"--",
            "세대당주차수":30,
            "난방방식":30,
            "공급면적":"--",
            "전용률":"--",
            "욕실수":50,
            "현관타입":100,
            "주거총점":54.0,
            "지역구공급총점":100.0,
            "역세권":50,
            "30분내 이동가능 거점":60,
            "1시간내 이동가능 거점":100,
            "교통총점":63.0,
            "백화점":0,
            "아울렛몰":100,
            "대형마트":80,
            "은행":70,
            "병원":0,
            "종합병원":100,
            "공원":100,
            "혐오시설":0,
            "인프라총점":52.0,
            "초등학군":89.98,
            "중학군":38.52,
            "학군총점":48.812,
            "인구수":25.76,
            "인구증감":1.81,
            "인구총점":18.575,
            "일자리":26.06,
            "소득수준":59.25,
            "일자리총점":36.017,
            "가치 총점":55.7718,
            "매매실거래년":20211124.0,
            "매매실거래가":110000.0,
            "전세실거래년":20220122.0,
            "전세실거래가":32500.0,
            "전세가율":46.43,
            "장기전세가율평균":68.88,
            "전세가율거품지수":22.45,
            "검색코드":159,
            "세대수":1495.0,
            "준공년월":"1998-03-09",
            "준공년차":25.0,
            "가까운역이름":"신독산 (2024년 예정)",
            "가까운역거리":932.57,
            "역세권여부":"준역세권",
            "30분이내주요거점역":3,
            "30분거점역이름":"['여의도', '가산디지털단지', '구로디지털단지']",
            "1시간이내주요거점역":12,
            "1시간거점역이름":"['강남', '역삼', '여의도', '을지로3가', '양재', '평촌', '가산디지털단지', '홍대입구', '수원', '구로디지털단지', '명동', '마곡']",
            "3km이내백화점수":0,
            "5km이내아울렛몰수":2,
            "1km이내대형먀트수":1,
            "500m이내은행수":4,
            "500m이내병원수":0,
            "5km이내대형병원수":11,
            "500m이내공원수":3,
            "3km이내혐오시설수":0,
            "초등학교학업성취도":89.98,
            "중학교학업성취도":63.8,
            "용적률":288,
            "건폐율":16,
            "Y":37.47526,
            "X":126.892301,
            "rank":27.0,
            "area_info":"24평(81.73), 32평(107.59), 38평(127.7), 49평(162.82)",
            "last_sales":"2021-11-24,110000.0,49평(162.82)",
            "rank_history":[
                [
                    "202203",
                    27
                ],
                [
                    "202202",
                    17
                ],
                [
                    "202201",
                    17
                ]
            ],
            "rank_gap":-10
        },
        {
            "index":76,
            "아파트명":"대덕트윈빌",
            "투자타입":"일반",
            "전용면적(m2)":"73.62",
            "전용면적(평)":"22평",
            "법정동주소":"서울시 금천구 독산동 1028",
            "도로명주소":"서울시 금천구 시흥대로112길 6",
            "세대수":0,
            "입주년차":20,
            "용적률점수":"--",
            "건폐율점수":"--",
            "세대당주차수":30,
            "난방방식":30,
            "공급면적":"--",
            "전용률":"--",
            "욕실수":50,
            "현관타입":10,
            "주거총점":17.5,
            "지역구공급총점":100.0,
            "역세권":80,
            "30분내 이동가능 거점":60,
            "1시간내 이동가능 거점":100,
            "교통총점":78.0,
            "백화점":0,
            "아울렛몰":100,
            "대형마트":100,
            "은행":100,
            "병원":0,
            "종합병원":100,
            "공원":100,
            "혐오시설":-50,
            "인프라총점":57.0,
            "초등학군":89.99,
            "중학군":39.82,
            "학군총점":49.854,
            "인구수":25.76,
            "인구증감":1.81,
            "인구총점":18.575,
            "일자리":26.06,
            "소득수준":59.25,
            "일자리총점":36.017,
            "가치 총점":55.3781,
            "매매실거래년":20210814.0,
            "매매실거래가":73500.0,
            "전세실거래년":20210626.0,
            "전세실거래가":30000.0,
            "전세가율":60.61,
            "장기전세가율평균":68.88,
            "전세가율거품지수":8.27,
            "검색코드":8831,
            "세대수":125.0,
            "준공년월":"2002-06-12",
            "준공년차":21.0,
            "가까운역이름":"신독산 (2024년 예정)",
            "가까운역거리":109.88,
            "역세권여부":"역세권",
            "30분이내주요거점역":3,
            "30분거점역이름":"['여의도', '가산디지털단지', '구로디지털단지']",
            "1시간이내주요거점역":15,
            "1시간거점역이름":"['강남', '역삼', '잠실', '여의도', '을지로3가', '양재', '평촌', '가산디지털단지', '왕십리', '홍대입구', '수원', '구로디지털단지', '명동', '마곡', 'GTX킨텍스(2023년)']",
            "3km이내백화점수":0,
            "5km이내아울렛몰수":2,
            "1km이내대형먀트수":2,
            "500m이내은행수":7,
            "500m이내병원수":0,
            "5km이내대형병원수":9,
            "500m이내공원수":4,
            "3km이내혐오시설수":1,
            "초등학교학업성취도":89.99,
            "중학교학업성취도":65.3,
            "용적률":295,
            "건폐율":35,
            "Y":37.46758,
            "X":126.89898,
            "rank":28.0,
            "area_info":"22평(73.62), 26평(89.01), 26평(89.01), 30평(99.53), 36평(120.12), 38평(127.25)",
            "last_sales":"2021-08-14,73500.0,36평(120.12)",
            "rank_history":[
                [
                    "202203",
                    28
                ],
                [
                    "202202",
                    27
                ],
                [
                    "202201",
                    25
                ]
            ],
            "rank_gap":-1
        },
        {
            "index":61,
            "아파트명":"계룡",
            "투자타입":"일반",
            "전용면적(m2)":"87.26",
            "전용면적(평)":"26평",
            "법정동주소":"서울시 금천구 독산동 332-14",
            "도로명주소":"서울시 금천구 범안로15길 7",
            "세대수":0,
            "입주년차":0,
            "용적률점수":"--",
            "건폐율점수":"--",
            "세대당주차수":0,
            "난방방식":30,
            "공급면적":"--",
            "전용률":"--",
            "욕실수":50,
            "현관타입":10,
            "주거총점":9.0,
            "지역구공급총점":100.0,
            "역세권":80,
            "30분내 이동가능 거점":80,
            "1시간내 이동가능 거점":100,
            "교통총점":84.0,
            "백화점":0,
            "아울렛몰":100,
            "대형마트":100,
            "은행":70,
            "병원":0,
            "종합병원":100,
            "공원":100,
            "혐오시설":-50,
            "인프라총점":54.0,
            "초등학군":90.01,
            "중학군":39.82,
            "학군총점":49.858,
            "인구수":25.76,
            "인구증감":1.81,
            "인구총점":18.575,
            "일자리":26.06,
            "소득수준":59.25,
            "일자리총점":36.017,
            "가치 총점":54.8787,
            "매매실거래년":20210830.0,
            "매매실거래가":58000.0,
            "전세실거래년":20220219.0,
            "전세실거래가":40000.0,
            "전세가율":68.97,
            "장기전세가율평균":68.88,
            "전세가율거품지수":-0.09,
            "검색코드":3226,
            "세대수":154.0,
            "준공년월":"1998-09-24",
            "준공년차":25.0,
            "가까운역이름":"독산",
            "가까운역거리":317.57,
            "역세권여부":"역세권",
            "30분이내주요거점역":4,
            "30분거점역이름":"['여의도', '가산디지털단지', '홍대입구', '구로디지털단지']",
            "1시간이내주요거점역":17,
            "1시간거점역이름":"['강남', '역삼', '잠실', '여의도', '을지로3가', '양재', '수원시청', '평촌', '가산디지털단지', '왕십리', '홍대입구', '수원', '구로디지털단지', '명동', '안산', '마곡', 'GTX킨텍스(2023년)']",
            "3km이내백화점수":0,
            "5km이내아울렛몰수":3,
            "1km이내대형먀트수":2,
            "500m이내은행수":4,
            "500m이내병원수":0,
            "5km이내대형병원수":9,
            "500m이내공원수":2,
            "3km이내혐오시설수":1,
            "초등학교학업성취도":90.01,
            "중학교학업성취도":65.3,
            "용적률":362,
            "건폐율":24,
            "Y":37.46694,
            "X":126.892864,
            "rank":29.0,
            "area_info":"26평(87.26), 33평(110.64)",
            "last_sales":"2021-08-30,58000.0,26평(87.26)",
            "rank_history":[
                [
                    "202203",
                    29
                ],
                [
                    "202202",
                    26
                ],
                [
                    "202201",
                    26
                ]
            ],
            "rank_gap":-3
        },
        {
            "index":290,
            "아파트명":"시흥베르빌",
            "투자타입":"일반",
            "전용면적(m2)":"69.88",
            "전용면적(평)":"21평",
            "법정동주소":"서울시 금천구 시흥동 1015",
            "도로명주소":"서울시 금천구 시흥대로77길 23",
            "세대수":0,
            "입주년차":40,
            "용적률점수":"--",
            "건폐율점수":"--",
            "세대당주차수":30,
            "난방방식":30,
            "공급면적":"--",
            "전용률":"--",
            "욕실수":50,
            "현관타입":100,
            "주거총점":30.5,
            "지역구공급총점":100.0,
            "역세권":80,
            "30분내 이동가능 거점":60,
            "1시간내 이동가능 거점":100,
            "교통총점":78.0,
            "백화점":0,
            "아울렛몰":100,
            "대형마트":100,
            "은행":0,
            "병원":0,
            "종합병원":100,
            "공원":100,
            "혐오시설":-50,
            "인프라총점":47.0,
            "초등학군":89.99,
            "중학군":38.88,
            "학군총점":49.102,
            "인구수":25.76,
            "인구증감":1.81,
            "인구총점":18.575,
            "일자리":26.06,
            "소득수준":59.25,
            "일자리총점":36.017,
            "가치 총점":54.8653,
            "매매실거래년":20210529.0,
            "매매실거래가":87000.0,
            "전세실거래년":null,
            "전세실거래가":null,
            "전세가율":null,
            "장기전세가율평균":68.88,
            "전세가율거품지수":null,
            "검색코드":11981,
            "세대수":229.0,
            "준공년월":"2004-05-25",
            "준공년차":19.0,
            "가까운역이름":"시흥사거리 (2024년 예정)",
            "가까운역거리":405.25,
            "역세권여부":"역세권",
            "30분이내주요거점역":3,
            "30분거점역이름":"['여의도', '가산디지털단지', '구로디지털단지']",
            "1시간이내주요거점역":13,
            "1시간거점역이름":"['강남', '역삼', '잠실', '여의도', '양재', '수원시청', '평촌', '가산디지털단지', '왕십리', '수원', '구로디지털단지', '명동', '마곡']",
            "3km이내백화점수":0,
            "5km이내아울렛몰수":3,
            "1km이내대형먀트수":2,
            "500m이내은행수":1,
            "500m이내병원수":0,
            "5km이내대형병원수":8,
            "500m이내공원수":4,
            "3km이내혐오시설수":1,
            "초등학교학업성취도":89.99,
            "중학교학업성취도":64.8,
            "용적률":293,
            "건폐율":23,
            "Y":37.45793,
            "X":126.897756,
            "rank":30.0,
            "area_info":"21평(69.88), 23평(76.05), 26평(86.33), 31평(103.74), 32평(108.85)",
            "last_sales":"2021-05-29,87000.0,32평(108.85)",
            "rank_history":[
                [
                    "202203",
                    30
                ],
                [
                    "202202",
                    18
                ],
                [
                    "202201",
                    15
                ]
            ],
            "rank_gap":-12
        },
        {
            "index":288,
            "아파트명":"시흥목련",
            "투자타입":"일반",
            "전용면적(m2)":"81.03",
            "전용면적(평)":"24평",
            "법정동주소":"서울시 금천구 시흥동 1009",
            "도로명주소":"서울시 금천구 금하로3길 26",
            "세대수":0,
            "입주년차":0,
            "용적률점수":"--",
            "건폐율점수":"--",
            "세대당주차수":0,
            "난방방식":30,
            "공급면적":"--",
            "전용률":"--",
            "욕실수":50,
            "현관타입":100,
            "주거총점":18.0,
            "지역구공급총점":100.0,
            "역세권":80,
            "30분내 이동가능 거점":60,
            "1시간내 이동가능 거점":100,
            "교통총점":78.0,
            "백화점":0,
            "아울렛몰":100,
            "대형마트":100,
            "은행":70,
            "병원":0,
            "종합병원":100,
            "공원":100,
            "혐오시설":0,
            "인프라총점":55.0,
            "초등학군":89.99,
            "중학군":38.88,
            "학군총점":49.102,
            "인구수":25.76,
            "인구증감":1.81,
            "인구총점":18.575,
            "일자리":26.06,
            "소득수준":59.25,
            "일자리총점":36.017,
            "가치 총점":54.7653,
            "매매실거래년":20220118.0,
            "매매실거래가":65500.0,
            "전세실거래년":null,
            "전세실거래가":null,
            "전세가율":null,
            "장기전세가율평균":68.88,
            "전세가율거품지수":null,
            "검색코드":1084,
            "세대수":173.0,
            "준공년월":"1996-09-14",
            "준공년차":27.0,
            "가까운역이름":"시흥사거리 (2024년 예정)",
            "가까운역거리":230.26,
            "역세권여부":"역세권",
            "30분이내주요거점역":3,
            "30분거점역이름":"['가산디지털단지', '구로디지털단지', '명동']",
            "1시간이내주요거점역":14,
            "1시간거점역이름":"['강남', '역삼', '잠실', '여의도', '양재', '수원시청', '평촌', '가산디지털단지', '왕십리', '홍대입구', '수원', '구로디지털단지', '명동', '마곡']",
            "3km이내백화점수":0,
            "5km이내아울렛몰수":3,
            "1km이내대형먀트수":3,
            "500m이내은행수":4,
            "500m이내병원수":0,
            "5km이내대형병원수":8,
            "500m이내공원수":2,
            "3km이내혐오시설수":0,
            "초등학교학업성취도":89.99,
            "중학교학업성취도":64.8,
            "용적률":193,
            "건폐율":29,
            "Y":37.454495,
            "X":126.897535,
            "rank":31.0,
            "area_info":"24평(81.03), 24평(82.15)",
            "last_sales":"2022-01-18,65500.0,24평(82.15)",
            "rank_history":[
                [
                    "202203",
                    31
                ],
                [
                    "202202",
                    20
                ],
                [
                    "202201",
                    19
                ]
            ],
            "rank_gap":-11
        },
        {
            "index":94,
            "아파트명":"독산현대",
            "투자타입":"일반",
            "전용면적(m2)":"79.12",
            "전용면적(평)":"23평",
            "법정동주소":"서울시 금천구 독산동 293-10",
            "도로명주소":"서울시 금천구 범안로17길 12",
            "세대수":0,
            "입주년차":20,
            "용적률점수":"--",
            "건폐율점수":"--",
            "세대당주차수":0,
            "난방방식":30,
            "공급면적":"--",
            "전용률":"--",
            "욕실수":50,
            "현관타입":10,
            "주거총점":13.0,
            "지역구공급총점":100.0,
            "역세권":80,
            "30분내 이동가능 거점":60,
            "1시간내 이동가능 거점":100,
            "교통총점":78.0,
            "백화점":0,
            "아울렛몰":100,
            "대형마트":100,
            "은행":100,
            "병원":0,
            "종합병원":100,
            "공원":100,
            "혐오시설":-50,
            "인프라총점":57.0,
            "초등학군":90.01,
            "중학군":39.82,
            "학군총점":49.858,
            "인구수":25.76,
            "인구증감":1.81,
            "인구총점":18.575,
            "일자리":26.06,
            "소득수준":59.25,
            "일자리총점":36.017,
            "가치 총점":54.4787,
            "매매실거래년":20220105.0,
            "매매실거래가":59800.0,
            "전세실거래년":20220220.0,
            "전세실거래가":27300.0,
            "전세가율":45.65,
            "장기전세가율평균":68.88,
            "전세가율거품지수":23.23,
            "검색코드":163,
            "세대수":214.0,
            "준공년월":"1999-08-20",
            "준공년차":24.0,
            "가까운역이름":"신독산 (2024년 예정)",
            "가까운역거리":290.83,
            "역세권여부":"역세권",
            "30분이내주요거점역":3,
            "30분거점역이름":"['여의도', '가산디지털단지', '구로디지털단지']",
            "1시간이내주요거점역":15,
            "1시간거점역이름":"['강남', '역삼', '잠실', '여의도', '을지로3가', '양재', '수원시청', '평촌', '가산디지털단지', '홍대입구', '수원', '구로디지털단지', '명동', '마곡', 'GTX킨텍스(2023년)']",
            "3km이내백화점수":0,
            "5km이내아울렛몰수":2,
            "1km이내대형먀트수":2,
            "500m이내은행수":5,
            "500m이내병원수":0,
            "5km이내대형병원수":9,
            "500m이내공원수":2,
            "3km이내혐오시설수":1,
            "초등학교학업성취도":90.01,
            "중학교학업성취도":65.3,
            "용적률":331,
            "건폐율":35,
            "Y":37.467688,
            "X":126.894786,
            "rank":32.0,
            "area_info":"23평(79.12), 34평(112.82)",
            "last_sales":"2022-01-05,59800.0,23평(79.12)",
            "rank_history":[
                [
                    "202203",
                    32
                ],
                [
                    "202202",
                    31
                ],
                [
                    "202201",
                    27
                ]
            ],
            "rank_gap":-1
        },
        {
            "index":237,
            "아파트명":"무지개",
            "투자타입":"재건축",
            "전용면적(m2)":"58.31",
            "전용면적(평)":"17평",
            "법정동주소":"서울시 금천구 시흥동 109-1",
            "도로명주소":"서울시 금천구 시흥대로73길 11",
            "세대수":50,
            "입주년차":"--",
            "용적률점수":0,
            "건폐율점수":0,
            "세대당주차수":"--",
            "난방방식":"--",
            "공급면적":50,
            "전용률":100,
            "욕실수":"--",
            "현관타입":"--",
            "주거총점":22.5,
            "지역구공급총점":100.0,
            "역세권":80,
            "30분내 이동가능 거점":60,
            "1시간내 이동가능 거점":100,
            "교통총점":78.0,
            "백화점":0,
            "아울렛몰":100,
            "대형마트":100,
            "은행":20,
            "병원":0,
            "종합병원":100,
            "공원":100,
            "혐오시설":0,
            "인프라총점":50.0,
            "초등학군":89.99,
            "중학군":38.88,
            "학군총점":49.102,
            "인구수":25.76,
            "인구증감":1.81,
            "인구총점":18.575,
            "일자리":26.06,
            "소득수준":59.25,
            "일자리총점":36.017,
            "가치 총점":54.1653,
            "매매실거래년":20211222.0,
            "매매실거래가":90000.0,
            "전세실거래년":20220122.0,
            "전세실거래가":11000.0,
            "전세가율":15.83,
            "장기전세가율평균":68.88,
            "전세가율거품지수":53.05,
            "검색코드":168,
            "세대수":639.0,
            "준공년월":"1980-12-24",
            "준공년차":43.0,
            "가까운역이름":"시흥사거리 (2024년 예정)",
            "가까운역거리":237.59,
            "역세권여부":"역세권",
            "30분이내주요거점역":3,
            "30분거점역이름":"['여의도', '가산디지털단지', '구로디지털단지']",
            "1시간이내주요거점역":14,
            "1시간거점역이름":"['강남', '역삼', '여의도', '을지로3가', '양재', '수원시청', '평촌', '가산디지털단지', '홍대입구', '수원', '구로디지털단지', '명동', '안산', '마곡']",
            "3km이내백화점수":0,
            "5km이내아울렛몰수":3,
            "1km이내대형먀트수":2,
            "500m이내은행수":2,
            "500m이내병원수":0,
            "5km이내대형병원수":8,
            "500m이내공원수":4,
            "3km이내혐오시설수":0,
            "초등학교학업성취도":89.99,
            "중학교학업성취도":64.8,
            "용적률":0,
            "건폐율":0,
            "Y":37.456669,
            "X":126.898803,
            "rank":33.0,
            "area_info":"17평(58.31), 17평(58.32), 17평(58.41), 17평(58.45), 22평(73.75), 22평(73.42), 22평(73.42), 27평(92.07), 28평(92.66), 27평(92.13), 28평(92.62), 27평(92.16), 28평(92.64), 27평(92.23), 28평(93.22), 28평(93.22)",
            "last_sales":"2021-12-22,90000.0,28평(93.22)",
            "rank_history":[
                [
                    "202203",
                    33
                ],
                [
                    "202202",
                    16
                ],
                [
                    "202201",
                    12
                ]
            ],
            "rank_gap":-17
        },
        {
            "index":136,
            "아파트명":"진도3차",
            "투자타입":"일반",
            "전용면적(m2)":"80.23",
            "전용면적(평)":"24평",
            "법정동주소":"서울시 금천구 독산동 1136",
            "도로명주소":"서울시 금천구 범안로17길 41",
            "세대수":0,
            "입주년차":20,
            "용적률점수":"--",
            "건폐율점수":"--",
            "세대당주차수":0,
            "난방방식":30,
            "공급면적":"--",
            "전용률":"--",
            "욕실수":50,
            "현관타입":10,
            "주거총점":13.0,
            "지역구공급총점":100.0,
            "역세권":80,
            "30분내 이동가능 거점":60,
            "1시간내 이동가능 거점":100,
            "교통총점":78.0,
            "백화점":0,
            "아울렛몰":100,
            "대형마트":80,
            "은행":100,
            "병원":0,
            "종합병원":100,
            "공원":100,
            "혐오시설":-50,
            "인프라총점":54.0,
            "초등학군":90.01,
            "중학군":39.82,
            "학군총점":49.858,
            "인구수":25.76,
            "인구증감":1.81,
            "인구총점":18.575,
            "일자리":26.06,
            "소득수준":59.25,
            "일자리총점":36.017,
            "가치 총점":53.5787,
            "매매실거래년":20210309.0,
            "매매실거래가":60000.0,
            "전세실거래년":20211221.0,
            "전세실거래가":28500.0,
            "전세가율":47.5,
            "장기전세가율평균":68.88,
            "전세가율거품지수":21.38,
            "검색코드":3231,
            "세대수":245.0,
            "준공년월":"1999-12-17",
            "준공년차":24.0,
            "가까운역이름":"신독산 (2024년 예정)",
            "가까운역거리":413.81,
            "역세권여부":"역세권",
            "30분이내주요거점역":3,
            "30분거점역이름":"['여의도', '가산디지털단지', '구로디지털단지']",
            "1시간이내주요거점역":15,
            "1시간거점역이름":"['강남', '역삼', '잠실', '여의도', '을지로3가', '양재', '수원시청', '평촌', '가산디지털단지', '홍대입구', '수원', '구로디지털단지', '명동', '마곡', 'GTX킨텍스(2023년)']",
            "3km이내백화점수":0,
            "5km이내아울렛몰수":2,
            "1km이내대형먀트수":1,
            "500m이내은행수":5,
            "500m이내병원수":0,
            "5km이내대형병원수":9,
            "500m이내공원수":2,
            "3km이내혐오시설수":1,
            "초등학교학업성취도":90.01,
            "중학교학업성취도":65.3,
            "용적률":316,
            "건폐율":29,
            "Y":37.468467,
            "X":126.893339,
            "rank":34.0,
            "area_info":"24평(80.23), 32평(107.77)",
            "last_sales":"2021-03-09,60000.0,24평(80.23)",
            "rank_history":[
                [
                    "202203",
                    34
                ],
                [
                    "202202",
                    23
                ],
                [
                    "202201",
                    18
                ]
            ],
            "rank_gap":-11
        },
        {
            "index":82,
            "아파트명":"독산동아",
            "투자타입":"일반",
            "전용면적(m2)":"78.31",
            "전용면적(평)":"23평",
            "법정동주소":"서울시 금천구 독산동 183-1",
            "도로명주소":"서울시 금천구 독산로78다길 52",
            "세대수":0,
            "입주년차":0,
            "용적률점수":"--",
            "건폐율점수":"--",
            "세대당주차수":0,
            "난방방식":30,
            "공급면적":"--",
            "전용률":"--",
            "욕실수":50,
            "현관타입":10,
            "주거총점":9.0,
            "지역구공급총점":100.0,
            "역세권":50,
            "30분내 이동가능 거점":40,
            "1시간내 이동가능 거점":100,
            "교통총점":57.0,
            "백화점":100,
            "아울렛몰":100,
            "대형마트":80,
            "은행":0,
            "병원":0,
            "종합병원":100,
            "공원":100,
            "혐오시설":0,
            "인프라총점":75.0,
            "초등학군":89.97,
            "중학군":37.32,
            "학군총점":47.85,
            "인구수":25.76,
            "인구증감":1.81,
            "인구총점":18.575,
            "일자리":26.06,
            "소득수준":59.25,
            "일자리총점":36.017,
            "가치 총점":51.4275,
            "매매실거래년":20210911.0,
            "매매실거래가":45000.0,
            "전세실거래년":20210522.0,
            "전세실거래가":30000.0,
            "전세가율":66.67,
            "장기전세가율평균":68.88,
            "전세가율거품지수":2.21,
            "검색코드":1079,
            "세대수":106.0,
            "준공년월":"1997-08-19",
            "준공년차":26.0,
            "가까운역이름":"신독산 (2024년 예정)",
            "가까운역거리":759.3,
            "역세권여부":"준역세권",
            "30분이내주요거점역":2,
            "30분거점역이름":"['가산디지털단지', '구로디지털단지']",
            "1시간이내주요거점역":12,
            "1시간거점역이름":"['강남', '역삼', '잠실', '여의도', '을지로3가', '양재', '평촌', '가산디지털단지', '홍대입구', '구로디지털단지', '명동', '마곡']",
            "3km이내백화점수":1,
            "5km이내아울렛몰수":2,
            "1km이내대형먀트수":1,
            "500m이내은행수":0,
            "500m이내병원수":0,
            "5km이내대형병원수":10,
            "500m이내공원수":9,
            "3km이내혐오시설수":0,
            "초등학교학업성취도":89.97,
            "중학교학업성취도":61.6,
            "용적률":287,
            "건폐율":27,
            "Y":37.469966,
            "X":126.906329,
            "rank":35.0,
            "area_info":"23평(78.31), 29평(97.42), 33평(110.84)",
            "last_sales":"2021-09-11,45000.0,23평(78.31)",
            "rank_history":[
                [
                    "202203",
                    35
                ],
                [
                    "202202",
                    39
                ],
                [
                    "202201",
                    39
                ]
            ],
            "rank_gap":4
        },
        {
            "index":263,
            "아파트명":"백운한비치Ⅱ",
            "투자타입":"일반",
            "전용면적(m2)":"75.09",
            "전용면적(평)":"22평",
            "법정동주소":"서울시 금천구 시흥동 1018",
            "도로명주소":"서울시 금천구 금하로23길 52",
            "세대수":0,
            "입주년차":40,
            "용적률점수":"--",
            "건폐율점수":"--",
            "세대당주차수":30,
            "난방방식":30,
            "공급면적":"--",
            "전용률":"--",
            "욕실수":100,
            "현관타입":100,
            "주거총점":35.5,
            "지역구공급총점":100.0,
            "역세권":50,
            "30분내 이동가능 거점":40,
            "1시간내 이동가능 거점":100,
            "교통총점":57.0,
            "백화점":0,
            "아울렛몰":100,
            "대형마트":100,
            "은행":0,
            "병원":0,
            "종합병원":100,
            "공원":100,
            "혐오시설":0,
            "인프라총점":48.0,
            "초등학군":90.03,
            "중학군":48.46,
            "학군총점":56.774,
            "인구수":25.76,
            "인구증감":1.81,
            "인구총점":18.575,
            "일자리":26.06,
            "소득수준":59.25,
            "일자리총점":36.017,
            "가치 총점":49.9661,
            "매매실거래년":20201219.0,
            "매매실거래가":58000.0,
            "전세실거래년":20200611.0,
            "전세실거래가":34400.0,
            "전세가율":66.15,
            "장기전세가율평균":68.88,
            "전세가율거품지수":2.73,
            "검색코드":25869,
            "세대수":112.0,
            "준공년월":"2008-01-15",
            "준공년차":15.0,
            "가까운역이름":"시흥사거리 (2024년 예정)",
            "가까운역거리":849.25,
            "역세권여부":"준역세권",
            "30분이내주요거점역":2,
            "30분거점역이름":"['가산디지털단지', '구로디지털단지']",
            "1시간이내주요거점역":10,
            "1시간거점역이름":"['강남', '역삼', '여의도', '을지로3가', '평촌', '가산디지털단지', '홍대입구', '수원', '구로디지털단지', '마곡']",
            "3km이내백화점수":0,
            "5km이내아울렛몰수":3,
            "1km이내대형먀트수":2,
            "500m이내은행수":1,
            "500m이내병원수":0,
            "5km이내대형병원수":8,
            "500m이내공원수":4,
            "3km이내혐오시설수":0,
            "초등학교학업성취도":90.03,
            "중학교학업성취도":80.1,
            "용적률":226,
            "건폐율":26,
            "Y":37.453517,
            "X":126.909598,
            "rank":36.0,
            "area_info":"22평(75.09), 27평(92.24), 32평(106.65), 32평(106.76), 32평(106.45)",
            "last_sales":"2020-12-19,58000.0,32평(106.45)",
            "rank_history":[
                [
                    "202203",
                    36
                ],
                [
                    "202202",
                    40
                ],
                [
                    "202201",
                    42
                ]
            ],
            "rank_gap":4
        },
        {
            "index":0,
            "아파트명":"G밸리페트라힐스(도시형)",
            "투자타입":"일반",
            "전용면적(m2)":"19.45",
            "전용면적(평)":"5평",
            "법정동주소":"서울시 금천구 가산동 139-15",
            "도로명주소":"서울시 금천구 디지털로 207",
            "세대수":0,
            "입주년차":100,
            "용적률점수":"--",
            "건폐율점수":"--",
            "세대당주차수":0,
            "난방방식":30,
            "공급면적":"--",
            "전용률":"--",
            "욕실수":50,
            "현관타입":10,
            "주거총점":29.0,
            "지역구공급총점":100.0,
            "역세권":50,
            "30분내 이동가능 거점":60,
            "1시간내 이동가능 거점":100,
            "교통총점":63.0,
            "백화점":0,
            "아울렛몰":100,
            "대형마트":80,
            "은행":70,
            "병원":0,
            "종합병원":100,
            "공원":0,
            "혐오시설":0,
            "인프라총점":49.0,
            "초등학군":89.98,
            "중학군":38.52,
            "학군총점":48.812,
            "인구수":25.76,
            "인구증감":1.81,
            "인구총점":18.575,
            "일자리":26.06,
            "소득수준":59.25,
            "일자리총점":36.017,
            "가치 총점":49.8718,
            "매매실거래년":"18000101",
            "매매실거래가":null,
            "전세실거래년":null,
            "전세실거래가":null,
            "전세가율":null,
            "장기전세가율평균":68.88,
            "전세가율거품지수":null,
            "검색코드":127127,
            "세대수":142.0,
            "준공년월":"2020-11-02",
            "준공년차":3.0,
            "가까운역이름":"가산디지털단지",
            "가까운역거리":640.24,
            "역세권여부":"준역세권",
            "30분이내주요거점역":3,
            "30분거점역이름":"['여의도', '가산디지털단지', '구로디지털단지']",
            "1시간이내주요거점역":17,
            "1시간거점역이름":"['강남', '역삼', '잠실', '판교', '여의도', '을지로3가', '양재', '수원시청', '평촌', '가산디지털단지', '왕십리', '홍대입구', '수원', '구로디지털단지', '명동', '마곡', 'GTX킨텍스(2023년)']",
            "3km이내백화점수":0,
            "5km이내아울렛몰수":2,
            "1km이내대형먀트수":1,
            "500m이내은행수":4,
            "500m이내병원수":0,
            "5km이내대형병원수":11,
            "500m이내공원수":0,
            "3km이내혐오시설수":0,
            "초등학교학업성취도":89.98,
            "중학교학업성취도":63.8,
            "용적률":599,
            "건폐율":52,
            "Y":37.479048,
            "X":126.889161,
            "rank":37.0,
            "area_info":"5평(19.45), 11평(39.16)",
            "last_sales":"1800-01-01,nan,5평(19.45)",
            "rank_history":[
                [
                    "202203",
                    37
                ],
                [
                    "202202",
                    29
                ],
                [
                    "202201",
                    29
                ]
            ],
            "rank_gap":-8
        },
        {
            "index":70,
            "아파트명":"금천이랜드해가든",
            "투자타입":"일반",
            "전용면적(m2)":"109.12",
            "전용면적(평)":"33평",
            "법정동주소":"서울시 금천구 독산동 1143",
            "도로명주소":"서울시 금천구 벚꽃로6길 3",
            "세대수":0,
            "입주년차":40,
            "용적률점수":"--",
            "건폐율점수":"--",
            "세대당주차수":30,
            "난방방식":30,
            "공급면적":"--",
            "전용률":"--",
            "욕실수":100,
            "현관타입":100,
            "주거총점":35.5,
            "지역구공급총점":100.0,
            "역세권":50,
            "30분내 이동가능 거점":40,
            "1시간내 이동가능 거점":100,
            "교통총점":57.0,
            "백화점":0,
            "아울렛몰":100,
            "대형마트":100,
            "은행":0,
            "병원":0,
            "종합병원":100,
            "공원":100,
            "혐오시설":-50,
            "인프라총점":47.0,
            "초등학군":89.99,
            "중학군":47.04,
            "학군총점":55.63,
            "인구수":25.76,
            "인구증감":1.81,
            "인구총점":18.575,
            "일자리":26.06,
            "소득수준":59.25,
            "일자리총점":36.017,
            "가치 총점":49.4945,
            "매매실거래년":20210209.0,
            "매매실거래가":86800.0,
            "전세실거래년":20220221.0,
            "전세실거래가":40950.0,
            "전세가율":47.18,
            "장기전세가율평균":68.88,
            "전세가율거품지수":21.7,
            "검색코드":26362,
            "세대수":187.0,
            "준공년월":"2008-04-21",
            "준공년차":15.0,
            "가까운역이름":"금천구청",
            "가까운역거리":548.23,
            "역세권여부":"준역세권",
            "30분이내주요거점역":2,
            "30분거점역이름":"['가산디지털단지', '구로디지털단지']",
            "1시간이내주요거점역":13,
            "1시간거점역이름":"['강남', '역삼', '여의도', '을지로3가', '양재', '수원시청', '평촌', '가산디지털단지', '홍대입구', '수원', '구로디지털단지', '명동', '마곡']",
            "3km이내백화점수":0,
            "5km이내아울렛몰수":3,
            "1km이내대형먀트수":2,
            "500m이내은행수":0,
            "500m이내병원수":0,
            "5km이내대형병원수":9,
            "500m이내공원수":2,
            "3km이내혐오시설수":1,
            "초등학교학업성취도":89.99,
            "중학교학업성취도":78.4,
            "용적률":255,
            "건폐율":15,
            "Y":37.461092,
            "X":126.892894,
            "rank":38.0,
            "area_info":"33평(109.12), 33평(109.84), 33평(110.22), 34평(114.65)",
            "last_sales":"2021-02-09,86800.0,33평(109.12)",
            "rank_history":[
                [
                    "202203",
                    38
                ],
                [
                    "202202",
                    30
                ],
                [
                    "202201",
                    31
                ]
            ],
            "rank_gap":-8
        },
        {
            "index":132,
            "아파트명":"진도",
            "투자타입":"일반",
            "전용면적(m2)":"80.13",
            "전용면적(평)":"24평",
            "법정동주소":"서울시 금천구 독산동 1002",
            "도로명주소":"서울시 금천구 벚꽃로18길 36",
            "세대수":0,
            "입주년차":0,
            "용적률점수":"--",
            "건폐율점수":"--",
            "세대당주차수":30,
            "난방방식":30,
            "공급면적":"--",
            "전용률":"--",
            "욕실수":50,
            "현관타입":10,
            "주거총점":13.5,
            "지역구공급총점":100.0,
            "역세권":80,
            "30분내 이동가능 거점":40,
            "1시간내 이동가능 거점":100,
            "교통총점":72.0,
            "백화점":0,
            "아울렛몰":100,
            "대형마트":80,
            "은행":20,
            "병원":0,
            "종합병원":100,
            "공원":80,
            "혐오시설":-50,
            "인프라총점":45.4,
            "초등학군":90.01,
            "중학군":39.82,
            "학군총점":49.858,
            "인구수":25.76,
            "인구증감":1.81,
            "인구총점":18.575,
            "일자리":26.06,
            "소득수준":59.25,
            "일자리총점":36.017,
            "가치 총점":48.9987,
            "매매실거래년":20210807.0,
            "매매실거래가":62500.0,
            "전세실거래년":20220110.0,
            "전세실거래가":24000.0,
            "전세가율":79.73,
            "장기전세가율평균":68.88,
            "전세가율거품지수":-10.85,
            "검색코드":3229,
            "세대수":98.0,
            "준공년월":"1996-06-25",
            "준공년차":27.0,
            "가까운역이름":"독산",
            "가까운역거리":230.32,
            "역세권여부":"역세권",
            "30분이내주요거점역":2,
            "30분거점역이름":"['가산디지털단지', '구로디지털단지']",
            "1시간이내주요거점역":16,
            "1시간거점역이름":"['강남', '역삼', '여의도', '을지로3가', '양재', '수원시청', '평촌', '가산디지털단지', '왕십리', '홍대입구', '수원', '구로디지털단지', '명동', '안산', '마곡', 'GTX킨텍스(2023년)']",
            "3km이내백화점수":0,
            "5km이내아울렛몰수":3,
            "1km이내대형먀트수":1,
            "500m이내은행수":2,
            "500m이내병원수":0,
            "5km이내대형병원수":9,
            "500m이내공원수":1,
            "3km이내혐오시설수":1,
            "초등학교학업성취도":90.01,
            "중학교학업성취도":65.3,
            "용적률":264,
            "건폐율":35,
            "Y":37.467864,
            "X":126.890545,
            "rank":39.0,
            "area_info":"24평(80.13), 34평(113.42)",
            "last_sales":"2021-08-07,62500.0,34평(113.42)",
            "rank_history":[
                [
                    "202203",
                    39
                ],
                [
                    "202202",
                    9999
                ]
            ],
            "rank_gap":9999
        },
        {
            "index":22,
            "아파트명":"두산(772)",
            "투자타입":"일반",
            "전용면적(m2)":"75.59",
            "전용면적(평)":"22평",
            "법정동주소":"서울시 금천구 가산동 772",
            "도로명주소":"서울시 금천구 가산로 106",
            "세대수":0,
            "입주년차":0,
            "용적률점수":"--",
            "건폐율점수":"--",
            "세대당주차수":60,
            "난방방식":30,
            "공급면적":"--",
            "전용률":"--",
            "욕실수":50,
            "현관타입":10,
            "주거총점":18.0,
            "지역구공급총점":100.0,
            "역세권":50,
            "30분내 이동가능 거점":60,
            "1시간내 이동가능 거점":100,
            "교통총점":63.0,
            "백화점":0,
            "아울렛몰":100,
            "대형마트":100,
            "은행":20,
            "병원":0,
            "종합병원":100,
            "공원":100,
            "혐오시설":0,
            "인프라총점":50.0,
            "초등학군":89.98,
            "중학군":38.52,
            "학군총점":48.812,
            "인구수":25.76,
            "인구증감":1.81,
            "인구총점":18.575,
            "일자리":26.06,
            "소득수준":59.25,
            "일자리총점":36.017,
            "가치 총점":47.9718,
            "매매실거래년":20200223.0,
            "매매실거래가":28000.0,
            "전세실거래년":20121204.0,
            "전세실거래가":12000.0,
            "전세가율":75.71,
            "장기전세가율평균":68.88,
            "전세가율거품지수":-6.83,
            "검색코드":10783,
            "세대수":56.0,
            "준공년월":"1998-03-30",
            "준공년차":25.0,
            "가까운역이름":"신독산 (2024년 예정)",
            "가까운역거리":893.2,
            "역세권여부":"준역세권",
            "30분이내주요거점역":3,
            "30분거점역이름":"['여의도', '가산디지털단지', '구로디지털단지']",
            "1시간이내주요거점역":12,
            "1시간거점역이름":"['강남', '역삼', '잠실', '여의도', '을지로3가', '양재', '평촌', '가산디지털단지', '홍대입구', '수원', '구로디지털단지', '마곡']",
            "3km이내백화점수":0,
            "5km이내아울렛몰수":2,
            "1km이내대형먀트수":2,
            "500m이내은행수":2,
            "500m이내병원수":0,
            "5km이내대형병원수":11,
            "500m이내공원수":3,
            "3km이내혐오시설수":0,
            "초등학교학업성취도":89.98,
            "중학교학업성취도":63.8,
            "용적률":336,
            "건폐율":58,
            "Y":37.47546,
            "X":126.89367,
            "rank":40.0,
            "area_info":"22평(75.59), 28평(94.99)",
            "last_sales":"2020-02-23,28000.0,28평(94.99)",
            "rank_history":[
                [
                    "202203",
                    40
                ],
                [
                    "202202",
                    9999
                ]
            ],
            "rank_gap":9999
        },
        {
            "index":11,
            "아파트명":"가산지웰에스테이트2차(도시형)",
            "투자타입":"일반",
            "전용면적(m2)":"21.39",
            "전용면적(평)":"6평",
            "법정동주소":"서울시 금천구 가산동 143-6",
            "도로명주소":"서울시 금천구 가산로9길 12-8",
            "세대수":0,
            "입주년차":80,
            "용적률점수":"--",
            "건폐율점수":"--",
            "세대당주차수":0,
            "난방방식":30,
            "공급면적":"--",
            "전용률":"--",
            "욕실수":50,
            "현관타입":10,
            "주거총점":25.0,
            "지역구공급총점":100.0,
            "역세권":50,
            "30분내 이동가능 거점":40,
            "1시간내 이동가능 거점":100,
            "교통총점":57.0,
            "백화점":0,
            "아울렛몰":100,
            "대형마트":80,
            "은행":70,
            "병원":0,
            "종합병원":100,
            "공원":100,
            "혐오시설":0,
            "인프라총점":52.0,
            "초등학군":89.98,
            "중학군":38.52,
            "학군총점":48.812,
            "인구수":25.76,
            "인구증감":1.81,
            "인구총점":18.575,
            "일자리":26.06,
            "소득수준":59.25,
            "일자리총점":36.017,
            "가치 총점":47.8718,
            "매매실거래년":20211201.0,
            "매매실거래가":17800.0,
            "전세실거래년":20211227.0,
            "전세실거래가":12600.0,
            "전세가율":70.79,
            "장기전세가율평균":68.88,
            "전세가율거품지수":-1.91,
            "검색코드":121177,
            "세대수":238.0,
            "준공년월":"2018-08-29",
            "준공년차":5.0,
            "가까운역이름":"가산디지털단지",
            "가까운역거리":868.14,
            "역세권여부":"준역세권",
            "30분이내주요거점역":2,
            "30분거점역이름":"['가산디지털단지', '구로디지털단지']",
            "1시간이내주요거점역":14,
            "1시간거점역이름":"['강남', '역삼', '잠실', '판교', '여의도', '을지로3가', '양재', '평촌', '가산디지털단지', '홍대입구', '수원', '구로디지털단지', '명동', '마곡']",
            "3km이내백화점수":0,
            "5km이내아울렛몰수":2,
            "1km이내대형먀트수":1,
            "500m이내은행수":3,
            "500m이내병원수":0,
            "5km이내대형병원수":11,
            "500m이내공원수":2,
            "3km이내혐오시설수":0,
            "초등학교학업성취도":89.98,
            "중학교학업성취도":63.8,
            "용적률":386,
            "건폐율":59,
            "Y":37.477427,
            "X":126.890984,
            "rank":41.0,
            "area_info":"6평(21.39), 6평(21.57), 6평(21.39), 6평(22.56)",
            "last_sales":"2021-12-01,17800.0,6평(21.39)",
            "rank_history":[
                [
                    "202203",
                    41
                ],
                [
                    "202202",
                    28
                ],
                [
                    "202201",
                    28
                ]
            ],
            "rank_gap":-13
        },
        {
            "index":37,
            "아파트명":"삼익",
            "투자타입":"일반",
            "전용면적(m2)":"82.97",
            "전용면적(평)":"25평",
            "법정동주소":"서울시 금천구 가산동 234-46",
            "도로명주소":"서울시 금천구 두산로9길 56",
            "세대수":0,
            "입주년차":0,
            "용적률점수":"--",
            "건폐율점수":"--",
            "세대당주차수":30,
            "난방방식":30,
            "공급면적":"--",
            "전용률":"--",
            "욕실수":50,
            "현관타입":10,
            "주거총점":13.5,
            "지역구공급총점":100.0,
            "역세권":50,
            "30분내 이동가능 거점":60,
            "1시간내 이동가능 거점":100,
            "교통총점":63.0,
            "백화점":0,
            "아울렛몰":100,
            "대형마트":80,
            "은행":70,
            "병원":0,
            "종합병원":100,
            "공원":100,
            "혐오시설":0,
            "인프라총점":52.0,
            "초등학군":89.97,
            "중학군":38.52,
            "학군총점":48.81,
            "인구수":25.76,
            "인구증감":1.81,
            "인구총점":18.575,
            "일자리":26.06,
            "소득수준":59.25,
            "일자리총점":36.017,
            "가치 총점":47.6715,
            "매매실거래년":20211007.0,
            "매매실거래가":62000.0,
            "전세실거래년":20211020.0,
            "전세실거래가":34000.0,
            "전세가율":65.76,
            "장기전세가율평균":68.88,
            "전세가율거품지수":3.12,
            "검색코드":160,
            "세대수":210.0,
            "준공년월":"1998-07-21",
            "준공년차":25.0,
            "가까운역이름":"신독산 (2024년 예정)",
            "가까운역거리":686.65,
            "역세권여부":"준역세권",
            "30분이내주요거점역":3,
            "30분거점역이름":"['여의도', '가산디지털단지', '구로디지털단지']",
            "1시간이내주요거점역":12,
            "1시간거점역이름":"['강남', '역삼', '여의도', '을지로3가', '양재', '평촌', '가산디지털단지', '홍대입구', '수원', '구로디지털단지', '명동', '마곡']",
            "3km이내백화점수":0,
            "5km이내아울렛몰수":2,
            "1km이내대형먀트수":1,
            "500m이내은행수":4,
            "500m이내병원수":0,
            "5km이내대형병원수":9,
            "500m이내공원수":3,
            "3km이내혐오시설수":0,
            "초등학교학업성취도":89.97,
            "중학교학업성취도":63.8,
            "용적률":387,
            "건폐율":29,
            "Y":37.473015,
            "X":126.893136,
            "rank":42.0,
            "area_info":"25평(82.97), 29평(97.57)",
            "last_sales":"2021-10-07,62000.0,29평(97.57)",
            "rank_history":[
                [
                    "202203",
                    42
                ],
                [
                    "202202",
                    35
                ],
                [
                    "202201",
                    34
                ]
            ],
            "rank_gap":-7
        },
        {
            "index":96,
            "아파트명":"라이프",
            "투자타입":"일반",
            "전용면적(m2)":"97.3",
            "전용면적(평)":"29평",
            "법정동주소":"서울시 금천구 독산동 1131",
            "도로명주소":"서울시 금천구 벚꽃로 60",
            "세대수":0,
            "입주년차":0,
            "용적률점수":"--",
            "건폐율점수":"--",
            "세대당주차수":0,
            "난방방식":30,
            "공급면적":"--",
            "전용률":"--",
            "욕실수":100,
            "현관타입":100,
            "주거총점":23.0,
            "지역구공급총점":100.0,
            "역세권":50,
            "30분내 이동가능 거점":40,
            "1시간내 이동가능 거점":100,
            "교통총점":57.0,
            "백화점":0,
            "아울렛몰":100,
            "대형마트":100,
            "은행":0,
            "병원":0,
            "종합병원":100,
            "공원":100,
            "혐오시설":-50,
            "인프라총점":47.0,
            "초등학군":89.97,
            "중학군":47.04,
            "학군총점":55.626,
            "인구수":25.76,
            "인구증감":1.81,
            "인구총점":18.575,
            "일자리":26.06,
            "소득수준":59.25,
            "일자리총점":36.017,
            "가치 총점":46.9939,
            "매매실거래년":20210831.0,
            "매매실거래가":60000.0,
            "전세실거래년":20210216.0,
            "전세실거래가":32000.0,
            "전세가율":53.78,
            "장기전세가율평균":68.88,
            "전세가율거품지수":15.1,
            "검색코드":3227,
            "세대수":109.0,
            "준공년월":"1996-03-13",
            "준공년차":27.0,
            "가까운역이름":"금천구청",
            "가까운역거리":559.87,
            "역세권여부":"준역세권",
            "30분이내주요거점역":2,
            "30분거점역이름":"['가산디지털단지', '구로디지털단지']",
            "1시간이내주요거점역":13,
            "1시간거점역이름":"['강남', '역삼', '여의도', '을지로3가', '양재', '수원시청', '평촌', '가산디지털단지', '홍대입구', '수원', '구로디지털단지', '명동', '마곡']",
            "3km이내백화점수":0,
            "5km이내아울렛몰수":3,
            "1km이내대형먀트수":2,
            "500m이내은행수":0,
            "500m이내병원수":0,
            "5km이내대형병원수":9,
            "500m이내공원수":2,
            "3km이내혐오시설수":1,
            "초등학교학업성취도":89.97,
            "중학교학업성취도":78.4,
            "용적률":293,
            "건폐율":28,
            "Y":37.4611,
            "X":126.89218,
            "rank":43.0,
            "area_info":"29평(97.3), 33평(110.34)",
            "last_sales":"2021-08-31,60000.0,33평(110.34)",
            "rank_history":[
                [
                    "202203",
                    43
                ],
                [
                    "202202",
                    36
                ],
                [
                    "202201",
                    35
                ]
            ],
            "rank_gap":-7
        },
        {
            "index":28,
            "아파트명":"비즈트위트바이올렛5차(도시형)",
            "투자타입":"일반",
            "전용면적(m2)":"19.05",
            "전용면적(평)":"5평",
            "법정동주소":"서울시 금천구 가산동 140-36",
            "도로명주소":"서울시 금천구 디지털로12길 15",
            "세대수":0,
            "입주년차":80,
            "용적률점수":"--",
            "건폐율점수":"--",
            "세대당주차수":0,
            "난방방식":30,
            "공급면적":"--",
            "전용률":"--",
            "욕실수":50,
            "현관타입":10,
            "주거총점":25.0,
            "지역구공급총점":100.0,
            "역세권":50,
            "30분내 이동가능 거점":40,
            "1시간내 이동가능 거점":100,
            "교통총점":57.0,
            "백화점":0,
            "아울렛몰":100,
            "대형마트":80,
            "은행":70,
            "병원":0,
            "종합병원":100,
            "공원":0,
            "혐오시설":0,
            "인프라총점":49.0,
            "초등학군":89.98,
            "중학군":38.52,
            "학군총점":48.812,
            "인구수":25.76,
            "인구증감":1.81,
            "인구총점":18.575,
            "일자리":26.06,
            "소득수준":59.25,
            "일자리총점":36.017,
            "가치 총점":46.9718,
            "매매실거래년":20220205.0,
            "매매실거래가":12300.0,
            "전세실거래년":20220219.0,
            "전세실거래가":13000.0,
            "전세가율":105.69,
            "장기전세가율평균":68.88,
            "전세가율거품지수":-36.81,
            "검색코드":105929,
            "세대수":299.0,
            "준공년월":"2014-09-05",
            "준공년차":9.0,
            "가까운역이름":"가산디지털단지",
            "가까운역거리":734.58,
            "역세권여부":"준역세권",
            "30분이내주요거점역":2,
            "30분거점역이름":"['가산디지털단지', '구로디지털단지']",
            "1시간이내주요거점역":14,
            "1시간거점역이름":"['강남', '역삼', '잠실', '판교', '여의도', '을지로3가', '양재', '평촌', '가산디지털단지', '홍대입구', '수원', '구로디지털단지', '명동', '마곡']",
            "3km이내백화점수":0,
            "5km이내아울렛몰수":2,
            "1km이내대형먀트수":1,
            "500m이내은행수":3,
            "500m이내병원수":0,
            "5km이내대형병원수":11,
            "500m이내공원수":0,
            "3km이내혐오시설수":0,
            "초등학교학업성취도":89.98,
            "중학교학업성취도":63.8,
            "용적률":659,
            "건폐율":59,
            "Y":37.478156,
            "X":126.889771,
            "rank":44.0,
            "area_info":"5평(19.05), 5평(19.26), 5평(19.49), 5평(19.36), 6평(20.77), 8평(28.71), 8평(28.65), 8평(29.25), 14평(46.29)",
            "last_sales":"2022-02-05,12300.0,5평(19.05)",
            "rank_history":[
                [
                    "202203",
                    44
                ],
                [
                    "202202",
                    32
                ],
                [
                    "202201",
                    30
                ]
            ],
            "rank_gap":-12
        },
        {
            "index":4,
            "아파트명":"가산지웰에스테이트(도시형)",
            "투자타입":"일반",
            "전용면적(m2)":"20.4",
            "전용면적(평)":"6평",
            "법정동주소":"서울시 금천구 가산동 140-9",
            "도로명주소":"서울시 금천구 가산로 147",
            "세대수":0,
            "입주년차":60,
            "용적률점수":"--",
            "건폐율점수":"--",
            "세대당주차수":0,
            "난방방식":30,
            "공급면적":"--",
            "전용률":"--",
            "욕실수":50,
            "현관타입":50,
            "주거총점":25.0,
            "지역구공급총점":100.0,
            "역세권":50,
            "30분내 이동가능 거점":40,
            "1시간내 이동가능 거점":100,
            "교통총점":57.0,
            "백화점":0,
            "아울렛몰":100,
            "대형마트":80,
            "은행":70,
            "병원":0,
            "종합병원":100,
            "공원":0,
            "혐오시설":0,
            "인프라총점":49.0,
            "초등학군":89.98,
            "중학군":38.52,
            "학군총점":48.812,
            "인구수":25.76,
            "인구증감":1.81,
            "인구총점":18.575,
            "일자리":26.06,
            "소득수준":59.25,
            "일자리총점":36.017,
            "가치 총점":46.9718,
            "매매실거래년":20220124.0,
            "매매실거래가":11400.0,
            "전세실거래년":20220204.0,
            "전세실거래가":11000.0,
            "전세가율":96.49,
            "장기전세가율평균":68.88,
            "전세가율거품지수":-27.61,
            "검색코드":107752,
            "세대수":99.0,
            "준공년월":"2013-12-19",
            "준공년차":10.0,
            "가까운역이름":"가산디지털단지",
            "가까운역거리":776.96,
            "역세권여부":"준역세권",
            "30분이내주요거점역":2,
            "30분거점역이름":"['가산디지털단지', '구로디지털단지']",
            "1시간이내주요거점역":16,
            "1시간거점역이름":"['강남', '역삼', '잠실', '판교', '여의도', '을지로3가', '양재', '평촌', '가산디지털단지', '왕십리', '홍대입구', '수원', '구로디지털단지', '명동', '마곡', 'GTX킨텍스(2023년)']",
            "3km이내백화점수":0,
            "5km이내아울렛몰수":2,
            "1km이내대형먀트수":1,
            "500m이내은행수":3,
            "500m이내병원수":0,
            "5km이내대형병원수":11,
            "500m이내공원수":0,
            "3km이내혐오시설수":0,
            "초등학교학업성취도":89.98,
            "중학교학업성취도":63.8,
            "용적률":649,
            "건폐율":59,
            "Y":37.478406,
            "X":126.89049,
            "rank":44.0,
            "area_info":"6평(20.4), 7평(25.58), 7평(26.16), 8평(26.64), 8평(26.65), 8평(27.94), 16평(54.45)",
            "last_sales":"2022-01-24,11400.0,6평(20.4)",
            "rank_history":[
                [
                    "202203",
                    44
                ],
                [
                    "202202",
                    9999
                ]
            ],
            "rank_gap":9999
        },
        {
            "index":134,
            "아파트명":"진도2차",
            "투자타입":"일반",
            "전용면적(m2)":"80.8",
            "전용면적(평)":"24평",
            "법정동주소":"서울시 금천구 독산동 1133",
            "도로명주소":"서울시 금천구 두산로 36",
            "세대수":0,
            "입주년차":0,
            "용적률점수":"--",
            "건폐율점수":"--",
            "세대당주차수":0,
            "난방방식":30,
            "공급면적":"--",
            "전용률":"--",
            "욕실수":50,
            "현관타입":10,
            "주거총점":9.0,
            "지역구공급총점":100.0,
            "역세권":50,
            "30분내 이동가능 거점":60,
            "1시간내 이동가능 거점":100,
            "교통총점":63.0,
            "백화점":0,
            "아울렛몰":100,
            "대형마트":80,
            "은행":70,
            "병원":0,
            "종합병원":100,
            "공원":100,
            "혐오시설":-50,
            "인프라총점":51.0,
            "초등학군":90.01,
            "중학군":39.82,
            "학군총점":49.858,
            "인구수":25.76,
            "인구증감":1.81,
            "인구총점":18.575,
            "일자리":26.06,
            "소득수준":59.25,
            "일자리총점":36.017,
            "가치 총점":46.6287,
            "매매실거래년":20220124.0,
            "매매실거래가":53000.0,
            "전세실거래년":20220205.0,
            "전세실거래가":27300.0,
            "전세가율":51.51,
            "장기전세가율평균":68.88,
            "전세가율거품지수":17.37,
            "검색코드":3230,
            "세대수":154.0,
            "준공년월":"1997-10-17",
            "준공년차":26.0,
            "가까운역이름":"독산",
            "가까운역거리":508.31,
            "역세권여부":"준역세권",
            "30분이내주요거점역":3,
            "30분거점역이름":"['여의도', '가산디지털단지', '구로디지털단지']",
            "1시간이내주요거점역":14,
            "1시간거점역이름":"['강남', '역삼', '여의도', '을지로3가', '양재', '수원시청', '평촌', '가산디지털단지', '홍대입구', '수원', '구로디지털단지', '명동', '마곡', 'GTX킨텍스(2023년)']",
            "3km이내백화점수":0,
            "5km이내아울렛몰수":2,
            "1km이내대형먀트수":1,
            "500m이내은행수":3,
            "500m이내병원수":0,
            "5km이내대형병원수":9,
            "500m이내공원수":3,
            "3km이내혐오시설수":1,
            "초등학교학업성취도":90.01,
            "중학교학업성취도":65.3,
            "용적률":354,
            "건폐율":26,
            "Y":37.470032,
            "X":126.892129,
            "rank":45.0,
            "area_info":"24평(80.8), 34평(113.99)",
            "last_sales":"2022-01-24,53000.0,24평(80.8)",
            "rank_history":[
                [
                    "202203",
                    45
                ],
                [
                    "202202",
                    24
                ],
                [
                    "202201",
                    23
                ]
            ],
            "rank_gap":-21
        },
        {
            "index":2,
            "아파트명":"가산양우내안애애플(도시형)",
            "투자타입":"일반",
            "전용면적(m2)":"21.84",
            "전용면적(평)":"6평",
            "법정동주소":"서울시 금천구 가산동 141-2",
            "도로명주소":"서울시 금천구 남부순환로 1266",
            "세대수":0,
            "입주년차":60,
            "용적률점수":"--",
            "건폐율점수":"--",
            "세대당주차수":0,
            "난방방식":30,
            "공급면적":"--",
            "전용률":"--",
            "욕실수":50,
            "현관타입":10,
            "주거총점":21.0,
            "지역구공급총점":100.0,
            "역세권":50,
            "30분내 이동가능 거점":40,
            "1시간내 이동가능 거점":100,
            "교통총점":57.0,
            "백화점":0,
            "아울렛몰":100,
            "대형마트":80,
            "은행":70,
            "병원":0,
            "종합병원":100,
            "공원":0,
            "혐오시설":0,
            "인프라총점":49.0,
            "초등학군":89.98,
            "중학군":38.52,
            "학군총점":48.812,
            "인구수":25.76,
            "인구증감":1.81,
            "인구총점":18.575,
            "일자리":26.06,
            "소득수준":59.25,
            "일자리총점":36.017,
            "가치 총점":46.1718,
            "매매실거래년":20220204.0,
            "매매실거래가":11300.0,
            "전세실거래년":20211230.0,
            "전세실거래가":12500.0,
            "전세가율":110.62,
            "장기전세가율평균":68.88,
            "전세가율거품지수":-41.74,
            "검색코드":105960,
            "세대수":200.0,
            "준공년월":"2013-09-26",
            "준공년차":10.0,
            "가까운역이름":"가산디지털단지",
            "가까운역거리":821.06,
            "역세권여부":"준역세권",
            "30분이내주요거점역":2,
            "30분거점역이름":"['가산디지털단지', '구로디지털단지']",
            "1시간이내주요거점역":16,
            "1시간거점역이름":"['강남', '역삼', '잠실', '판교', '여의도', '을지로3가', '양재', '평촌', '가산디지털단지', '왕십리', '홍대입구', '수원', '구로디지털단지', '명동', '안산', '마곡']",
            "3km이내백화점수":0,
            "5km이내아울렛몰수":2,
            "1km이내대형먀트수":1,
            "500m이내은행수":3,
            "500m이내병원수":0,
            "5km이내대형병원수":11,
            "500m이내공원수":0,
            "3km이내혐오시설수":0,
            "초등학교학업성취도":89.98,
            "중학교학업성취도":63.8,
            "용적률":648,
            "건폐율":53,
            "Y":37.478855,
            "X":126.891287,
            "rank":46.0,
            "area_info":"6평(21.84), 8평(28.5)",
            "last_sales":"2022-02-04,11300.0,6평(21.84)",
            "rank_history":[
                [
                    "202203",
                    46
                ],
                [
                    "202202",
                    33
                ],
                [
                    "202201",
                    32
                ]
            ],
            "rank_gap":-13
        },
        {
            "index":184,
            "아파트명":"경남",
            "투자타입":"일반",
            "전용면적(m2)":"81.25",
            "전용면적(평)":"24평",
            "법정동주소":"서울시 금천구 시흥동 820-12",
            "도로명주소":"서울시 금천구 독산로 78-1",
            "세대수":0,
            "입주년차":0,
            "용적률점수":"--",
            "건폐율점수":"--",
            "세대당주차수":30,
            "난방방식":30,
            "공급면적":"--",
            "전용률":"--",
            "욕실수":50,
            "현관타입":10,
            "주거총점":13.5,
            "지역구공급총점":100.0,
            "역세권":50,
            "30분내 이동가능 거점":40,
            "1시간내 이동가능 거점":100,
            "교통총점":57.0,
            "백화점":0,
            "아울렛몰":100,
            "대형마트":100,
            "은행":20,
            "병원":0,
            "종합병원":100,
            "공원":100,
            "혐오시설":0,
            "인프라총점":50.0,
            "초등학군":89.98,
            "중학군":38.88,
            "학군총점":49.1,
            "인구수":25.76,
            "인구증감":1.81,
            "인구총점":18.575,
            "일자리":26.06,
            "소득수준":59.25,
            "일자리총점":36.017,
            "가치 총점":45.015,
            "매매실거래년":20220110.0,
            "매매실거래가":64000.0,
            "전세실거래년":20210531.0,
            "전세실거래가":34000.0,
            "전세가율":79.07,
            "장기전세가율평균":68.88,
            "전세가율거품지수":-10.19,
            "검색코드":913,
            "세대수":123.0,
            "준공년월":"1998-12-19",
            "준공년차":25.0,
            "가까운역이름":"시흥사거리 (2024년 예정)",
            "가까운역거리":579.81,
            "역세권여부":"준역세권",
            "30분이내주요거점역":2,
            "30분거점역이름":"['가산디지털단지', '구로디지털단지']",
            "1시간이내주요거점역":12,
            "1시간거점역이름":"['강남', '역삼', '잠실', '여의도', '을지로3가', '양재', '평촌', '가산디지털단지', '홍대입구', '수원', '구로디지털단지', '마곡']",
            "3km이내백화점수":0,
            "5km이내아울렛몰수":3,
            "1km이내대형먀트수":3,
            "500m이내은행수":2,
            "500m이내병원수":0,
            "5km이내대형병원수":8,
            "500m이내공원수":4,
            "3km이내혐오시설수":0,
            "초등학교학업성취도":89.98,
            "중학교학업성취도":64.8,
            "용적률":0,
            "건폐율":0,
            "Y":37.45458,
            "X":126.906677,
            "rank":47.0,
            "area_info":"24평(81.25), 25평(83.53), 32평(107.82), 41평(136.5)",
            "last_sales":"2022-01-10,64000.0,41평(136.5)",
            "rank_history":[
                [
                    "202203",
                    47
                ],
                [
                    "202202",
                    46
                ],
                [
                    "202201",
                    43
                ]
            ],
            "rank_gap":-1
        },
        {
            "index":301,
            "아파트명":"월드메르디앙",
            "투자타입":"일반",
            "전용면적(m2)":"77.35",
            "전용면적(평)":"23평",
            "법정동주소":"서울시 금천구 시흥동 806",
            "도로명주소":"서울시 금천구 독산로36길 36",
            "세대수":0,
            "입주년차":40,
            "용적률점수":"--",
            "건폐율점수":"--",
            "세대당주차수":0,
            "난방방식":30,
            "공급면적":"--",
            "전용률":"--",
            "욕실수":100,
            "현관타입":100,
            "주거총점":31.0,
            "지역구공급총점":100.0,
            "역세권":50,
            "30분내 이동가능 거점":20,
            "1시간내 이동가능 거점":100,
            "교통총점":51.0,
            "백화점":0,
            "아울렛몰":100,
            "대형마트":80,
            "은행":0,
            "병원":0,
            "종합병원":100,
            "공원":100,
            "혐오시설":0,
            "인프라총점":45.0,
            "초등학군":89.97,
            "중학군":35.34,
            "학군총점":46.266,
            "인구수":25.76,
            "인구증감":1.81,
            "인구총점":18.575,
            "일자리":26.06,
            "소득수준":59.25,
            "일자리총점":36.017,
            "가치 총점":44.4899,
            "매매실거래년":20220129.0,
            "매매실거래가":49000.0,
            "전세실거래년":20220225.0,
            "전세실거래가":29400.0,
            "전세가율":60.0,
            "장기전세가율평균":68.88,
            "전세가율거품지수":8.88,
            "검색코드":18549,
            "세대수":202.0,
            "준공년월":"2006-01-03",
            "준공년차":17.0,
            "가까운역이름":"시흥사거리 (2024년 예정)",
            "가까운역거리":837.21,
            "역세권여부":"준역세권",
            "30분이내주요거점역":1,
            "30분거점역이름":"['구로디지털단지']",
            "1시간이내주요거점역":11,
            "1시간거점역이름":"['강남', '역삼', '여의도', '을지로3가', '양재', '평촌', '가산디지털단지', '홍대입구', '수원', '구로디지털단지', '마곡']",
            "3km이내백화점수":0,
            "5km이내아울렛몰수":3,
            "1km이내대형먀트수":1,
            "500m이내은행수":1,
            "500m이내병원수":0,
            "5km이내대형병원수":8,
            "500m이내공원수":9,
            "3km이내혐오시설수":0,
            "초등학교학업성취도":89.97,
            "중학교학업성취도":58.9,
            "용적률":249,
            "건폐율":23,
            "Y":37.459704,
            "X":126.907315,
            "rank":48.0,
            "area_info":"23평(77.35), 23평(77.35), 23평(77.2), 23평(78.03), 32평(106.51)",
            "last_sales":"2022-01-29,49000.0,23평(77.35)",
            "rank_history":[
                [
                    "202203",
                    48
                ],
                [
                    "202202",
                    41
                ],
                [
                    "202201",
                    40
                ]
            ],
            "rank_gap":-7
        },
        {
            "index":179,
            "아파트명":"건영2차",
            "투자타입":"재건축",
            "전용면적(m2)":"57.86",
            "전용면적(평)":"17평",
            "법정동주소":"서울시 금천구 시흥동 384-12",
            "도로명주소":"서울시 금천구 독산로10길 96",
            "세대수":50,
            "입주년차":"--",
            "용적률점수":60,
            "건폐율점수":100,
            "세대당주차수":"--",
            "난방방식":"--",
            "공급면적":50,
            "전용률":60,
            "욕실수":"--",
            "현관타입":"--",
            "주거총점":64.5,
            "지역구공급총점":100.0,
            "역세권":0,
            "30분내 이동가능 거점":20,
            "1시간내 이동가능 거점":100,
            "교통총점":26.0,
            "백화점":0,
            "아울렛몰":100,
            "대형마트":100,
            "은행":0,
            "병원":0,
            "종합병원":100,
            "공원":100,
            "혐오시설":0,
            "인프라총점":48.0,
            "초등학군":90.0,
            "중학군":43.94,
            "학군총점":53.152,
            "인구수":25.76,
            "인구증감":1.81,
            "인구총점":18.575,
            "일자리":26.06,
            "소득수준":59.25,
            "일자리총점":36.017,
            "가치 총점":44.3728,
            "매매실거래년":20211123.0,
            "매매실거래가":72500.0,
            "전세실거래년":20220103.0,
            "전세실거래가":15750.0,
            "전세가율":39.87,
            "장기전세가율평균":68.88,
            "전세가율거품지수":29.01,
            "검색코드":165,
            "세대수":619.0,
            "준공년월":"1989-10-21",
            "준공년차":34.0,
            "가까운역이름":"시흥사거리 (2024년 예정)",
            "가까운역거리":1116.68,
            "역세권여부":"비역세권",
            "30분이내주요거점역":1,
            "30분거점역이름":"['구로디지털단지']",
            "1시간이내주요거점역":10,
            "1시간거점역이름":"['강남', '역삼', '여의도', '평촌', '가산디지털단지', '홍대입구', '수원', '구로디지털단지', '명동', '마곡']",
            "3km이내백화점수":0,
            "5km이내아울렛몰수":3,
            "1km이내대형먀트수":2,
            "500m이내은행수":1,
            "500m이내병원수":0,
            "5km이내대형병원수":5,
            "500m이내공원수":2,
            "3km이내혐오시설수":0,
            "초등학교학업성취도":90.0,
            "중학교학업성취도":72.9,
            "용적률":244,
            "건폐율":17,
            "Y":37.44951,
            "X":126.910865,
            "rank":49.0,
            "area_info":"17평(57.86), 24평(82.2), 25평(85.58), 25평(85.7), 31평(102.69)",
            "last_sales":"2021-11-23,72500.0,31평(102.69)",
            "rank_history":[
                [
                    "202203",
                    49
                ],
                [
                    "202202",
                    37
                ],
                [
                    "202201",
                    36
                ]
            ],
            "rank_gap":-12
        },
        {
            "index":15,
            "아파트명":"가산피어니빌(도시형)",
            "투자타입":"일반",
            "전용면적(m2)":"22.76",
            "전용면적(평)":"6평",
            "법정동주소":"서울시 금천구 가산동 143-20",
            "도로명주소":"서울시 금천구 디지털로12길 37",
            "세대수":0,
            "입주년차":80,
            "용적률점수":"--",
            "건폐율점수":"--",
            "세대당주차수":0,
            "난방방식":30,
            "공급면적":"--",
            "전용률":"--",
            "욕실수":50,
            "현관타입":10,
            "주거총점":25.0,
            "지역구공급총점":100.0,
            "역세권":50,
            "30분내 이동가능 거점":40,
            "1시간내 이동가능 거점":100,
            "교통총점":57.0,
            "백화점":0,
            "아울렛몰":100,
            "대형마트":0,
            "은행":70,
            "병원":0,
            "종합병원":100,
            "공원":80,
            "혐오시설":0,
            "인프라총점":39.4,
            "초등학군":89.98,
            "중학군":38.52,
            "학군총점":48.812,
            "인구수":25.76,
            "인구증감":1.81,
            "인구총점":18.575,
            "일자리":26.06,
            "소득수준":59.25,
            "일자리총점":36.017,
            "가치 총점":44.0918,
            "매매실거래년":20170725.0,
            "매매실거래가":16980.0,
            "전세실거래년":null,
            "전세실거래가":null,
            "전세가율":null,
            "장기전세가율평균":68.88,
            "전세가율거품지수":null,
            "검색코드":118850,
            "세대수":66.0,
            "준공년월":"2017-05-24",
            "준공년차":6.0,
            "가까운역이름":"가산디지털단지",
            "가까운역거리":827.6,
            "역세권여부":"준역세권",
            "30분이내주요거점역":2,
            "30분거점역이름":"['가산디지털단지', '구로디지털단지']",
            "1시간이내주요거점역":14,
            "1시간거점역이름":"['강남', '역삼', '잠실', '여의도', '을지로3가', '양재', '평촌', '가산디지털단지', '홍대입구', '수원', '구로디지털단지', '명동', '안산', '마곡']",
            "3km이내백화점수":0,
            "5km이내아울렛몰수":2,
            "1km이내대형먀트수":0,
            "500m이내은행수":3,
            "500m이내병원수":0,
            "5km이내대형병원수":11,
            "500m이내공원수":1,
            "3km이내혐오시설수":0,
            "초등학교학업성취도":89.98,
            "중학교학업성취도":63.8,
            "용적률":367,
            "건폐율":58,
            "Y":37.477273,
            "X":126.890307,
            "rank":50.0,
            "area_info":"6평(22.76), 6평(22.91), 7평(23.83), 7평(23.45), 7평(23.55), 10평(35.17)",
            "last_sales":"2017-07-25,16980.0,10평(35.17)",
            "rank_history":[
                [
                    "202203",
                    50
                ],
                [
                    "202202",
                    9999
                ]
            ],
            "rank_gap":9999
        },
        {
            "index":297,
            "아파트명":"시흥중앙하이츠",
            "투자타입":"재건축",
            "전용면적(m2)":"66.76",
            "전용면적(평)":"20평",
            "법정동주소":"서울시 금천구 시흥동 1005",
            "도로명주소":"서울시 금천구 시흥대로36길 45",
            "세대수":0,
            "입주년차":"--",
            "용적률점수":100,
            "건폐율점수":80,
            "세대당주차수":"--",
            "난방방식":"--",
            "공급면적":50,
            "전용률":60,
            "욕실수":"--",
            "현관타입":"--",
            "주거총점":61.5,
            "지역구공급총점":100.0,
            "역세권":0,
            "30분내 이동가능 거점":20,
            "1시간내 이동가능 거점":100,
            "교통총점":26.0,
            "백화점":0,
            "아울렛몰":100,
            "대형마트":100,
            "은행":0,
            "병원":0,
            "종합병원":100,
            "공원":100,
            "혐오시설":0,
            "인프라총점":48.0,
            "초등학군":89.96,
            "중학군":43.94,
            "학군총점":53.144,
            "인구수":25.76,
            "인구증감":1.81,
            "인구총점":18.575,
            "일자리":26.06,
            "소득수준":59.25,
            "일자리총점":36.017,
            "가치 총점":43.7716,
            "매매실거래년":"18000101",
            "매매실거래가":null,
            "전세실거래년":null,
            "전세실거래가":null,
            "전세가율":null,
            "장기전세가율평균":68.88,
            "전세가율거품지수":null,
            "검색코드":17123,
            "세대수":222.0,
            "준공년월":"1988-11-24",
            "준공년차":35.0,
            "가까운역이름":"석수",
            "가까운역거리":1136.89,
            "역세권여부":"비역세권",
            "30분이내주요거점역":1,
            "30분거점역이름":"['구로디지털단지']",
            "1시간이내주요거점역":10,
            "1시간거점역이름":"['강남', '역삼', '여의도', '을지로3가', '평촌', '가산디지털단지', '홍대입구', '수원', '구로디지털단지', '마곡']",
            "3km이내백화점수":0,
            "5km이내아울렛몰수":3,
            "1km이내대형먀트수":2,
            "500m이내은행수":1,
            "500m이내병원수":0,
            "5km이내대형병원수":3,
            "500m이내공원수":4,
            "3km이내혐오시설수":0,
            "초등학교학업성취도":89.96,
            "중학교학업성취도":72.9,
            "용적률":70,
            "건폐율":24,
            "Y":37.444766,
            "X":126.906492,
            "rank":51.0,
            "area_info":"20평(66.76), 22평(75.65), 27평(92.51), 32평(107.32)",
            "last_sales":"1800-01-01,nan,20평(66.76)",
            "rank_history":[
                [
                    "202203",
                    51
                ],
                [
                    "202202",
                    38
                ],
                [
                    "202201",
                    38
                ]
            ],
            "rank_gap":-13
        },
        {
            "index":157,
            "아파트명":"호정타워",
            "투자타입":"일반",
            "전용면적(m2)":"74.53",
            "전용면적(평)":"22평",
            "법정동주소":"서울시 금천구 독산동 1069",
            "도로명주소":"서울시 금천구 시흥대로88길 21",
            "세대수":0,
            "입주년차":0,
            "용적률점수":"--",
            "건폐율점수":"--",
            "세대당주차수":30,
            "난방방식":30,
            "공급면적":"--",
            "전용률":"--",
            "욕실수":50,
            "현관타입":10,
            "주거총점":13.5,
            "지역구공급총점":100.0,
            "역세권":50,
            "30분내 이동가능 거점":40,
            "1시간내 이동가능 거점":100,
            "교통총점":57.0,
            "백화점":0,
            "아울렛몰":100,
            "대형마트":100,
            "은행":0,
            "병원":0,
            "종합병원":100,
            "공원":100,
            "혐오시설":-50,
            "인프라총점":47.0,
            "초등학군":89.99,
            "중학군":35.34,
            "학군총점":46.27,
            "인구수":25.76,
            "인구증감":1.81,
            "인구총점":18.575,
            "일자리":26.06,
            "소득수준":59.25,
            "일자리총점":36.017,
            "가치 총점":43.6905,
            "매매실거래년":20211026.0,
            "매매실거래가":39000.0,
            "전세실거래년":20211108.0,
            "전세실거래가":25000.0,
            "전세가율":64.1,
            "장기전세가율평균":68.88,
            "전세가율거품지수":4.78,
            "검색코드":3233,
            "세대수":96.0,
            "준공년월":"1993-12-02",
            "준공년차":30.0,
            "가까운역이름":"시흥사거리 (2024년 예정)",
            "가까운역거리":708.18,
            "역세권여부":"준역세권",
            "30분이내주요거점역":2,
            "30분거점역이름":"['여의도', '구로디지털단지']",
            "1시간이내주요거점역":12,
            "1시간거점역이름":"['강남', '역삼', '여의도', '을지로3가', '양재', '평촌', '가산디지털단지', '홍대입구', '수원', '구로디지털단지', '명동', '마곡']",
            "3km이내백화점수":0,
            "5km이내아울렛몰수":3,
            "1km이내대형먀트수":2,
            "500m이내은행수":1,
            "500m이내병원수":0,
            "5km이내대형병원수":8,
            "500m이내공원수":7,
            "3km이내혐오시설수":1,
            "초등학교학업성취도":89.99,
            "중학교학업성취도":58.9,
            "용적률":294,
            "건폐율":47,
            "Y":37.46117,
            "X":126.90031,
            "rank":52.0,
            "area_info":"22평(74.53), 25평(84.12), 25평(85.24), 29평(96.04), 30평(102.12), 44평(146.95), 44평(148.44)",
            "last_sales":"2021-10-26,39000.0,22평(74.53)",
            "rank_history":[
                [
                    "202203",
                    52
                ],
                [
                    "202202",
                    9999
                ]
            ],
            "rank_gap":9999
        },
        {
            "index":312,
            "아파트명":"한빛무궁화",
            "투자타입":"일반",
            "전용면적(m2)":"76.71",
            "전용면적(평)":"23평",
            "법정동주소":"서울시 금천구 시흥동 1016",
            "도로명주소":"서울시 금천구 독산로36길 62",
            "세대수":0,
            "입주년차":40,
            "용적률점수":"--",
            "건폐율점수":"--",
            "세대당주차수":30,
            "난방방식":30,
            "공급면적":"--",
            "전용률":"--",
            "욕실수":50,
            "현관타입":100,
            "주거총점":30.5,
            "지역구공급총점":100.0,
            "역세권":50,
            "30분내 이동가능 거점":20,
            "1시간내 이동가능 거점":90,
            "교통총점":49.0,
            "백화점":0,
            "아울렛몰":100,
            "대형마트":80,
            "은행":0,
            "병원":0,
            "종합병원":100,
            "공원":100,
            "혐오시설":0,
            "인프라총점":45.0,
            "초등학군":89.97,
            "중학군":35.34,
            "학군총점":46.266,
            "인구수":25.76,
            "인구증감":1.81,
            "인구총점":18.575,
            "일자리":26.06,
            "소득수준":59.25,
            "일자리총점":36.017,
            "가치 총점":43.6899,
            "매매실거래년":20190819.0,
            "매매실거래가":39000.0,
            "전세실거래년":null,
            "전세실거래가":null,
            "전세가율":null,
            "장기전세가율평균":68.88,
            "전세가율거품지수":null,
            "검색코드":15507,
            "세대수":76.0,
            "준공년월":"2004-08-09",
            "준공년차":19.0,
            "가까운역이름":"시흥사거리 (2024년 예정)",
            "가까운역거리":922.92,
            "역세권여부":"준역세권",
            "30분이내주요거점역":1,
            "30분거점역이름":"['구로디지털단지']",
            "1시간이내주요거점역":9,
            "1시간거점역이름":"['강남', '역삼', '여의도', '평촌', '가산디지털단지', '홍대입구', '수원', '구로디지털단지', '마곡']",
            "3km이내백화점수":0,
            "5km이내아울렛몰수":3,
            "1km이내대형먀트수":1,
            "500m이내은행수":1,
            "500m이내병원수":0,
            "5km이내대형병원수":8,
            "500m이내공원수":9,
            "3km이내혐오시설수":0,
            "초등학교학업성취도":89.97,
            "중학교학업성취도":58.9,
            "용적률":243,
            "건폐율":28,
            "Y":37.46037,
            "X":126.90787,
            "rank":53.0,
            "area_info":"23평(76.71), 25평(82.76), 26평(85.97), 28평(93.24), 32평(106.32)",
            "last_sales":"2019-08-19,39000.0,32평(106.32)",
            "rank_history":[
                [
                    "202203",
                    53
                ],
                [
                    "202202",
                    9999
                ]
            ],
            "rank_gap":9999
        },
        {
            "index":317,
            "아파트명":"현대(209)",
            "투자타입":"일반",
            "전용면적(m2)":"74.51",
            "전용면적(평)":"22평",
            "법정동주소":"서울시 금천구 시흥동 209",
            "도로명주소":"서울시 금천구 금하로23라길 31",
            "세대수":0,
            "입주년차":0,
            "용적률점수":"--",
            "건폐율점수":"--",
            "세대당주차수":0,
            "난방방식":30,
            "공급면적":"--",
            "전용률":"--",
            "욕실수":50,
            "현관타입":100,
            "주거총점":18.0,
            "지역구공급총점":100.0,
            "역세권":50,
            "30분내 이동가능 거점":20,
            "1시간내 이동가능 거점":90,
            "교통총점":49.0,
            "백화점":0,
            "아울렛몰":100,
            "대형마트":100,
            "은행":0,
            "병원":0,
            "종합병원":100,
            "공원":100,
            "혐오시설":0,
            "인프라총점":48.0,
            "초등학군":90.03,
            "중학군":48.46,
            "학군총점":56.774,
            "인구수":25.76,
            "인구증감":1.81,
            "인구총점":18.575,
            "일자리":26.06,
            "소득수준":59.25,
            "일자리총점":36.017,
            "가치 총점":43.6661,
            "매매실거래년":20211224.0,
            "매매실거래가":50000.0,
            "전세실거래년":20190829.0,
            "전세실거래가":17000.0,
            "전세가율":41.56,
            "장기전세가율평균":68.88,
            "전세가율거품지수":27.32,
            "검색코드":3237,
            "세대수":197.0,
            "준공년월":"1996-06-24",
            "준공년차":27.0,
            "가까운역이름":"시흥사거리 (2024년 예정)",
            "가까운역거리":919.28,
            "역세권여부":"준역세권",
            "30분이내주요거점역":1,
            "30분거점역이름":"['구로디지털단지']",
            "1시간이내주요거점역":9,
            "1시간거점역이름":"['강남', '역삼', '여의도', '을지로3가', '평촌', '가산디지털단지', '홍대입구', '수원', '구로디지털단지']",
            "3km이내백화점수":0,
            "5km이내아울렛몰수":3,
            "1km이내대형먀트수":2,
            "500m이내은행수":1,
            "500m이내병원수":0,
            "5km이내대형병원수":8,
            "500m이내공원수":3,
            "3km이내혐오시설수":0,
            "초등학교학업성취도":90.03,
            "중학교학업성취도":80.1,
            "용적률":322,
            "건폐율":21,
            "Y":37.453948,
            "X":126.910473,
            "rank":54.0,
            "area_info":"22평(74.51), 30평(99.98), 30평(100.98), 32평(105.82)",
            "last_sales":"2021-12-24,50000.0,30평(99.98)",
            "rank_history":[
                [
                    "202203",
                    54
                ],
                [
                    "202202",
                    50
                ],
                [
                    "202201",
                    50
                ]
            ],
            "rank_gap":-4
        },
        {
            "index":285,
            "아파트명":"시흥",
            "투자타입":"재건축",
            "전용면적(m2)":"41.41",
            "전용면적(평)":"12평",
            "법정동주소":"서울시 금천구 시흥동 817-29",
            "도로명주소":"서울시 금천구 독산로24나길 13",
            "세대수":0,
            "입주년차":"--",
            "용적률점수":0,
            "건폐율점수":0,
            "세대당주차수":"--",
            "난방방식":"--",
            "공급면적":50,
            "전용률":100,
            "욕실수":"--",
            "현관타입":"--",
            "주거총점":7.5,
            "지역구공급총점":100.0,
            "역세권":50,
            "30분내 이동가능 거점":40,
            "1시간내 이동가능 거점":100,
            "교통총점":57.0,
            "백화점":0,
            "아울렛몰":100,
            "대형마트":100,
            "은행":0,
            "병원":0,
            "종합병원":100,
            "공원":100,
            "혐오시설":0,
            "인프라총점":48.0,
            "초등학군":89.98,
            "중학군":35.34,
            "학군총점":46.268,
            "인구수":25.76,
            "인구증감":1.81,
            "인구총점":18.575,
            "일자리":26.06,
            "소득수준":59.25,
            "일자리총점":36.017,
            "가치 총점":42.7902,
            "매매실거래년":20211014.0,
            "매매실거래가":13000.0,
            "전세실거래년":20210428.0,
            "전세실거래가":11000.0,
            "전세가율":84.62,
            "장기전세가율평균":68.88,
            "전세가율거품지수":-15.74,
            "검색코드":1083,
            "세대수":79.0,
            "준공년월":"1975-10-18",
            "준공년차":48.0,
            "가까운역이름":"시흥사거리 (2024년 예정)",
            "가까운역거리":684.11,
            "역세권여부":"준역세권",
            "30분이내주요거점역":2,
            "30분거점역이름":"['가산디지털단지', '구로디지털단지']",
            "1시간이내주요거점역":11,
            "1시간거점역이름":"['강남', '역삼', '여의도', '을지로3가', '양재', '평촌', '가산디지털단지', '홍대입구', '수원', '구로디지털단지', '마곡']",
            "3km이내백화점수":0,
            "5km이내아울렛몰수":3,
            "1km이내대형먀트수":2,
            "500m이내은행수":1,
            "500m이내병원수":0,
            "5km이내대형병원수":8,
            "500m이내공원수":6,
            "3km이내혐오시설수":0,
            "초등학교학업성취도":89.98,
            "중학교학업성취도":58.9,
            "용적률":0,
            "건폐율":0,
            "Y":37.455941,
            "X":126.907731,
            "rank":55.0,
            "area_info":"12평(41.41), 13평(45.71), 15평(50.71)",
            "last_sales":"2021-10-14,13000.0,12평(41.41)",
            "rank_history":[
                [
                    "202203",
                    55
                ],
                [
                    "202202",
                    9999
                ]
            ],
            "rank_gap":9999
        },
        {
            "index":214,
            "아파트명":"대흥",
            "투자타입":"재건축",
            "전용면적(m2)":"70.04",
            "전용면적(평)":"21평",
            "법정동주소":"서울시 금천구 시흥동 1003",
            "도로명주소":"서울시 금천구 시흥대로36길 73",
            "세대수":0,
            "입주년차":"--",
            "용적률점수":0,
            "건폐율점수":0,
            "세대당주차수":"--",
            "난방방식":"--",
            "공급면적":50,
            "전용률":60,
            "욕실수":"--",
            "현관타입":"--",
            "주거총점":5.5,
            "지역구공급총점":100.0,
            "역세권":50,
            "30분내 이동가능 거점":40,
            "1시간내 이동가능 거점":100,
            "교통총점":57.0,
            "백화점":0,
            "아울렛몰":100,
            "대형마트":80,
            "은행":0,
            "병원":0,
            "종합병원":100,
            "공원":100,
            "혐오시설":0,
            "인프라총점":45.0,
            "초등학군":89.98,
            "중학군":43.94,
            "학군총점":53.148,
            "인구수":25.76,
            "인구증감":1.81,
            "인구총점":18.575,
            "일자리":26.06,
            "소득수준":59.25,
            "일자리총점":36.017,
            "가치 총점":42.5222,
            "매매실거래년":"18000101",
            "매매실거래가":null,
            "전세실거래년":null,
            "전세실거래가":null,
            "전세가율":null,
            "장기전세가율평균":68.88,
            "전세가율거품지수":null,
            "검색코드":17121,
            "세대수":84.0,
            "준공년월":"1984-11-12",
            "준공년차":39.0,
            "가까운역이름":"석수",
            "가까운역거리":992.46,
            "역세권여부":"준역세권",
            "30분이내주요거점역":2,
            "30분거점역이름":"['가산디지털단지', '구로디지털단지']",
            "1시간이내주요거점역":10,
            "1시간거점역이름":"['강남', '역삼', '여의도', '수원시청', '평촌', '가산디지털단지', '홍대입구', '수원', '구로디지털단지', '마곡']",
            "3km이내백화점수":0,
            "5km이내아울렛몰수":3,
            "1km이내대형먀트수":1,
            "500m이내은행수":0,
            "500m이내병원수":0,
            "5km이내대형병원수":2,
            "500m이내공원수":4,
            "3km이내혐오시설수":0,
            "초등학교학업성취도":89.98,
            "중학교학업성취도":72.9,
            "용적률":0,
            "건폐율":0,
            "Y":37.443052,
            "X":126.907408,
            "rank":56.0,
            "area_info":"21평(70.04), 26평(87.96), 29평(96.2)",
            "last_sales":"1800-01-01,nan,21평(70.04)",
            "rank_history":[
                [
                    "202203",
                    56
                ],
                [
                    "202202",
                    9999
                ]
            ],
            "rank_gap":9999
        },
        {
            "index":164,
            "아파트명":"SM엘루이",
            "투자타입":"일반",
            "전용면적(m2)":"90.01",
            "전용면적(평)":"27평",
            "법정동주소":"서울시 금천구 시흥동 791-40",
            "도로명주소":"서울시 금천구",
            "세대수":0,
            "입주년차":60,
            "용적률점수":"--",
            "건폐율점수":"--",
            "세대당주차수":30,
            "난방방식":30,
            "공급면적":"--",
            "전용률":"--",
            "욕실수":100,
            "현관타입":100,
            "주거총점":39.5,
            "지역구공급총점":100.0,
            "역세권":0,
            "30분내 이동가능 거점":40,
            "1시간내 이동가능 거점":100,
            "교통총점":32.0,
            "백화점":0,
            "아울렛몰":100,
            "대형마트":100,
            "은행":0,
            "병원":0,
            "종합병원":100,
            "공원":100,
            "혐오시설":0,
            "인프라총점":48.0,
            "초등학군":89.96,
            "중학군":43.94,
            "학군총점":53.144,
            "인구수":25.76,
            "인구증감":1.81,
            "인구총점":18.575,
            "일자리":26.06,
            "소득수준":59.25,
            "일자리총점":36.017,
            "가치 총점":41.4716,
            "매매실거래년":20210924.0,
            "매매실거래가":62000.0,
            "전세실거래년":20200303.0,
            "전세실거래가":31000.0,
            "전세가율":50.0,
            "장기전세가율평균":68.88,
            "전세가율거품지수":18.88,
            "검색코드":105862,
            "세대수":82.0,
            "준공년월":"2012-11-02",
            "준공년차":11.0,
            "가까운역이름":"시흥사거리 (2024년 예정)",
            "가까운역거리":1003.7,
            "역세권여부":"비역세권",
            "30분이내주요거점역":2,
            "30분거점역이름":"['가산디지털단지', '구로디지털단지']",
            "1시간이내주요거점역":11,
            "1시간거점역이름":"['강남', '역삼', '여의도', '을지로3가', '수원시청', '평촌', '가산디지털단지', '홍대입구', '수원', '구로디지털단지', '마곡']",
            "3km이내백화점수":0,
            "5km이내아울렛몰수":3,
            "1km이내대형먀트수":2,
            "500m이내은행수":1,
            "500m이내병원수":0,
            "5km이내대형병원수":3,
            "500m이내공원수":5,
            "3km이내혐오시설수":0,
            "초등학교학업성취도":89.96,
            "중학교학업성취도":72.9,
            "용적률":249,
            "건폐율":27,
            "Y":37.445962,
            "X":126.902407,
            "rank":57.0,
            "area_info":"27평(90.01), 32평(107.77), 32평(107.45), 32평(107.51), 32평(107.54), 32평(107.51), 32평(108.3)",
            "last_sales":"2021-09-24,62000.0,27평(90.01)",
            "rank_history":[
                [
                    "202203",
                    57
                ],
                [
                    "202202",
                    9999
                ]
            ],
            "rank_gap":9999
        },
        {
            "index":198,
            "아파트명":"금광포란재",
            "투자타입":"일반",
            "전용면적(m2)":"75.59",
            "전용면적(평)":"22평",
            "법정동주소":"서울시 금천구 시흥동 1014",
            "도로명주소":"서울시 금천구 탑골로2길 24",
            "세대수":0,
            "입주년차":40,
            "용적률점수":"--",
            "건폐율점수":"--",
            "세대당주차수":30,
            "난방방식":30,
            "공급면적":"--",
            "전용률":"--",
            "욕실수":50,
            "현관타입":100,
            "주거총점":30.5,
            "지역구공급총점":100.0,
            "역세권":0,
            "30분내 이동가능 거점":20,
            "1시간내 이동가능 거점":90,
            "교통총점":24.0,
            "백화점":0,
            "아울렛몰":100,
            "대형마트":100,
            "은행":0,
            "병원":0,
            "종합병원":100,
            "공원":100,
            "혐오시설":0,
            "인프라총점":48.0,
            "초등학군":90.0,
            "중학군":48.46,
            "학군총점":56.768,
            "인구수":25.76,
            "인구증감":1.81,
            "인구총점":18.575,
            "일자리":26.06,
            "소득수준":59.25,
            "일자리총점":36.017,
            "가치 총점":37.4152,
            "매매실거래년":20210902.0,
            "매매실거래가":64000.0,
            "전세실거래년":20200704.0,
            "전세실거래가":30000.0,
            "전세가율":55.56,
            "장기전세가율평균":68.88,
            "전세가율거품지수":13.32,
            "검색코드":11808,
            "세대수":97.0,
            "준공년월":"2004-04-02",
            "준공년차":19.0,
            "가까운역이름":"시흥사거리 (2024년 예정)",
            "가까운역거리":1102.99,
            "역세권여부":"비역세권",
            "30분이내주요거점역":1,
            "30분거점역이름":"['구로디지털단지']",
            "1시간이내주요거점역":9,
            "1시간거점역이름":"['강남', '역삼', '여의도', '평촌', '가산디지털단지', '홍대입구', '수원', '구로디지털단지', '명동']",
            "3km이내백화점수":0,
            "5km이내아울렛몰수":3,
            "1km이내대형먀트수":2,
            "500m이내은행수":1,
            "500m이내병원수":0,
            "5km이내대형병원수":7,
            "500m이내공원수":3,
            "3km이내혐오시설수":0,
            "초등학교학업성취도":90.0,
            "중학교학업성취도":80.1,
            "용적률":277,
            "건폐율":31,
            "Y":37.451004,
            "X":126.911657,
            "rank":58.0,
            "area_info":"22평(75.59), 26평(88.07), 26평(88.04), 27평(90.75), 30평(100.37), 31평(104.24)",
            "last_sales":"2021-09-02,64000.0,31평(104.24)",
            "rank_history":[
                [
                    "202203",
                    58
                ],
                [
                    "202202",
                    9999
                ]
            ],
            "rank_gap":9999
        },
        {
            "index":277,
            "아파트명":"삼익",
            "투자타입":"일반",
            "전용면적(m2)":"79.2",
            "전용면적(평)":"23평",
            "법정동주소":"서울시 금천구 시흥동 5-13",
            "도로명주소":"서울시 금천구 독산로50길 89",
            "세대수":80,
            "입주년차":20,
            "용적률점수":"--",
            "건폐율점수":"--",
            "세대당주차수":30,
            "난방방식":30,
            "공급면적":"--",
            "전용률":"--",
            "욕실수":50,
            "현관타입":100,
            "주거총점":54.5,
            "지역구공급총점":100.0,
            "역세권":0,
            "30분내 이동가능 거점":20,
            "1시간내 이동가능 거점":100,
            "교통총점":26.0,
            "백화점":0,
            "아울렛몰":100,
            "대형마트":0,
            "은행":0,
            "병원":0,
            "종합병원":100,
            "공원":100,
            "혐오시설":0,
            "인프라총점":33.0,
            "초등학군":89.98,
            "중학군":35.34,
            "학군총점":46.268,
            "인구수":25.76,
            "인구증감":1.81,
            "인구총점":18.575,
            "일자리":26.06,
            "소득수준":59.25,
            "일자리총점":36.017,
            "가치 총점":36.8402,
            "매매실거래년":20210516.0,
            "매매실거래가":65000.0,
            "전세실거래년":20201224.0,
            "전세실거래가":34000.0,
            "전세가율":80.38,
            "장기전세가율평균":68.88,
            "전세가율거품지수":-11.5,
            "검색코드":3235,
            "세대수":786.0,
            "준공년월":"1999-09-20",
            "준공년차":24.0,
            "가까운역이름":"신독산 (2024년 예정)",
            "가까운역거리":1127.66,
            "역세권여부":"비역세권",
            "30분이내주요거점역":1,
            "30분거점역이름":"['구로디지털단지']",
            "1시간이내주요거점역":10,
            "1시간거점역이름":"['강남', '역삼', '여의도', '을지로3가', '양재', '평촌', '가산디지털단지', '홍대입구', '구로디지털단지', '마곡']",
            "3km이내백화점수":0,
            "5km이내아울렛몰수":3,
            "1km이내대형먀트수":0,
            "500m이내은행수":0,
            "500m이내병원수":0,
            "5km이내대형병원수":8,
            "500m이내공원수":9,
            "3km이내혐오시설수":0,
            "초등학교학업성취도":89.98,
            "중학교학업성취도":58.9,
            "용적률":313,
            "건폐율":22,
            "Y":37.463697,
            "X":126.909461,
            "rank":59.0,
            "area_info":"23평(79.2), 23평(79.31), 25평(84.66), 32평(108.16), 42평(140.6)",
            "last_sales":"2021-05-16,65000.0,42평(140.6)",
            "rank_history":[
                [
                    "202203",
                    59
                ],
                [
                    "202202",
                    47
                ],
                [
                    "202201",
                    46
                ]
            ],
            "rank_gap":-12
        },
        {
            "index":259,
            "아파트명":"백운한비치",
            "투자타입":"일반",
            "전용면적(m2)":"91.67",
            "전용면적(평)":"27평",
            "법정동주소":"서울시 금천구 시흥동 1012",
            "도로명주소":"서울시 금천구 탑골로2길 19",
            "세대수":0,
            "입주년차":20,
            "용적률점수":"--",
            "건폐율점수":"--",
            "세대당주차수":30,
            "난방방식":30,
            "공급면적":"--",
            "전용률":"--",
            "욕실수":100,
            "현관타입":10,
            "주거총점":22.5,
            "지역구공급총점":100.0,
            "역세권":0,
            "30분내 이동가능 거점":20,
            "1시간내 이동가능 거점":100,
            "교통총점":26.0,
            "백화점":0,
            "아울렛몰":100,
            "대형마트":100,
            "은행":0,
            "병원":0,
            "종합병원":100,
            "공원":100,
            "혐오시설":0,
            "인프라총점":48.0,
            "초등학군":90.0,
            "중학군":48.46,
            "학군총점":56.768,
            "인구수":25.76,
            "인구증감":1.81,
            "인구총점":18.575,
            "일자리":26.06,
            "소득수준":59.25,
            "일자리총점":36.017,
            "가치 총점":36.5152,
            "매매실거래년":20210710.0,
            "매매실거래가":52000.0,
            "전세실거래년":20210526.0,
            "전세실거래가":21000.0,
            "전세가율":40.38,
            "장기전세가율평균":68.88,
            "전세가율거품지수":28.5,
            "검색코드":9010,
            "세대수":114.0,
            "준공년월":"2003-09-27",
            "준공년차":20.0,
            "가까운역이름":"시흥사거리 (2024년 예정)",
            "가까운역거리":1114.13,
            "역세권여부":"비역세권",
            "30분이내주요거점역":1,
            "30분거점역이름":"['구로디지털단지']",
            "1시간이내주요거점역":10,
            "1시간거점역이름":"['강남', '역삼', '여의도', '을지로3가', '평촌', '가산디지털단지', '홍대입구', '수원', '구로디지털단지', '명동']",
            "3km이내백화점수":0,
            "5km이내아울렛몰수":3,
            "1km이내대형먀트수":2,
            "500m이내은행수":1,
            "500m이내병원수":0,
            "5km이내대형병원수":7,
            "500m이내공원수":3,
            "3km이내혐오시설수":0,
            "초등학교학업성취도":90.0,
            "중학교학업성취도":80.1,
            "용적률":301,
            "건폐율":26,
            "Y":37.45128,
            "X":126.91193,
            "rank":60.0,
            "area_info":"27평(91.67), 28평(95.06), 29평(98.02), 34평(112.98)",
            "last_sales":"2021-07-10,52000.0,27평(91.67)",
            "rank_history":[
                [
                    "202203",
                    60
                ],
                [
                    "202202",
                    43
                ],
                [
                    "202201",
                    45
                ]
            ],
            "rank_gap":-17
        },
        {
            "index":192,
            "아파트명":"관악우방",
            "투자타입":"일반",
            "전용면적(m2)":"84.99",
            "전용면적(평)":"25평",
            "법정동주소":"서울시 금천구 시흥동 1011",
            "도로명주소":"서울시 금천구 금하로 750",
            "세대수":50,
            "입주년차":20,
            "용적률점수":"--",
            "건폐율점수":"--",
            "세대당주차수":30,
            "난방방식":30,
            "공급면적":"--",
            "전용률":"--",
            "욕실수":50,
            "현관타입":10,
            "주거총점":35.0,
            "지역구공급총점":100.0,
            "역세권":0,
            "30분내 이동가능 거점":20,
            "1시간내 이동가능 거점":90,
            "교통총점":24.0,
            "백화점":0,
            "아울렛몰":100,
            "대형마트":80,
            "은행":0,
            "병원":0,
            "종합병원":100,
            "공원":0,
            "혐오시설":0,
            "인프라총점":42.0,
            "초등학군":89.98,
            "중학군":48.46,
            "학군총점":56.764,
            "인구수":25.76,
            "인구증감":1.81,
            "인구총점":18.575,
            "일자리":26.06,
            "소득수준":59.25,
            "일자리총점":36.017,
            "가치 총점":36.5146,
            "매매실거래년":20220126.0,
            "매매실거래가":72500.0,
            "전세실거래년":20220214.0,
            "전세실거래가":40000.0,
            "전세가율":65.9,
            "장기전세가율평균":68.88,
            "전세가율거품지수":2.98,
            "검색코드":3360,
            "세대수":671.0,
            "준공년월":"2002-12-30",
            "준공년차":21.0,
            "가까운역이름":"시흥사거리 (2024년 예정)",
            "가까운역거리":1393.23,
            "역세권여부":"비역세권",
            "30분이내주요거점역":1,
            "30분거점역이름":"['가산디지털단지']",
            "1시간이내주요거점역":9,
            "1시간거점역이름":"['강남', '역삼', '여의도', '평촌', '가산디지털단지', '홍대입구', '수원', '구로디지털단지', '명동']",
            "3km이내백화점수":0,
            "5km이내아울렛몰수":3,
            "1km이내대형먀트수":1,
            "500m이내은행수":1,
            "500m이내병원수":0,
            "5km이내대형병원수":5,
            "500m이내공원수":0,
            "3km이내혐오시설수":0,
            "초등학교학업성취도":89.98,
            "중학교학업성취도":80.1,
            "용적률":296,
            "건폐율":22,
            "Y":37.449071,
            "X":126.914149,
            "rank":61.0,
            "area_info":"25평(84.99), 32평(106.21), 43평(143.83)",
            "last_sales":"2022-01-26,72500.0,32평(106.21)",
            "rank_history":[
                [
                    "202203",
                    61
                ],
                [
                    "202202",
                    44
                ],
                [
                    "202201",
                    49
                ]
            ],
            "rank_gap":-17
        },
        {
            "index":271,
            "아파트명":"벽산5단지",
            "투자타입":"일반",
            "전용면적(m2)":"76.73",
            "전용면적(평)":"23평",
            "법정동주소":"서울시 금천구 시흥동 1013",
            "도로명주소":"서울시 금천구 금하로 816",
            "세대수":100,
            "입주년차":40,
            "용적률점수":"--",
            "건폐율점수":"--",
            "세대당주차수":30,
            "난방방식":30,
            "공급면적":"--",
            "전용률":"--",
            "욕실수":50,
            "현관타입":10,
            "주거총점":56.5,
            "지역구공급총점":100.0,
            "역세권":0,
            "30분내 이동가능 거점":20,
            "1시간내 이동가능 거점":80,
            "교통총점":22.0,
            "백화점":0,
            "아울렛몰":100,
            "대형마트":0,
            "은행":0,
            "병원":0,
            "종합병원":100,
            "공원":0,
            "혐오시설":0,
            "인프라총점":30.0,
            "초등학군":89.98,
            "중학군":48.46,
            "학군총점":56.764,
            "인구수":25.76,
            "인구증감":1.81,
            "인구총점":18.575,
            "일자리":26.06,
            "소득수준":59.25,
            "일자리총점":36.017,
            "가치 총점":36.5146,
            "매매실거래년":20220130.0,
            "매매실거래가":60000.0,
            "전세실거래년":20220212.0,
            "전세실거래가":24500.0,
            "전세가율":40.83,
            "장기전세가율평균":68.88,
            "전세가율거품지수":28.05,
            "검색코드":3359,
            "세대수":2810.0,
            "준공년월":"2004-08-06",
            "준공년차":19.0,
            "가까운역이름":"시흥사거리 (2024년 예정)",
            "가까운역거리":1809.49,
            "역세권여부":"비역세권",
            "30분이내주요거점역":1,
            "30분거점역이름":"['가산디지털단지']",
            "1시간이내주요거점역":8,
            "1시간거점역이름":"['강남', '역삼', '여의도', '양재', '평촌', '가산디지털단지', '수원', '구로디지털단지']",
            "3km이내백화점수":0,
            "5km이내아울렛몰수":3,
            "1km이내대형먀트수":0,
            "500m이내은행수":0,
            "500m이내병원수":0,
            "5km이내대형병원수":4,
            "500m이내공원수":0,
            "3km이내혐오시설수":0,
            "초등학교학업성취도":89.98,
            "중학교학업성취도":80.1,
            "용적률":270,
            "건폐율":18,
            "Y":37.448874,
            "X":126.919204,
            "rank":61.0,
            "area_info":"23평(76.73), 30평(99.67), 39평(129.52)",
            "last_sales":"2022-01-30,60000.0,23평(76.73)",
            "rank_history":[
                [
                    "202203",
                    61
                ],
                [
                    "202202",
                    48
                ],
                [
                    "202201",
                    47
                ]
            ],
            "rank_gap":-13
        },
        {
            "index":188,
            "아파트명":"관악산신도브래뉴",
            "투자타입":"일반",
            "전용면적(m2)":"80.1",
            "전용면적(평)":"24평",
            "법정동주소":"서울시 금천구 시흥동 1017",
            "도로명주소":"서울시 금천구 금하로24나길 48",
            "세대수":0,
            "입주년차":40,
            "용적률점수":"--",
            "건폐율점수":"--",
            "세대당주차수":30,
            "난방방식":30,
            "공급면적":"--",
            "전용률":"--",
            "욕실수":100,
            "현관타입":100,
            "주거총점":35.5,
            "지역구공급총점":100.0,
            "역세권":0,
            "30분내 이동가능 거점":0,
            "1시간내 이동가능 거점":90,
            "교통총점":18.0,
            "백화점":0,
            "아울렛몰":100,
            "대형마트":100,
            "은행":0,
            "병원":0,
            "종합병원":100,
            "공원":80,
            "혐오시설":0,
            "인프라총점":47.4,
            "초등학군":89.96,
            "중학군":43.94,
            "학군총점":53.144,
            "인구수":25.76,
            "인구증감":1.81,
            "인구총점":18.575,
            "일자리":26.06,
            "소득수준":59.25,
            "일자리총점":36.017,
            "가치 총점":35.5916,
            "매매실거래년":20210108.0,
            "매매실거래가":79250.0,
            "전세실거래년":null,
            "전세실거래가":null,
            "전세가율":null,
            "장기전세가율평균":68.88,
            "전세가율거품지수":null,
            "검색코드":22559,
            "세대수":206.0,
            "준공년월":"2006-11-28",
            "준공년차":17.0,
            "가까운역이름":"시흥사거리 (2024년 예정)",
            "가까운역거리":1196.13,
            "역세권여부":"비역세권",
            "30분이내주요거점역":0,
            "30분거점역이름":"[]",
            "1시간이내주요거점역":9,
            "1시간거점역이름":"['강남', '역삼', '여의도', '평촌', '가산디지털단지', '홍대입구', '수원', '구로디지털단지', '마곡']",
            "3km이내백화점수":0,
            "5km이내아울렛몰수":3,
            "1km이내대형먀트수":2,
            "500m이내은행수":0,
            "500m이내병원수":0,
            "5km이내대형병원수":4,
            "500m이내공원수":1,
            "3km이내혐오시설수":0,
            "초등학교학업성취도":89.96,
            "중학교학업성취도":72.9,
            "용적률":249,
            "건폐율":21,
            "Y":37.44793,
            "X":126.910538,
            "rank":62.0,
            "area_info":"24평(80.1), 31평(104.06), 36평(120.29), 37평(124.31)",
            "last_sales":"2021-01-08,79250.0,37평(124.31)",
            "rank_history":[
                [
                    "202203",
                    62
                ],
                [
                    "202202",
                    45
                ],
                [
                    "202201",
                    44
                ]
            ],
            "rank_gap":-17
        },
        {
            "index":321,
            "아파트명":"현대(220-2)",
            "투자타입":"재건축",
            "전용면적(m2)":"69.75",
            "전용면적(평)":"21평",
            "법정동주소":"서울시 금천구 시흥동 220-2",
            "도로명주소":"서울시 금천구 탑골로3길 50",
            "세대수":0,
            "입주년차":"--",
            "용적률점수":100,
            "건폐율점수":100,
            "세대당주차수":"--",
            "난방방식":"--",
            "공급면적":50,
            "전용률":60,
            "욕실수":"--",
            "현관타입":"--",
            "주거총점":65.5,
            "지역구공급총점":100.0,
            "역세권":0,
            "30분내 이동가능 거점":0,
            "1시간내 이동가능 거점":60,
            "교통총점":12.0,
            "백화점":0,
            "아울렛몰":100,
            "대형마트":0,
            "은행":0,
            "병원":0,
            "종합병원":100,
            "공원":80,
            "혐오시설":0,
            "인프라총점":32.4,
            "초등학군":90.03,
            "중학군":48.46,
            "학군총점":56.774,
            "인구수":25.76,
            "인구증감":1.81,
            "인구총점":18.575,
            "일자리":26.06,
            "소득수준":59.25,
            "일자리총점":36.017,
            "가치 총점":35.5361,
            "매매실거래년":20200421.0,
            "매매실거래가":36000.0,
            "전세실거래년":20211213.0,
            "전세실거래가":10000.0,
            "전세가율":27.78,
            "장기전세가율평균":68.88,
            "전세가율거품지수":41.1,
            "검색코드":3238,
            "세대수":140.0,
            "준공년월":"1984-04-25",
            "준공년차":39.0,
            "가까운역이름":"시흥사거리 (2024년 예정)",
            "가까운역거리":1204.45,
            "역세권여부":"비역세권",
            "30분이내주요거점역":0,
            "30분거점역이름":"[]",
            "1시간이내주요거점역":6,
            "1시간거점역이름":"['여의도', '평촌', '가산디지털단지', '홍대입구', '수원', '구로디지털단지']",
            "3km이내백화점수":0,
            "5km이내아울렛몰수":3,
            "1km이내대형먀트수":0,
            "500m이내은행수":1,
            "500m이내병원수":0,
            "5km이내대형병원수":8,
            "500m이내공원수":1,
            "3km이내혐오시설수":0,
            "초등학교학업성취도":90.03,
            "중학교학업성취도":80.1,
            "용적률":120,
            "건폐율":18,
            "Y":37.453689,
            "X":126.913687,
            "rank":63.0,
            "area_info":"21평(69.75)",
            "last_sales":"2020-04-21,36000.0,21평(69.75)",
            "rank_history":[
                [
                    "202203",
                    63
                ],
                [
                    "202202",
                    42
                ],
                [
                    "202201",
                    41
                ]
            ],
            "rank_gap":-21
        },
        {
            "index":268,
            "아파트명":"벽산1단지",
            "투자타입":"일반",
            "전용면적(m2)":"86.18",
            "전용면적(평)":"26평",
            "법정동주소":"서울시 금천구 시흥동 1010",
            "도로명주소":"서울시 금천구 금하로 793",
            "세대수":100,
            "입주년차":20,
            "용적률점수":"--",
            "건폐율점수":"--",
            "세대당주차수":0,
            "난방방식":30,
            "공급면적":"--",
            "전용률":"--",
            "욕실수":50,
            "현관타입":10,
            "주거총점":48.0,
            "지역구공급총점":100.0,
            "역세권":0,
            "30분내 이동가능 거점":20,
            "1시간내 이동가능 거점":90,
            "교통총점":24.0,
            "백화점":0,
            "아울렛몰":100,
            "대형마트":0,
            "은행":0,
            "병원":0,
            "종합병원":100,
            "공원":0,
            "혐오시설":0,
            "인프라총점":30.0,
            "초등학군":90.0,
            "중학군":48.46,
            "학군총점":56.768,
            "인구수":25.76,
            "인구증감":1.81,
            "인구총점":18.575,
            "일자리":26.06,
            "소득수준":59.25,
            "일자리총점":36.017,
            "가치 총점":35.5152,
            "매매실거래년":20220115.0,
            "매매실거래가":64000.0,
            "전세실거래년":20220125.0,
            "전세실거래가":27000.0,
            "전세가율":50.66,
            "장기전세가율평균":68.88,
            "전세가율거품지수":18.22,
            "검색코드":169,
            "세대수":2336.0,
            "준공년월":"2000-02-16",
            "준공년차":23.0,
            "가까운역이름":"시흥사거리 (2024년 예정)",
            "가까운역거리":1734.76,
            "역세권여부":"비역세권",
            "30분이내주요거점역":1,
            "30분거점역이름":"['가산디지털단지']",
            "1시간이내주요거점역":9,
            "1시간거점역이름":"['강남', '역삼', '여의도', '양재', '평촌', '가산디지털단지', '홍대입구', '수원', '구로디지털단지']",
            "3km이내백화점수":0,
            "5km이내아울렛몰수":3,
            "1km이내대형먀트수":0,
            "500m이내은행수":1,
            "500m이내병원수":0,
            "5km이내대형병원수":6,
            "500m이내공원수":0,
            "3km이내혐오시설수":0,
            "초등학교학업성취도":90.0,
            "중학교학업성취도":80.1,
            "용적률":249,
            "건폐율":17,
            "Y":37.450628,
            "X":126.91905,
            "rank":64.0,
            "area_info":"26평(86.18), 31평(105.15), 42평(142.08)",
            "last_sales":"2022-01-15,64000.0,31평(105.15)",
            "rank_history":[
                [
                    "202203",
                    64
                ],
                [
                    "202202",
                    49
                ],
                [
                    "202201",
                    48
                ]
            ],
            "rank_gap":-15
        },
        {
            "index":195,
            "아파트명":"금강",
            "투자타입":"일반",
            "전용면적(m2)":"85.18",
            "전용면적(평)":"25평",
            "법정동주소":"서울시 금천구 시흥동 1008",
            "도로명주소":"서울시 금천구 독산로50길 57-2",
            "세대수":0,
            "입주년차":20,
            "용적률점수":"--",
            "건폐율점수":"--",
            "세대당주차수":30,
            "난방방식":30,
            "공급면적":"--",
            "전용률":"--",
            "욕실수":50,
            "현관타입":10,
            "주거총점":17.5,
            "지역구공급총점":100.0,
            "역세권":0,
            "30분내 이동가능 거점":20,
            "1시간내 이동가능 거점":100,
            "교통총점":26.0,
            "백화점":0,
            "아울렛몰":100,
            "대형마트":0,
            "은행":0,
            "병원":0,
            "종합병원":100,
            "공원":100,
            "혐오시설":0,
            "인프라총점":33.0,
            "초등학군":89.97,
            "중학군":35.34,
            "학군총점":46.266,
            "인구수":25.76,
            "인구증감":1.81,
            "인구총점":18.575,
            "일자리":26.06,
            "소득수준":59.25,
            "일자리총점":36.017,
            "가치 총점":29.4399,
            "매매실거래년":20211014.0,
            "매매실거래가":63500.0,
            "전세실거래년":20211129.0,
            "전세실거래가":19000.0,
            "전세가율":37.25,
            "장기전세가율평균":68.88,
            "전세가율거품지수":31.63,
            "검색코드":3217,
            "세대수":185.0,
            "준공년월":"2000-09-07",
            "준공년차":23.0,
            "가까운역이름":"신독산 (2024년 예정)",
            "가까운역거리":1055.51,
            "역세권여부":"비역세권",
            "30분이내주요거점역":1,
            "30분거점역이름":"['구로디지털단지']",
            "1시간이내주요거점역":10,
            "1시간거점역이름":"['강남', '역삼', '여의도', '을지로3가', '양재', '평촌', '가산디지털단지', '홍대입구', '구로디지털단지', '마곡']",
            "3km이내백화점수":0,
            "5km이내아울렛몰수":3,
            "1km이내대형먀트수":0,
            "500m이내은행수":0,
            "500m이내병원수":0,
            "5km이내대형병원수":8,
            "500m이내공원수":9,
            "3km이내혐오시설수":0,
            "초등학교학업성취도":89.97,
            "중학교학업성취도":58.9,
            "용적률":329,
            "건폐율":27,
            "Y":37.463217,
            "X":126.908191,
            "rank":65.0,
            "area_info":"25평(85.18), 33평(109.73), 43평(143.86)",
            "last_sales":"2021-10-14,63500.0,33평(109.73)",
            "rank_history":[
                [
                    "202203",
                    65
                ],
                [
                    "202202",
                    52
                ],
                [
                    "202201",
                    51
                ]
            ],
            "rank_gap":-13
        },
        {
            "index":308,
            "아파트명":"탑스빌",
            "투자타입":"일반",
            "전용면적(m2)":"72.46",
            "전용면적(평)":"21평",
            "법정동주소":"서울시 금천구 시흥동 268-46",
            "도로명주소":"서울시 금천구 금하로30길 34",
            "세대수":0,
            "입주년차":20,
            "용적률점수":"--",
            "건폐율점수":"--",
            "세대당주차수":30,
            "난방방식":30,
            "공급면적":"--",
            "전용률":"--",
            "욕실수":50,
            "현관타입":10,
            "주거총점":17.5,
            "지역구공급총점":100.0,
            "역세권":0,
            "30분내 이동가능 거점":20,
            "1시간내 이동가능 거점":90,
            "교통총점":24.0,
            "백화점":0,
            "아울렛몰":100,
            "대형마트":0,
            "은행":0,
            "병원":0,
            "종합병원":100,
            "공원":0,
            "혐오시설":0,
            "인프라총점":30.0,
            "초등학군":89.98,
            "중학군":48.46,
            "학군총점":56.764,
            "인구수":25.76,
            "인구증감":1.81,
            "인구총점":18.575,
            "일자리":26.06,
            "소득수준":59.25,
            "일자리총점":36.017,
            "가치 총점":29.4146,
            "매매실거래년":20210807.0,
            "매매실거래가":46500.0,
            "전세실거래년":20121106.0,
            "전세실거래가":14000.0,
            "전세가율":30.11,
            "장기전세가율평균":68.88,
            "전세가율거품지수":38.77,
            "검색코드":8982,
            "세대수":148.0,
            "준공년월":"2002-12-06",
            "준공년차":21.0,
            "가까운역이름":"시흥사거리 (2024년 예정)",
            "가까운역거리":1505.51,
            "역세권여부":"비역세권",
            "30분이내주요거점역":1,
            "30분거점역이름":"['가산디지털단지']",
            "1시간이내주요거점역":9,
            "1시간거점역이름":"['강남', '역삼', '여의도', '을지로3가', '평촌', '가산디지털단지', '홍대입구', '수원', '구로디지털단지']",
            "3km이내백화점수":0,
            "5km이내아울렛몰수":3,
            "1km이내대형먀트수":0,
            "500m이내은행수":1,
            "500m이내병원수":0,
            "5km이내대형병원수":6,
            "500m이내공원수":0,
            "3km이내혐오시설수":0,
            "초등학교학업성취도":89.98,
            "중학교학업성취도":80.1,
            "용적률":291,
            "건폐율":25,
            "Y":37.449321,
            "X":126.915709,
            "rank":66.0,
            "area_info":"21평(72.46), 31평(103.15), 31평(103.07), 31평(103.15)",
            "last_sales":"2021-08-07,46500.0,21평(72.46)",
            "rank_history":[
                [
                    "202203",
                    66
                ],
                [
                    "202202",
                    51
                ],
                [
                    "202201",
                    52
                ]
            ],
            "rank_gap":-15
        },
        {
            "index":306,
            "아파트명":"유호",
            "투자타입":"재건축",
            "전용면적(m2)":"63.18",
            "전용면적(평)":"19평",
            "법정동주소":"서울시 금천구 시흥동 1-70",
            "도로명주소":"서울시 금천구 독산로50가길 18",
            "세대수":0,
            "입주년차":"--",
            "용적률점수":0,
            "건폐율점수":0,
            "세대당주차수":"--",
            "난방방식":"--",
            "공급면적":50,
            "전용률":40,
            "욕실수":"--",
            "현관타입":"--",
            "주거총점":4.5,
            "지역구공급총점":100.0,
            "역세권":0,
            "30분내 이동가능 거점":20,
            "1시간내 이동가능 거점":80,
            "교통총점":22.0,
            "백화점":0,
            "아울렛몰":100,
            "대형마트":0,
            "은행":0,
            "병원":0,
            "종합병원":100,
            "공원":100,
            "혐오시설":0,
            "인프라총점":33.0,
            "초등학군":89.97,
            "중학군":35.34,
            "학군총점":46.266,
            "인구수":25.76,
            "인구증감":1.81,
            "인구총점":18.575,
            "일자리":26.06,
            "소득수준":59.25,
            "일자리총점":36.017,
            "가치 총점":25.4399,
            "매매실거래년":"18000101",
            "매매실거래가":null,
            "전세실거래년":null,
            "전세실거래가":null,
            "전세가율":null,
            "장기전세가율평균":68.88,
            "전세가율거품지수":null,
            "검색코드":17127,
            "세대수":81.0,
            "준공년월":"1987-07-21",
            "준공년차":36.0,
            "가까운역이름":"신독산 (2024년 예정)",
            "가까운역거리":1318.42,
            "역세권여부":"비역세권",
            "30분이내주요거점역":1,
            "30분거점역이름":"['구로디지털단지']",
            "1시간이내주요거점역":8,
            "1시간거점역이름":"['강남', '역삼', '여의도', '을지로3가', '가산디지털단지', '홍대입구', '구로디지털단지', '마곡']",
            "3km이내백화점수":0,
            "5km이내아울렛몰수":3,
            "1km이내대형먀트수":0,
            "500m이내은행수":0,
            "500m이내병원수":0,
            "5km이내대형병원수":8,
            "500m이내공원수":6,
            "3km이내혐오시설수":0,
            "초등학교학업성취도":89.97,
            "중학교학업성취도":58.9,
            "용적률":0,
            "건폐율":0,
            "Y":37.462844,
            "X":126.91134,
            "rank":67.0,
            "area_info":"19평(63.18), 23평(79.01)",
            "last_sales":"1800-01-01,nan,19평(63.18)",
            "rank_history":[
                [
                    "202203",
                    67
                ],
                [
                    "202202",
                    9999
                ]
            ],
            "rank_gap":9999
        },
        {
            "index":274,
            "아파트명":"벽산타운3단지",
            "투자타입":"일반",
            "전용면적(m2)":"99.36",
            "전용면적(평)":"30평",
            "법정동주소":"서울시 금천구 시흥동 1006",
            "도로명주소":"서울시 금천구 탑골로 84",
            "세대수":0,
            "입주년차":0,
            "용적률점수":"--",
            "건폐율점수":"--",
            "세대당주차수":0,
            "난방방식":30,
            "공급면적":"--",
            "전용률":"--",
            "욕실수":50,
            "현관타입":10,
            "주거총점":9.0,
            "지역구공급총점":100.0,
            "역세권":0,
            "30분내 이동가능 거점":0,
            "1시간내 이동가능 거점":80,
            "교통총점":16.0,
            "백화점":0,
            "아울렛몰":100,
            "대형마트":0,
            "은행":0,
            "병원":0,
            "종합병원":100,
            "공원":0,
            "혐오시설":0,
            "인프라총점":30.0,
            "초등학군":90.0,
            "중학군":48.46,
            "학군총점":56.768,
            "인구수":25.76,
            "인구증감":1.81,
            "인구총점":18.575,
            "일자리":26.06,
            "소득수준":59.25,
            "일자리총점":36.017,
            "가치 총점":24.9152,
            "매매실거래년":20220124.0,
            "매매실거래가":46000.0,
            "전세실거래년":20211102.0,
            "전세실거래가":25000.0,
            "전세가율":54.35,
            "장기전세가율평균":68.88,
            "전세가율거품지수":14.53,
            "검색코드":9011,
            "세대수":270.0,
            "준공년월":"1998-10-28",
            "준공년차":25.0,
            "가까운역이름":"시흥사거리 (2024년 예정)",
            "가까운역거리":1551.01,
            "역세권여부":"비역세권",
            "30분이내주요거점역":0,
            "30분거점역이름":"[]",
            "1시간이내주요거점역":8,
            "1시간거점역이름":"['강남', '역삼', '여의도', '양재', '평촌', '가산디지털단지', '수원', '구로디지털단지']",
            "3km이내백화점수":0,
            "5km이내아울렛몰수":3,
            "1km이내대형먀트수":0,
            "500m이내은행수":1,
            "500m이내병원수":0,
            "5km이내대형병원수":7,
            "500m이내공원수":0,
            "3km이내혐오시설수":0,
            "초등학교학업성취도":90.0,
            "중학교학업성취도":80.1,
            "용적률":261,
            "건폐율":25,
            "Y":37.453437,
            "X":126.917601,
            "rank":68.0,
            "area_info":"30평(99.36), 32평(108.1), 42평(141.6)",
            "last_sales":"2022-01-24,46000.0,30평(99.36)",
            "rank_history":[
                [
                    "202203",
                    68
                ],
                [
                    "202202",
                    53
                ],
                [
                    "202201",
                    53
                ]
            ],
            "rank_gap":-15
        }
    ]
}