{
    "schema":{
        "fields":[
            {
                "name":"index",
                "type":"integer"
            },
            {
                "name":"아파트명",
                "type":"string"
            },
            {
                "name":"투자타입",
                "type":"string"
            },
            {
                "name":"전용면적(m2)",
                "type":"string"
            },
            {
                "name":"전용면적(평)",
                "type":"string"
            },
            {
                "name":"법정동주소",
                "type":"string"
            },
            {
                "name":"도로명주소",
                "type":"string"
            },
            {
                "name":"세대수",
                "type":"integer"
            },
            {
                "name":"입주년차",
                "type":"string"
            },
            {
                "name":"용적률점수",
                "type":"string"
            },
            {
                "name":"건폐율점수",
                "type":"string"
            },
            {
                "name":"세대당주차수",
                "type":"string"
            },
            {
                "name":"난방방식",
                "type":"string"
            },
            {
                "name":"공급면적",
                "type":"string"
            },
            {
                "name":"전용률",
                "type":"string"
            },
            {
                "name":"욕실수",
                "type":"string"
            },
            {
                "name":"현관타입",
                "type":"string"
            },
            {
                "name":"주거총점",
                "type":"number"
            },
            {
                "name":"지역구공급총점",
                "type":"number"
            },
            {
                "name":"역세권",
                "type":"integer"
            },
            {
                "name":"30분내 이동가능 거점",
                "type":"integer"
            },
            {
                "name":"1시간내 이동가능 거점",
                "type":"integer"
            },
            {
                "name":"교통총점",
                "type":"number"
            },
            {
                "name":"백화점",
                "type":"integer"
            },
            {
                "name":"아울렛몰",
                "type":"integer"
            },
            {
                "name":"대형마트",
                "type":"integer"
            },
            {
                "name":"은행",
                "type":"integer"
            },
            {
                "name":"병원",
                "type":"integer"
            },
            {
                "name":"종합병원",
                "type":"integer"
            },
            {
                "name":"공원",
                "type":"integer"
            },
            {
                "name":"혐오시설",
                "type":"integer"
            },
            {
                "name":"인프라총점",
                "type":"number"
            },
            {
                "name":"초등학군",
                "type":"number"
            },
            {
                "name":"중학군",
                "type":"number"
            },
            {
                "name":"학군총점",
                "type":"number"
            },
            {
                "name":"인구수",
                "type":"number"
            },
            {
                "name":"인구증감",
                "type":"number"
            },
            {
                "name":"인구총점",
                "type":"number"
            },
            {
                "name":"일자리",
                "type":"number"
            },
            {
                "name":"소득수준",
                "type":"number"
            },
            {
                "name":"일자리총점",
                "type":"number"
            },
            {
                "name":"가치 총점",
                "type":"number"
            },
            {
                "name":"매매실거래년",
                "type":"string"
            },
            {
                "name":"매매실거래가",
                "type":"number"
            },
            {
                "name":"전세실거래년",
                "type":"number"
            },
            {
                "name":"전세실거래가",
                "type":"number"
            },
            {
                "name":"전세가율",
                "type":"number"
            },
            {
                "name":"장기전세가율평균",
                "type":"number"
            },
            {
                "name":"전세가율거품지수",
                "type":"number"
            },
            {
                "name":"검색코드",
                "type":"integer"
            },
            {
                "name":"세대수",
                "type":"number"
            },
            {
                "name":"준공년월",
                "type":"string"
            },
            {
                "name":"준공년차",
                "type":"number"
            },
            {
                "name":"가까운역이름",
                "type":"string"
            },
            {
                "name":"가까운역거리",
                "type":"number"
            },
            {
                "name":"역세권여부",
                "type":"string"
            },
            {
                "name":"30분이내주요거점역",
                "type":"integer"
            },
            {
                "name":"30분거점역이름",
                "type":"string"
            },
            {
                "name":"1시간이내주요거점역",
                "type":"integer"
            },
            {
                "name":"1시간거점역이름",
                "type":"string"
            },
            {
                "name":"3km이내백화점수",
                "type":"integer"
            },
            {
                "name":"5km이내아울렛몰수",
                "type":"integer"
            },
            {
                "name":"1km이내대형먀트수",
                "type":"integer"
            },
            {
                "name":"500m이내은행수",
                "type":"integer"
            },
            {
                "name":"500m이내병원수",
                "type":"integer"
            },
            {
                "name":"5km이내대형병원수",
                "type":"integer"
            },
            {
                "name":"500m이내공원수",
                "type":"integer"
            },
            {
                "name":"3km이내혐오시설수",
                "type":"integer"
            },
            {
                "name":"초등학교학업성취도",
                "type":"number"
            },
            {
                "name":"중학교학업성취도",
                "type":"number"
            },
            {
                "name":"용적률",
                "type":"integer"
            },
            {
                "name":"건폐율",
                "type":"integer"
            },
            {
                "name":"Y",
                "type":"number"
            },
            {
                "name":"X",
                "type":"number"
            },
            {
                "name":"rank",
                "type":"number"
            },
            {
                "name":"area_info",
                "type":"string"
            },
            {
                "name":"last_sales",
                "type":"string"
            },
            {
                "name":"rank_history",
                "type":"string"
            },
            {
                "name":"rank_gap",
                "type":"integer"
            }
        ],
        "primaryKey":[
            "index"
        ],
        "pandas_version":"1.4.0"
    },
    "data":[
        {
            "index":16,
            "아파트명":"더킹페로스15차",
            "투자타입":"일반",
            "전용면적(m2)":"85.89",
            "전용면적(평)":"25평",
            "법정동주소":"부산시 영도구 남항동1가 86",
            "도로명주소":"부산시 영도구 절영로 48",
            "세대수":0,
            "입주년차":100,
            "용적률점수":"--",
            "건폐율점수":"--",
            "세대당주차수":60,
            "난방방식":30,
            "공급면적":"--",
            "전용률":"--",
            "욕실수":100,
            "현관타입":100,
            "주거총점":52.0,
            "지역구공급총점":0.0,
            "역세권":50,
            "30분내 이동가능 거점":80,
            "1시간내 이동가능 거점":100,
            "교통총점":69.0,
            "백화점":100,
            "아울렛몰":0,
            "대형마트":100,
            "은행":100,
            "병원":0,
            "종합병원":100,
            "공원":0,
            "혐오시설":0,
            "인프라총점":75.0,
            "초등학군":89.98,
            "중학군":44.62,
            "학군총점":53.692,
            "인구수":11.01,
            "인구증감":-3.42,
            "인구총점":6.681,
            "일자리":5.71,
            "소득수준":61.24,
            "일자리총점":22.369,
            "가치 총점":61.9576,
            "매매실거래년":20220105.0,
            "매매실거래가":31980.0,
            "전세실거래년":20210407.0,
            "전세실거래가":26000.0,
            "전세가율":81.3,
            "장기전세가율평균":70.04,
            "전세가율거품지수":-11.26,
            "검색코드":126071,
            "세대수":83.0,
            "준공년월":"2019-05-17",
            "준공년차":4.0,
            "가까운역이름":"남포",
            "가까운역거리":892.92,
            "역세권여부":"준역세권",
            "30분이내주요거점역":4,
            "30분거점역이름":"['자갈치', '남포', '부산', '범일']",
            "1시간이내주요거점역":13,
            "1시간거점역이름":"['하단', '자갈치', '남포', '부산', '범일', '서면', '부전', '온천장', '부산대', '수영', '경성대·부경대', '사상', '덕천']",
            "3km이내백화점수":1,
            "5km이내아울렛몰수":0,
            "1km이내대형먀트수":2,
            "500m이내은행수":8,
            "500m이내병원수":0,
            "5km이내대형병원수":8,
            "500m이내공원수":0,
            "3km이내혐오시설수":0,
            "초등학교학업성취도":89.98,
            "중학교학업성취도":73.5,
            "용적률":840,
            "건폐율":62,
            "Y":35.090461,
            "X":129.038415,
            "rank":1.0,
            "area_info":"25평(85.89), 26평(86.58), 31평(102.51), 31평(104.14)",
            "last_sales":"2022-01-05,31980.0,25평(85.89)",
            "rank_history":[
                [
                    "202203",
                    1
                ],
                [
                    "202202",
                    9999
                ]
            ],
            "rank_gap":9999
        },
        {
            "index":53,
            "아파트명":"영도봄여름가을겨울",
            "투자타입":"일반",
            "전용면적(m2)":"96.63",
            "전용면적(평)":"29평",
            "법정동주소":"부산시 영도구 대교동1가 95",
            "도로명주소":"부산시 영도구 남항서로 131",
            "세대수":0,
            "입주년차":100,
            "용적률점수":"--",
            "건폐율점수":"--",
            "세대당주차수":30,
            "난방방식":30,
            "공급면적":"--",
            "전용률":"--",
            "욕실수":100,
            "현관타입":100,
            "주거총점":47.5,
            "지역구공급총점":0.0,
            "역세권":50,
            "30분내 이동가능 거점":100,
            "1시간내 이동가능 거점":100,
            "교통총점":75.0,
            "백화점":100,
            "아울렛몰":0,
            "대형마트":100,
            "은행":100,
            "병원":0,
            "종합병원":100,
            "공원":0,
            "혐오시설":0,
            "인프라총점":75.0,
            "초등학군":89.98,
            "중학군":44.62,
            "학군총점":53.692,
            "인구수":11.01,
            "인구증감":-3.42,
            "인구총점":6.681,
            "일자리":5.71,
            "소득수준":61.24,
            "일자리총점":22.369,
            "가치 총점":61.7326,
            "매매실거래년":20191016.0,
            "매매실거래가":32280.0,
            "전세실거래년":null,
            "전세실거래가":null,
            "전세가율":null,
            "장기전세가율평균":70.04,
            "전세가율거품지수":null,
            "검색코드":122138,
            "세대수":115.0,
            "준공년월":"2020-08-04",
            "준공년차":3.0,
            "가까운역이름":"남포",
            "가까운역거리":683.73,
            "역세권여부":"준역세권",
            "30분이내주요거점역":5,
            "30분거점역이름":"['자갈치', '남포', '부산', '범일', '서면']",
            "1시간이내주요거점역":13,
            "1시간거점역이름":"['하단', '자갈치', '남포', '부산', '범일', '서면', '부전', '온천장', '부산대', '수영', '경성대·부경대', '사상', '덕천']",
            "3km이내백화점수":1,
            "5km이내아울렛몰수":0,
            "1km이내대형먀트수":2,
            "500m이내은행수":5,
            "500m이내병원수":0,
            "5km이내대형병원수":8,
            "500m이내공원수":0,
            "3km이내혐오시설수":0,
            "초등학교학업성취도":89.98,
            "중학교학업성취도":73.5,
            "용적률":1041,
            "건폐율":79,
            "Y":35.092251,
            "X":129.037688,
            "rank":2.0,
            "area_info":"29평(96.63), 31평(103.71), 31평(104.54), 32평(108.51), 32평(108.1)",
            "last_sales":"2019-10-16,32280.0,29평(96.63)",
            "rank_history":[
                [
                    "202203",
                    2
                ],
                [
                    "202202",
                    2
                ],
                [
                    "202201",
                    3
                ]
            ],
            "rank_gap":0
        },
        {
            "index":51,
            "아파트명":"로웰타워",
            "투자타입":"일반",
            "전용면적(m2)":"69.35",
            "전용면적(평)":"20평",
            "법정동주소":"부산시 영도구 대교동1가 64-1",
            "도로명주소":"부산시 영도구 봉래나루로 48",
            "세대수":0,
            "입주년차":100,
            "용적률점수":"--",
            "건폐율점수":"--",
            "세대당주차수":30,
            "난방방식":30,
            "공급면적":"--",
            "전용률":"--",
            "욕실수":100,
            "현관타입":100,
            "주거총점":47.5,
            "지역구공급총점":0.0,
            "역세권":50,
            "30분내 이동가능 거점":100,
            "1시간내 이동가능 거점":100,
            "교통총점":75.0,
            "백화점":100,
            "아울렛몰":0,
            "대형마트":100,
            "은행":100,
            "병원":0,
            "종합병원":100,
            "공원":0,
            "혐오시설":0,
            "인프라총점":75.0,
            "초등학군":89.98,
            "중학군":44.62,
            "학군총점":53.692,
            "인구수":11.01,
            "인구증감":-3.42,
            "인구총점":6.681,
            "일자리":5.71,
            "소득수준":61.24,
            "일자리총점":22.369,
            "가치 총점":61.7326,
            "매매실거래년":20201117.0,
            "매매실거래가":20000.0,
            "전세실거래년":20211123.0,
            "전세실거래가":16000.0,
            "전세가율":80.0,
            "장기전세가율평균":70.04,
            "전세가율거품지수":-9.96,
            "검색코드":127102,
            "세대수":68.0,
            "준공년월":"2019-08-01",
            "준공년차":4.0,
            "가까운역이름":"남포",
            "가까운역거리":607.47,
            "역세권여부":"준역세권",
            "30분이내주요거점역":5,
            "30분거점역이름":"['자갈치', '남포', '부산', '범일', '서면']",
            "1시간이내주요거점역":13,
            "1시간거점역이름":"['하단', '자갈치', '남포', '부산', '범일', '서면', '부전', '온천장', '부산대', '수영', '경성대·부경대', '사상', '덕천']",
            "3km이내백화점수":1,
            "5km이내아울렛몰수":0,
            "1km이내대형먀트수":2,
            "500m이내은행수":5,
            "500m이내병원수":0,
            "5km이내대형병원수":9,
            "500m이내공원수":0,
            "3km이내혐오시설수":0,
            "초등학교학업성취도":89.98,
            "중학교학업성취도":73.5,
            "용적률":891,
            "건폐율":72,
            "Y":35.093225,
            "X":129.038179,
            "rank":2.0,
            "area_info":"20평(69.35), 20평(69.39)",
            "last_sales":"2020-11-17,20000.0,20평(69.35)",
            "rank_history":[
                [
                    "202203",
                    2
                ],
                [
                    "202202",
                    9999
                ]
            ],
            "rank_gap":9999
        },
        {
            "index":372,
            "아파트명":"봉래에일린의뜰",
            "투자타입":"일반",
            "전용면적(m2)":"72.63",
            "전용면적(평)":"21평",
            "법정동주소":"부산시 영도구 봉래동4가 69-1",
            "도로명주소":"부산시 영도구 태종로 172",
            "세대수":90,
            "입주년차":100,
            "용적률점수":"--",
            "건폐율점수":"--",
            "세대당주차수":30,
            "난방방식":30,
            "공급면적":"--",
            "전용률":"--",
            "욕실수":100,
            "현관타입":100,
            "주거총점":79.0,
            "지역구공급총점":0.0,
            "역세권":0,
            "30분내 이동가능 거점":60,
            "1시간내 이동가능 거점":100,
            "교통총점":38.0,
            "백화점":100,
            "아울렛몰":0,
            "대형마트":80,
            "은행":0,
            "병원":0,
            "종합병원":100,
            "공원":0,
            "혐오시설":0,
            "인프라총점":62.0,
            "초등학군":90.19,
            "중학군":49.96,
            "학군총점":58.006,
            "인구수":11.01,
            "인구증감":-3.42,
            "인구총점":6.681,
            "일자리":5.71,
            "소득수준":61.24,
            "일자리총점":22.369,
            "가치 총점":61.4518,
            "매매실거래년":20210812.0,
            "매매실거래가":17934.0,
            "전세실거래년":20210813.0,
            "전세실거래가":22000.0,
            "전세가율":122.67,
            "장기전세가율평균":70.04,
            "전세가율거품지수":-52.63,
            "검색코드":122005,
            "세대수":1216.0,
            "준공년월":"2021-04-01",
            "준공년차":2.0,
            "가까운역이름":"남포",
            "가까운역거리":1326.54,
            "역세권여부":"비역세권",
            "30분이내주요거점역":3,
            "30분거점역이름":"['자갈치', '남포', '부산']",
            "1시간이내주요거점역":11,
            "1시간거점역이름":"['하단', '자갈치', '남포', '부산', '범일', '서면', '부전', '온천장', '부산대', '경성대·부경대', '사상']",
            "3km이내백화점수":1,
            "5km이내아울렛몰수":0,
            "1km이내대형먀트수":1,
            "500m이내은행수":0,
            "500m이내병원수":0,
            "5km이내대형병원수":9,
            "500m이내공원수":0,
            "3km이내혐오시설수":0,
            "초등학교학업성취도":90.19,
            "중학교학업성취도":82.4,
            "용적률":259,
            "건폐율":16,
            "Y":35.093215,
            "X":129.048142,
            "rank":3.0,
            "area_info":"21평(72.63), 21평(72.63), 24평(82.62), 30평(100.94), 30평(100.22), 34평(115.65), 34평(115.63), 35평(116.4), 35평(116.21), 40평(133.78)",
            "last_sales":"2021-08-12,17934.0,21평(72.63)",
            "rank_history":[
                [
                    "202203",
                    3
                ],
                [
                    "202202",
                    1
                ],
                [
                    "202201",
                    1
                ]
            ],
            "rank_gap":-2
        },
        {
            "index":341,
            "아파트명":"미광마린타워",
            "투자타입":"재건축",
            "전용면적(m2)":"103.66",
            "전용면적(평)":"31평",
            "법정동주소":"부산시 영도구 봉래동2가 112",
            "도로명주소":"부산시 영도구 대교로14번길 17",
            "세대수":50,
            "입주년차":"--",
            "용적률점수":0,
            "건폐율점수":80,
            "세대당주차수":"--",
            "난방방식":"--",
            "공급면적":90,
            "전용률":80,
            "욕실수":"--",
            "현관타입":"--",
            "주거총점":39.5,
            "지역구공급총점":0.0,
            "역세권":50,
            "30분내 이동가능 거점":80,
            "1시간내 이동가능 거점":100,
            "교통총점":69.0,
            "백화점":100,
            "아울렛몰":0,
            "대형마트":100,
            "은행":100,
            "병원":0,
            "종합병원":100,
            "공원":0,
            "혐오시설":0,
            "인프라총점":75.0,
            "초등학군":90.19,
            "중학군":44.62,
            "학군총점":53.734,
            "인구수":11.01,
            "인구증감":-3.42,
            "인구총점":6.681,
            "일자리":5.71,
            "소득수준":61.24,
            "일자리총점":22.369,
            "가치 총점":58.8452,
            "매매실거래년":20210919.0,
            "매매실거래가":48300.0,
            "전세실거래년":20220204.0,
            "전세실거래가":30000.0,
            "전세가율":62.11,
            "장기전세가율평균":70.04,
            "전세가율거품지수":7.93,
            "검색코드":7876,
            "세대수":676.0,
            "준공년월":"1992-06-05",
            "준공년차":31.0,
            "가까운역이름":"남포",
            "가까운역거리":859.16,
            "역세권여부":"준역세권",
            "30분이내주요거점역":4,
            "30분거점역이름":"['자갈치', '남포', '부산', '서면']",
            "1시간이내주요거점역":12,
            "1시간거점역이름":"['하단', '자갈치', '남포', '부산', '범일', '서면', '부전', '온천장', '부산대', '경성대·부경대', '사상', '덕천']",
            "3km이내백화점수":1,
            "5km이내아울렛몰수":0,
            "1km이내대형먀트수":2,
            "500m이내은행수":5,
            "500m이내병원수":0,
            "5km이내대형병원수":9,
            "500m이내공원수":0,
            "3km이내혐오시설수":0,
            "초등학교학업성취도":90.19,
            "중학교학업성취도":73.5,
            "용적률":384,
            "건폐율":22,
            "Y":35.094355,
            "X":129.043123,
            "rank":4.0,
            "area_info":"31평(103.66), 31평(104.1), 43평(144.28), 52평(172.19), 65평(215.46)",
            "last_sales":"2021-09-19,48300.0,31평(103.66)",
            "rank_history":[
                [
                    "202203",
                    4
                ],
                [
                    "202202",
                    3
                ],
                [
                    "202201",
                    4
                ]
            ],
            "rank_gap":-1
        },
        {
            "index":24,
            "아파트명":"제이스힐타워",
            "투자타입":"일반",
            "전용면적(m2)":"100.28",
            "전용면적(평)":"30평",
            "법정동주소":"부산시 영도구 남항동1가 36-5",
            "도로명주소":"부산시 영도구 남항로9번길 11",
            "세대수":0,
            "입주년차":80,
            "용적률점수":"--",
            "건폐율점수":"--",
            "세대당주차수":0,
            "난방방식":30,
            "공급면적":"--",
            "전용률":"--",
            "욕실수":100,
            "현관타입":100,
            "주거총점":39.0,
            "지역구공급총점":0.0,
            "역세권":50,
            "30분내 이동가능 거점":80,
            "1시간내 이동가능 거점":100,
            "교통총점":69.0,
            "백화점":100,
            "아울렛몰":0,
            "대형마트":100,
            "은행":100,
            "병원":0,
            "종합병원":100,
            "공원":0,
            "혐오시설":0,
            "인프라총점":75.0,
            "초등학군":89.98,
            "중학군":44.62,
            "학군총점":53.692,
            "인구수":11.01,
            "인구증감":-3.42,
            "인구총점":6.681,
            "일자리":5.71,
            "소득수준":61.24,
            "일자리총점":22.369,
            "가치 총점":58.7076,
            "매매실거래년":20210721.0,
            "매매실거래가":23700.0,
            "전세실거래년":20140610.0,
            "전세실거래가":15000.0,
            "전세가율":73.17,
            "장기전세가율평균":70.04,
            "전세가율거품지수":-3.13,
            "검색코드":111340,
            "세대수":55.0,
            "준공년월":"2014-04-23",
            "준공년차":9.0,
            "가까운역이름":"남포",
            "가까운역거리":873.0,
            "역세권여부":"준역세권",
            "30분이내주요거점역":4,
            "30분거점역이름":"['자갈치', '남포', '부산', '범일']",
            "1시간이내주요거점역":13,
            "1시간거점역이름":"['하단', '자갈치', '남포', '부산', '범일', '서면', '부전', '온천장', '부산대', '수영', '경성대·부경대', '사상', '덕천']",
            "3km이내백화점수":1,
            "5km이내아울렛몰수":0,
            "1km이내대형먀트수":2,
            "500m이내은행수":6,
            "500m이내병원수":0,
            "5km이내대형병원수":8,
            "500m이내공원수":0,
            "3km이내혐오시설수":0,
            "초등학교학업성취도":89.98,
            "중학교학업성취도":73.5,
            "용적률":761,
            "건폐율":72,
            "Y":35.090453,
            "X":129.037754,
            "rank":5.0,
            "area_info":"30평(100.28), 31평(102.83), 31평(102.84), 31평(104.45)",
            "last_sales":"2021-07-21,23700.0,31평(104.45)",
            "rank_history":[
                [
                    "202203",
                    5
                ],
                [
                    "202202",
                    9999
                ]
            ],
            "rank_gap":9999
        },
        {
            "index":20,
            "아파트명":"정림위더스하임",
            "투자타입":"일반",
            "전용면적(m2)":"46.68",
            "전용면적(평)":"14평",
            "법정동주소":"부산시 영도구 남항동1가 1",
            "도로명주소":"부산시 영도구 남항서로 123",
            "세대수":0,
            "입주년차":80,
            "용적률점수":"--",
            "건폐율점수":"--",
            "세대당주차수":30,
            "난방방식":30,
            "공급면적":"--",
            "전용률":"--",
            "욕실수":50,
            "현관타입":100,
            "주거총점":38.5,
            "지역구공급총점":0.0,
            "역세권":50,
            "30분내 이동가능 거점":100,
            "1시간내 이동가능 거점":100,
            "교통총점":75.0,
            "백화점":100,
            "아울렛몰":0,
            "대형마트":100,
            "은행":70,
            "병원":0,
            "종합병원":100,
            "공원":0,
            "혐오시설":0,
            "인프라총점":72.0,
            "초등학군":89.98,
            "중학군":44.62,
            "학군총점":53.692,
            "인구수":11.01,
            "인구증감":-3.42,
            "인구총점":6.681,
            "일자리":5.71,
            "소득수준":61.24,
            "일자리총점":22.369,
            "가치 총점":58.5826,
            "매매실거래년":20220114.0,
            "매매실거래가":40000.0,
            "전세실거래년":20200619.0,
            "전세실거래가":8000.0,
            "전세가율":57.14,
            "장기전세가율평균":70.04,
            "전세가율거품지수":12.9,
            "검색코드":119344,
            "세대수":68.0,
            "준공년월":"2018-04-30",
            "준공년차":5.0,
            "가까운역이름":"남포",
            "가까운역거리":761.25,
            "역세권여부":"준역세권",
            "30분이내주요거점역":5,
            "30분거점역이름":"['자갈치', '남포', '부산', '범일', '서면']",
            "1시간이내주요거점역":13,
            "1시간거점역이름":"['하단', '자갈치', '남포', '부산', '범일', '서면', '부전', '온천장', '부산대', '수영', '경성대·부경대', '사상', '덕천']",
            "3km이내백화점수":1,
            "5km이내아울렛몰수":0,
            "1km이내대형먀트수":2,
            "500m이내은행수":4,
            "500m이내병원수":0,
            "5km이내대형병원수":8,
            "500m이내공원수":0,
            "3km이내혐오시설수":0,
            "초등학교학업성취도":89.98,
            "중학교학업성취도":73.5,
            "용적률":780,
            "건폐율":74,
            "Y":35.091345,
            "X":129.037127,
            "rank":6.0,
            "area_info":"14평(46.68), 29평(96.38), 30평(100.55), 33평(109.21)",
            "last_sales":"2022-01-14,40000.0,33평(109.21)",
            "rank_history":[
                [
                    "202203",
                    6
                ],
                [
                    "202202",
                    9999
                ]
            ],
            "rank_gap":9999
        },
        {
            "index":58,
            "아파트명":"명품블루파크(도시형)",
            "투자타입":"일반",
            "전용면적(m2)":"28.57",
            "전용면적(평)":"8평",
            "법정동주소":"부산시 영도구 대교동2가 22-3",
            "도로명주소":"부산시 영도구 절영로13번길 38",
            "세대수":0,
            "입주년차":100,
            "용적률점수":"--",
            "건폐율점수":"--",
            "세대당주차수":0,
            "난방방식":30,
            "공급면적":"--",
            "전용률":"--",
            "욕실수":50,
            "현관타입":100,
            "주거총점":38.0,
            "지역구공급총점":0.0,
            "역세권":50,
            "30분내 이동가능 거점":80,
            "1시간내 이동가능 거점":100,
            "교통총점":69.0,
            "백화점":100,
            "아울렛몰":0,
            "대형마트":100,
            "은행":100,
            "병원":0,
            "종합병원":100,
            "공원":0,
            "혐오시설":0,
            "인프라총점":75.0,
            "초등학군":89.98,
            "중학군":44.62,
            "학군총점":53.692,
            "인구수":11.01,
            "인구증감":-3.42,
            "인구총점":6.681,
            "일자리":5.71,
            "소득수준":61.24,
            "일자리총점":22.369,
            "가치 총점":58.4576,
            "매매실거래년":"18000101",
            "매매실거래가":null,
            "전세실거래년":20210611.0,
            "전세실거래가":4000.0,
            "전세가율":null,
            "장기전세가율평균":70.04,
            "전세가율거품지수":null,
            "검색코드":141029,
            "세대수":54.0,
            "준공년월":"2021-03-19",
            "준공년차":2.0,
            "가까운역이름":"남포",
            "가까운역거리":913.07,
            "역세권여부":"준역세권",
            "30분이내주요거점역":4,
            "30분거점역이름":"['자갈치', '남포', '부산', '범일']",
            "1시간이내주요거점역":13,
            "1시간거점역이름":"['하단', '자갈치', '남포', '부산', '범일', '서면', '부전', '온천장', '부산대', '수영', '경성대·부경대', '사상', '덕천']",
            "3km이내백화점수":1,
            "5km이내아울렛몰수":0,
            "1km이내대형먀트수":2,
            "500m이내은행수":7,
            "500m이내병원수":0,
            "5km이내대형병원수":9,
            "500m이내공원수":0,
            "3km이내혐오시설수":0,
            "초등학교학업성취도":89.98,
            "중학교학업성취도":73.5,
            "용적률":970,
            "건폐율":70,
            "Y":35.092277,
            "X":129.042043,
            "rank":7.0,
            "area_info":"8평(28.57)",
            "last_sales":"1800-01-01,nan,8평(28.57)",
            "rank_history":[
                [
                    "202203",
                    7
                ],
                [
                    "202202",
                    9999
                ]
            ],
            "rank_gap":9999
        },
        {
            "index":77,
            "아파트명":"하나빌",
            "투자타입":"일반",
            "전용면적(m2)":"95.28",
            "전용면적(평)":"28평",
            "법정동주소":"부산시 영도구 대평동1가 7",
            "도로명주소":"부산시 영도구 대평로20번길 23",
            "세대수":0,
            "입주년차":40,
            "용적률점수":"--",
            "건폐율점수":"--",
            "세대당주차수":30,
            "난방방식":30,
            "공급면적":"--",
            "전용률":"--",
            "욕실수":100,
            "현관타입":100,
            "주거총점":35.5,
            "지역구공급총점":0.0,
            "역세권":50,
            "30분내 이동가능 거점":100,
            "1시간내 이동가능 거점":100,
            "교통총점":75.0,
            "백화점":100,
            "아울렛몰":0,
            "대형마트":100,
            "은행":70,
            "병원":0,
            "종합병원":100,
            "공원":0,
            "혐오시설":0,
            "인프라총점":72.0,
            "초등학군":89.98,
            "중학군":44.62,
            "학군총점":53.692,
            "인구수":11.01,
            "인구증감":-3.42,
            "인구총점":6.681,
            "일자리":5.71,
            "소득수준":61.24,
            "일자리총점":22.369,
            "가치 총점":57.8326,
            "매매실거래년":20211009.0,
            "매매실거래가":19000.0,
            "전세실거래년":null,
            "전세실거래가":null,
            "전세가율":null,
            "장기전세가율평균":70.04,
            "전세가율거품지수":null,
            "검색코드":19248,
            "세대수":84.0,
            "준공년월":"2004-06-22",
            "준공년차":19.0,
            "가까운역이름":"남포",
            "가까운역거리":632.96,
            "역세권여부":"준역세권",
            "30분이내주요거점역":5,
            "30분거점역이름":"['자갈치', '남포', '부산', '범일', '서면']",
            "1시간이내주요거점역":13,
            "1시간거점역이름":"['하단', '자갈치', '남포', '부산', '범일', '서면', '부전', '온천장', '부산대', '수영', '경성대·부경대', '사상', '덕천']",
            "3km이내백화점수":1,
            "5km이내아울렛몰수":0,
            "1km이내대형먀트수":3,
            "500m이내은행수":3,
            "500m이내병원수":0,
            "5km이내대형병원수":8,
            "500m이내공원수":0,
            "3km이내혐오시설수":0,
            "초등학교학업성취도":89.98,
            "중학교학업성취도":73.5,
            "용적률":824,
            "건폐율":82,
            "Y":35.09224,
            "X":129.03541,
            "rank":8.0,
            "area_info":"28평(95.28), 29평(96.21), 29평(97.53), 29평(97.54), 29평(97.39)",
            "last_sales":"2021-10-09,19000.0,28평(95.28)",
            "rank_history":[
                [
                    "202203",
                    8
                ],
                [
                    "202202",
                    9999
                ]
            ],
            "rank_gap":9999
        },
        {
            "index":59,
            "아파트명":"아이블리스",
            "투자타입":"일반",
            "전용면적(m2)":"82.82",
            "전용면적(평)":"25평",
            "법정동주소":"부산시 영도구 대교동2가 151-3",
            "도로명주소":"부산시 영도구 절영로 33",
            "세대수":0,
            "입주년차":80,
            "용적률점수":"--",
            "건폐율점수":"--",
            "세대당주차수":0,
            "난방방식":30,
            "공급면적":"--",
            "전용률":"--",
            "욕실수":100,
            "현관타입":100,
            "주거총점":39.0,
            "지역구공급총점":0.0,
            "역세권":50,
            "30분내 이동가능 거점":60,
            "1시간내 이동가능 거점":100,
            "교통총점":63.0,
            "백화점":100,
            "아울렛몰":0,
            "대형마트":100,
            "은행":100,
            "병원":0,
            "종합병원":100,
            "공원":0,
            "혐오시설":0,
            "인프라총점":75.0,
            "초등학군":89.98,
            "중학군":44.62,
            "학군총점":53.692,
            "인구수":11.01,
            "인구증감":-3.42,
            "인구총점":6.681,
            "일자리":5.71,
            "소득수준":61.24,
            "일자리총점":22.369,
            "가치 총점":57.8076,
            "매매실거래년":20210712.0,
            "매매실거래가":28300.0,
            "전세실거래년":20170630.0,
            "전세실거래가":16000.0,
            "전세가율":82.05,
            "장기전세가율평균":70.04,
            "전세가율거품지수":-12.01,
            "검색코드":117423,
            "세대수":54.0,
            "준공년월":"2017-05-15",
            "준공년차":6.0,
            "가까운역이름":"남포",
            "가까운역거리":846.48,
            "역세권여부":"준역세권",
            "30분이내주요거점역":3,
            "30분거점역이름":"['자갈치', '남포', '부산']",
            "1시간이내주요거점역":12,
            "1시간거점역이름":"['하단', '자갈치', '남포', '부산', '범일', '서면', '부전', '온천장', '부산대', '경성대·부경대', '사상', '덕천']",
            "3km이내백화점수":1,
            "5km이내아울렛몰수":0,
            "1km이내대형먀트수":2,
            "500m이내은행수":8,
            "500m이내병원수":0,
            "5km이내대형병원수":8,
            "500m이내공원수":0,
            "3km이내혐오시설수":0,
            "초등학교학업성취도":89.98,
            "중학교학업성취도":73.5,
            "용적률":743,
            "건폐율":60,
            "Y":35.091334,
            "X":129.039432,
            "rank":9.0,
            "area_info":"25평(82.82), 25평(83.73), 29평(97.22)",
            "last_sales":"2021-07-12,28300.0,29평(97.22)",
            "rank_history":[
                [
                    "202203",
                    9
                ],
                [
                    "202202",
                    9999
                ]
            ],
            "rank_gap":9999
        },
        {
            "index":346,
            "아파트명":"오션블루(도시형)",
            "투자타입":"일반",
            "전용면적(m2)":"72.1",
            "전용면적(평)":"21평",
            "법정동주소":"부산시 영도구 봉래동2가 49",
            "도로명주소":"부산시 영도구 대교로 19",
            "세대수":0,
            "입주년차":80,
            "용적률점수":"--",
            "건폐율점수":"--",
            "세대당주차수":0,
            "난방방식":30,
            "공급면적":"--",
            "전용률":"--",
            "욕실수":50,
            "현관타입":100,
            "주거총점":34.0,
            "지역구공급총점":0.0,
            "역세권":50,
            "30분내 이동가능 거점":80,
            "1시간내 이동가능 거점":100,
            "교통총점":69.0,
            "백화점":100,
            "아울렛몰":0,
            "대형마트":100,
            "은행":100,
            "병원":0,
            "종합병원":100,
            "공원":0,
            "혐오시설":0,
            "인프라총점":75.0,
            "초등학군":90.19,
            "중학군":44.62,
            "학군총점":53.734,
            "인구수":11.01,
            "인구증감":-3.42,
            "인구총점":6.681,
            "일자리":5.71,
            "소득수준":61.24,
            "일자리총점":22.369,
            "가치 총점":57.4702,
            "매매실거래년":20211130.0,
            "매매실거래가":20100.0,
            "전세실거래년":20211028.0,
            "전세실거래가":17000.0,
            "전세가율":84.58,
            "장기전세가율평균":70.04,
            "전세가율거품지수":-14.54,
            "검색코드":110960,
            "세대수":75.0,
            "준공년월":"2015-04-23",
            "준공년차":8.0,
            "가까운역이름":"남포",
            "가까운역거리":870.62,
            "역세권여부":"준역세권",
            "30분이내주요거점역":4,
            "30분거점역이름":"['자갈치', '남포', '부산', '서면']",
            "1시간이내주요거점역":13,
            "1시간거점역이름":"['하단', '자갈치', '남포', '부산', '범일', '서면', '부전', '온천장', '부산대', '수영', '경성대·부경대', '사상', '덕천']",
            "3km이내백화점수":1,
            "5km이내아울렛몰수":0,
            "1km이내대형먀트수":2,
            "500m이내은행수":5,
            "500m이내병원수":0,
            "5km이내대형병원수":9,
            "500m이내공원수":0,
            "3km이내혐오시설수":0,
            "초등학교학업성취도":90.19,
            "중학교학업성취도":73.5,
            "용적률":969,
            "건폐율":55,
            "Y":35.09344,
            "X":129.042596,
            "rank":10.0,
            "area_info":"21평(72.1), 21평(72.29), 22평(74.23)",
            "last_sales":"2021-11-30,20100.0,21평(72.1)",
            "rank_history":[
                [
                    "202203",
                    10
                ],
                [
                    "202202",
                    9999
                ]
            ],
            "rank_gap":9999
        },
        {
            "index":31,
            "아파트명":"한울시너스(도시형)",
            "투자타입":"일반",
            "전용면적(m2)":"56.15",
            "전용면적(평)":"16평",
            "법정동주소":"부산시 영도구 남항동1가 51-1",
            "도로명주소":"부산시 영도구 남항로9번길 5",
            "세대수":0,
            "입주년차":80,
            "용적률점수":"--",
            "건폐율점수":"--",
            "세대당주차수":0,
            "난방방식":30,
            "공급면적":"--",
            "전용률":"--",
            "욕실수":50,
            "현관타입":100,
            "주거총점":34.0,
            "지역구공급총점":0.0,
            "역세권":50,
            "30분내 이동가능 거점":80,
            "1시간내 이동가능 거점":100,
            "교통총점":69.0,
            "백화점":100,
            "아울렛몰":0,
            "대형마트":100,
            "은행":100,
            "병원":0,
            "종합병원":100,
            "공원":0,
            "혐오시설":0,
            "인프라총점":75.0,
            "초등학군":89.98,
            "중학군":44.62,
            "학군총점":53.692,
            "인구수":11.01,
            "인구증감":-3.42,
            "인구총점":6.681,
            "일자리":5.71,
            "소득수준":61.24,
            "일자리총점":22.369,
            "가치 총점":57.4576,
            "매매실거래년":20211224.0,
            "매매실거래가":17700.0,
            "전세실거래년":20200715.0,
            "전세실거래가":13000.0,
            "전세가율":73.45,
            "장기전세가율평균":70.04,
            "전세가율거품지수":-3.41,
            "검색코드":111646,
            "세대수":65.0,
            "준공년월":"2014-10-21",
            "준공년차":9.0,
            "가까운역이름":"남포",
            "가까운역거리":894.59,
            "역세권여부":"준역세권",
            "30분이내주요거점역":4,
            "30분거점역이름":"['자갈치', '남포', '부산', '범일']",
            "1시간이내주요거점역":13,
            "1시간거점역이름":"['하단', '자갈치', '남포', '부산', '범일', '서면', '부전', '온천장', '부산대', '수영', '경성대·부경대', '사상', '덕천']",
            "3km이내백화점수":1,
            "5km이내아울렛몰수":0,
            "1km이내대형먀트수":2,
            "500m이내은행수":7,
            "500m이내병원수":0,
            "5km이내대형병원수":8,
            "500m이내공원수":0,
            "3km이내혐오시설수":0,
            "초등학교학업성취도":89.98,
            "중학교학업성취도":73.5,
            "용적률":699,
            "건폐율":74,
            "Y":35.090228,
            "X":129.037674,
            "rank":11.0,
            "area_info":"16평(56.15), 18평(60.27), 18평(61.91), 18평(62.09)",
            "last_sales":"2021-12-24,17700.0,16평(56.15)",
            "rank_history":[
                [
                    "202203",
                    11
                ],
                [
                    "202202",
                    9999
                ]
            ],
            "rank_gap":9999
        },
        {
            "index":404,
            "아파트명":"동부산아이존빌",
            "투자타입":"일반",
            "전용면적(m2)":"61.3",
            "전용면적(평)":"18평",
            "법정동주소":"부산시 영도구 영선동2가 175",
            "도로명주소":"부산시 영도구 영선대로 98",
            "세대수":50,
            "입주년차":40,
            "용적률점수":"--",
            "건폐율점수":"--",
            "세대당주차수":30,
            "난방방식":30,
            "공급면적":"--",
            "전용률":"--",
            "욕실수":50,
            "현관타입":100,
            "주거총점":48.0,
            "지역구공급총점":0.0,
            "역세권":0,
            "30분내 이동가능 거점":60,
            "1시간내 이동가능 거점":100,
            "교통총점":38.0,
            "백화점":100,
            "아울렛몰":0,
            "대형마트":80,
            "은행":100,
            "병원":0,
            "종합병원":100,
            "공원":0,
            "혐오시설":0,
            "인프라총점":72.0,
            "초등학군":89.98,
            "중학군":49.96,
            "학군총점":57.964,
            "인구수":11.01,
            "인구증감":-3.42,
            "인구총점":6.681,
            "일자리":5.71,
            "소득수준":61.24,
            "일자리총점":22.369,
            "가치 총점":56.6892,
            "매매실거래년":20201211.0,
            "매매실거래가":35000.0,
            "전세실거래년":null,
            "전세실거래가":null,
            "전세가율":null,
            "장기전세가율평균":70.04,
            "전세가율거품지수":null,
            "검색코드":11456,
            "세대수":416.0,
            "준공년월":"2004-11-30",
            "준공년차":19.0,
            "가까운역이름":"남포",
            "가까운역거리":1324.12,
            "역세권여부":"비역세권",
            "30분이내주요거점역":3,
            "30분거점역이름":"['자갈치', '남포', '부산']",
            "1시간이내주요거점역":12,
            "1시간거점역이름":"['하단', '자갈치', '남포', '부산', '범일', '서면', '부전', '온천장', '부산대', '경성대·부경대', '사상', '덕천']",
            "3km이내백화점수":1,
            "5km이내아울렛몰수":0,
            "1km이내대형먀트수":1,
            "500m이내은행수":5,
            "500m이내병원수":0,
            "5km이내대형병원수":8,
            "500m이내공원수":0,
            "3km이내혐오시설수":0,
            "초등학교학업성취도":89.98,
            "중학교학업성취도":82.4,
            "용적률":307,
            "건폐율":23,
            "Y":35.088438,
            "X":129.043563,
            "rank":12.0,
            "area_info":"18평(61.3), 29평(97.66), 31평(104.51), 33평(111.07), 33평(111.07), 40평(134.35), 45평(150.0), 48평(161.82), 49평(165.23)",
            "last_sales":"2020-12-11,35000.0,40평(134.35)",
            "rank_history":[
                [
                    "202203",
                    12
                ],
                [
                    "202202",
                    4
                ],
                [
                    "202201",
                    2
                ]
            ],
            "rank_gap":-8
        },
        {
            "index":336,
            "아파트명":"유원블루파크",
            "투자타입":"일반",
            "전용면적(m2)":"79.92",
            "전용면적(평)":"24평",
            "법정동주소":"부산시 영도구 봉래동1가 128-1",
            "도로명주소":"부산시 영도구 대교로40번길 8",
            "세대수":0,
            "입주년차":80,
            "용적률점수":"--",
            "건폐율점수":"--",
            "세대당주차수":0,
            "난방방식":30,
            "공급면적":"--",
            "전용률":"--",
            "욕실수":50,
            "현관타입":10,
            "주거총점":25.0,
            "지역구공급총점":0.0,
            "역세권":50,
            "30분내 이동가능 거점":100,
            "1시간내 이동가능 거점":100,
            "교통총점":75.0,
            "백화점":100,
            "아울렛몰":0,
            "대형마트":100,
            "은행":100,
            "병원":0,
            "종합병원":100,
            "공원":0,
            "혐오시설":0,
            "인프라총점":75.0,
            "초등학군":90.19,
            "중학군":44.62,
            "학군총점":53.734,
            "인구수":11.01,
            "인구증감":-3.42,
            "인구총점":6.681,
            "일자리":5.71,
            "소득수준":61.24,
            "일자리총점":22.369,
            "가치 총점":56.1202,
            "매매실거래년":20220207.0,
            "매매실거래가":26800.0,
            "전세실거래년":20200203.0,
            "전세실거래가":20000.0,
            "전세가율":80.0,
            "장기전세가율평균":70.04,
            "전세가율거품지수":-9.96,
            "검색코드":121259,
            "세대수":93.0,
            "준공년월":"2018-05-01",
            "준공년차":5.0,
            "가까운역이름":"남포",
            "가까운역거리":706.03,
            "역세권여부":"준역세권",
            "30분이내주요거점역":5,
            "30분거점역이름":"['자갈치', '남포', '부산', '범일', '서면']",
            "1시간이내주요거점역":13,
            "1시간거점역이름":"['하단', '자갈치', '남포', '부산', '범일', '서면', '부전', '온천장', '부산대', '수영', '경성대·부경대', '사상', '덕천']",
            "3km이내백화점수":1,
            "5km이내아울렛몰수":0,
            "1km이내대형먀트수":2,
            "500m이내은행수":5,
            "500m이내병원수":0,
            "5km이내대형병원수":9,
            "500m이내공원수":0,
            "3km이내혐오시설수":0,
            "초등학교학업성취도":90.19,
            "중학교학업성취도":73.5,
            "용적률":956,
            "건폐율":72,
            "Y":35.094582,
            "X":129.041348,
            "rank":13.0,
            "area_info":"24평(79.92), 24평(80.86), 25평(83.34), 25평(84.09), 26평(86.05)",
            "last_sales":"2022-02-07,26800.0,25평(84.09)",
            "rank_history":[
                [
                    "202203",
                    13
                ],
                [
                    "202202",
                    9999
                ]
            ],
            "rank_gap":9999
        },
        {
            "index":0,
            "아파트명":"남항드림팰리스",
            "투자타입":"일반",
            "전용면적(m2)":"77.37",
            "전용면적(평)":"23평",
            "법정동주소":"부산시 영도구 남항동1가 116",
            "도로명주소":"부산시 영도구 절영로 43",
            "세대수":0,
            "입주년차":20,
            "용적률점수":"--",
            "건폐율점수":"--",
            "세대당주차수":0,
            "난방방식":30,
            "공급면적":"--",
            "전용률":"--",
            "욕실수":100,
            "현관타입":100,
            "주거총점":27.0,
            "지역구공급총점":0.0,
            "역세권":50,
            "30분내 이동가능 거점":80,
            "1시간내 이동가능 거점":100,
            "교통총점":69.0,
            "백화점":100,
            "아울렛몰":0,
            "대형마트":100,
            "은행":100,
            "병원":0,
            "종합병원":100,
            "공원":0,
            "혐오시설":0,
            "인프라총점":75.0,
            "초등학군":89.98,
            "중학군":44.62,
            "학군총점":53.692,
            "인구수":11.01,
            "인구증감":-3.42,
            "인구총점":6.681,
            "일자리":5.71,
            "소득수준":61.24,
            "일자리총점":22.369,
            "가치 총점":55.7076,
            "매매실거래년":20220120.0,
            "매매실거래가":23500.0,
            "전세실거래년":null,
            "전세실거래가":null,
            "전세가율":null,
            "장기전세가율평균":70.04,
            "전세가율거품지수":null,
            "검색코드":108311,
            "세대수":52.0,
            "준공년월":"2003-11-15",
            "준공년차":20.0,
            "가까운역이름":"남포",
            "가까운역거리":916.13,
            "역세권여부":"준역세권",
            "30분이내주요거점역":4,
            "30분거점역이름":"['자갈치', '남포', '부산', '범일']",
            "1시간이내주요거점역":12,
            "1시간거점역이름":"['하단', '자갈치', '남포', '부산', '범일', '서면', '부전', '온천장', '부산대', '경성대·부경대', '사상', '덕천']",
            "3km이내백화점수":1,
            "5km이내아울렛몰수":0,
            "1km이내대형먀트수":2,
            "500m이내은행수":8,
            "500m이내병원수":0,
            "5km이내대형병원수":8,
            "500m이내공원수":0,
            "3km이내혐오시설수":0,
            "초등학교학업성취도":89.98,
            "중학교학업성취도":73.5,
            "용적률":627,
            "건폐율":55,
            "Y":35.090513,
            "X":129.039181,
            "rank":14.0,
            "area_info":"23평(77.37), 31평(102.99), 31평(104.66), 33평(110.72), 33평(110.68)",
            "last_sales":"2022-01-20,23500.0,33평(110.68)",
            "rank_history":[
                [
                    "202203",
                    14
                ],
                [
                    "202202",
                    9999
                ]
            ],
            "rank_gap":9999
        },
        {
            "index":332,
            "아파트명":"영광골든타워",
            "투자타입":"일반",
            "전용면적(m2)":"76.35",
            "전용면적(평)":"23평",
            "법정동주소":"부산시 영도구 봉래동1가 77",
            "도로명주소":"부산시 영도구 절영로 4",
            "세대수":0,
            "입주년차":20,
            "용적률점수":"--",
            "건폐율점수":"--",
            "세대당주차수":0,
            "난방방식":30,
            "공급면적":"--",
            "전용률":"--",
            "욕실수":50,
            "현관타입":100,
            "주거총점":22.0,
            "지역구공급총점":0.0,
            "역세권":50,
            "30분내 이동가능 거점":100,
            "1시간내 이동가능 거점":100,
            "교통총점":75.0,
            "백화점":100,
            "아울렛몰":0,
            "대형마트":100,
            "은행":100,
            "병원":0,
            "종합병원":100,
            "공원":0,
            "혐오시설":0,
            "인프라총점":75.0,
            "초등학군":90.19,
            "중학군":44.62,
            "학군총점":53.734,
            "인구수":11.01,
            "인구증감":-3.42,
            "인구총점":6.681,
            "일자리":5.71,
            "소득수준":61.24,
            "일자리총점":22.369,
            "가치 총점":55.3702,
            "매매실거래년":20220102.0,
            "매매실거래가":18000.0,
            "전세실거래년":20200108.0,
            "전세실거래가":10000.0,
            "전세가율":55.87,
            "장기전세가율평균":70.04,
            "전세가율거품지수":14.17,
            "검색코드":7900,
            "세대수":122.0,
            "준공년월":"2001-05-17",
            "준공년차":22.0,
            "가까운역이름":"남포",
            "가까운역거리":656.26,
            "역세권여부":"준역세권",
            "30분이내주요거점역":5,
            "30분거점역이름":"['자갈치', '남포', '부산', '범일', '서면']",
            "1시간이내주요거점역":13,
            "1시간거점역이름":"['하단', '자갈치', '남포', '부산', '범일', '서면', '부전', '온천장', '부산대', '수영', '경성대·부경대', '사상', '덕천']",
            "3km이내백화점수":1,
            "5km이내아울렛몰수":0,
            "1km이내대형먀트수":2,
            "500m이내은행수":5,
            "500m이내병원수":0,
            "5km이내대형병원수":9,
            "500m이내공원수":0,
            "3km이내혐오시설수":0,
            "초등학교학업성취도":90.19,
            "중학교학업성취도":73.5,
            "용적률":0,
            "건폐율":0,
            "Y":35.09414,
            "X":129.04029,
            "rank":15.0,
            "area_info":"23평(76.35), 23평(77.55), 33평(109.52), 33평(109.35)",
            "last_sales":"2022-01-02,18000.0,23평(77.55)",
            "rank_history":[
                [
                    "202203",
                    15
                ],
                [
                    "202202",
                    5
                ],
                [
                    "202201",
                    8
                ]
            ],
            "rank_gap":-10
        },
        {
            "index":28,
            "아파트명":"퀸페로스",
            "투자타입":"일반",
            "전용면적(m2)":"101.89",
            "전용면적(평)":"30평",
            "법정동주소":"부산시 영도구 남항동1가 170-1",
            "도로명주소":"부산시 영도구 남항로31번길 15",
            "세대수":0,
            "입주년차":80,
            "용적률점수":"--",
            "건폐율점수":"--",
            "세대당주차수":30,
            "난방방식":30,
            "공급면적":"--",
            "전용률":"--",
            "욕실수":100,
            "현관타입":100,
            "주거총점":43.5,
            "지역구공급총점":0.0,
            "역세권":0,
            "30분내 이동가능 거점":60,
            "1시간내 이동가능 거점":100,
            "교통총점":38.0,
            "백화점":100,
            "아울렛몰":0,
            "대형마트":100,
            "은행":100,
            "병원":0,
            "종합병원":100,
            "공원":0,
            "혐오시설":0,
            "인프라총점":75.0,
            "초등학군":89.98,
            "중학군":44.62,
            "학군총점":53.692,
            "인구수":11.01,
            "인구증감":-3.42,
            "인구총점":6.681,
            "일자리":5.71,
            "소득수준":61.24,
            "일자리총점":22.369,
            "가치 총점":55.1826,
            "매매실거래년":20210817.0,
            "매매실거래가":29300.0,
            "전세실거래년":20210104.0,
            "전세실거래가":22000.0,
            "전세가율":81.48,
            "장기전세가율평균":70.04,
            "전세가율거품지수":-11.44,
            "검색코드":116887,
            "세대수":59.0,
            "준공년월":"2016-06-09",
            "준공년차":7.0,
            "가까운역이름":"남포",
            "가까운역거리":1023.29,
            "역세권여부":"비역세권",
            "30분이내주요거점역":3,
            "30분거점역이름":"['자갈치', '남포', '부산']",
            "1시간이내주요거점역":12,
            "1시간거점역이름":"['하단', '자갈치', '남포', '부산', '범일', '서면', '부전', '온천장', '부산대', '경성대·부경대', '사상', '덕천']",
            "3km이내백화점수":1,
            "5km이내아울렛몰수":0,
            "1km이내대형먀트수":2,
            "500m이내은행수":8,
            "500m이내병원수":0,
            "5km이내대형병원수":8,
            "500m이내공원수":0,
            "3km이내혐오시설수":0,
            "초등학교학업성취도":89.98,
            "중학교학업성취도":73.5,
            "용적률":715,
            "건폐율":71,
            "Y":35.089768,
            "X":129.039988,
            "rank":16.0,
            "area_info":"30평(101.89), 30평(101.9), 30평(101.83)",
            "last_sales":"2021-08-17,29300.0,30평(101.83)",
            "rank_history":[
                [
                    "202203",
                    16
                ],
                [
                    "202202",
                    9999
                ]
            ],
            "rank_gap":9999
        },
        {
            "index":327,
            "아파트명":"대교타운",
            "투자타입":"일반",
            "전용면적(m2)":"69.86",
            "전용면적(평)":"21평",
            "법정동주소":"부산시 영도구 봉래동1가 202-2",
            "도로명주소":"부산시 영도구 대교로46번길 21",
            "세대수":0,
            "입주년차":20,
            "용적률점수":"--",
            "건폐율점수":"--",
            "세대당주차수":0,
            "난방방식":30,
            "공급면적":"--",
            "전용률":"--",
            "욕실수":50,
            "현관타입":100,
            "주거총점":22.0,
            "지역구공급총점":0.0,
            "역세권":50,
            "30분내 이동가능 거점":100,
            "1시간내 이동가능 거점":100,
            "교통총점":75.0,
            "백화점":100,
            "아울렛몰":0,
            "대형마트":100,
            "은행":70,
            "병원":0,
            "종합병원":100,
            "공원":0,
            "혐오시설":0,
            "인프라총점":72.0,
            "초등학군":90.19,
            "중학군":44.62,
            "학군총점":53.734,
            "인구수":11.01,
            "인구증감":-3.42,
            "인구총점":6.681,
            "일자리":5.71,
            "소득수준":61.24,
            "일자리총점":22.369,
            "가치 총점":54.4702,
            "매매실거래년":20201228.0,
            "매매실거래가":21000.0,
            "전세실거래년":null,
            "전세실거래가":null,
            "전세가율":null,
            "장기전세가율평균":70.04,
            "전세가율거품지수":null,
            "검색코드":100812,
            "세대수":100.0,
            "준공년월":"2002-10-02",
            "준공년차":21.0,
            "가까운역이름":"남포",
            "가까운역거리":658.17,
            "역세권여부":"준역세권",
            "30분이내주요거점역":5,
            "30분거점역이름":"['자갈치', '남포', '부산', '범일', '서면']",
            "1시간이내주요거점역":13,
            "1시간거점역이름":"['하단', '자갈치', '남포', '부산', '범일', '서면', '부전', '온천장', '부산대', '수영', '경성대·부경대', '사상', '덕천']",
            "3km이내백화점수":1,
            "5km이내아울렛몰수":0,
            "1km이내대형먀트수":2,
            "500m이내은행수":3,
            "500m이내병원수":0,
            "5km이내대형병원수":9,
            "500m이내공원수":0,
            "3km이내혐오시설수":0,
            "초등학교학업성취도":90.19,
            "중학교학업성취도":73.5,
            "용적률":611,
            "건폐율":84,
            "Y":35.095291,
            "X":129.041226,
            "rank":17.0,
            "area_info":"21평(69.86), 21평(71.51), 27평(89.93), 28평(95.1), 29평(96.25)",
            "last_sales":"2020-12-28,21000.0,29평(96.25)",
            "rank_history":[
                [
                    "202203",
                    17
                ],
                [
                    "202202",
                    7
                ],
                [
                    "202201",
                    10
                ]
            ],
            "rank_gap":-10
        },
        {
            "index":349,
            "아파트명":"성우펠리체리움",
            "투자타입":"일반",
            "전용면적(m2)":"111.37",
            "전용면적(평)":"33평",
            "법정동주소":"부산시 영도구 봉래동3가 91-2",
            "도로명주소":"부산시 영도구 대교로2번길 15",
            "세대수":0,
            "입주년차":80,
            "용적률점수":"--",
            "건폐율점수":"--",
            "세대당주차수":0,
            "난방방식":30,
            "공급면적":"--",
            "전용률":"--",
            "욕실수":100,
            "현관타입":100,
            "주거총점":39.0,
            "지역구공급총점":0.0,
            "역세권":0,
            "30분내 이동가능 거점":60,
            "1시간내 이동가능 거점":100,
            "교통총점":38.0,
            "백화점":100,
            "아울렛몰":0,
            "대형마트":100,
            "은행":20,
            "병원":0,
            "종합병원":100,
            "공원":0,
            "혐오시설":0,
            "인프라총점":67.0,
            "초등학군":90.19,
            "중학군":49.96,
            "학군총점":58.006,
            "인구수":11.01,
            "인구증감":-3.42,
            "인구총점":6.681,
            "일자리":5.71,
            "소득수준":61.24,
            "일자리총점":22.369,
            "가치 총점":52.9518,
            "매매실거래년":20220128.0,
            "매매실거래가":32100.0,
            "전세실거래년":20210116.0,
            "전세실거래가":25000.0,
            "전세가율":78.12,
            "장기전세가율평균":70.04,
            "전세가율거품지수":-8.08,
            "검색코드":106183,
            "세대수":85.0,
            "준공년월":"2015-03-02",
            "준공년차":8.0,
            "가까운역이름":"남포",
            "가까운역거리":1029.92,
            "역세권여부":"비역세권",
            "30분이내주요거점역":3,
            "30분거점역이름":"['자갈치', '남포', '부산']",
            "1시간이내주요거점역":12,
            "1시간거점역이름":"['하단', '자갈치', '남포', '부산', '범일', '서면', '부전', '온천장', '부산대', '경성대·부경대', '사상', '덕천']",
            "3km이내백화점수":1,
            "5km이내아울렛몰수":0,
            "1km이내대형먀트수":2,
            "500m이내은행수":2,
            "500m이내병원수":0,
            "5km이내대형병원수":9,
            "500m이내공원수":0,
            "3km이내혐오시설수":0,
            "초등학교학업성취도":90.19,
            "중학교학업성취도":82.4,
            "용적률":844,
            "건폐율":59,
            "Y":35.093853,
            "X":129.044915,
            "rank":18.0,
            "area_info":"33평(111.37), 33평(112.05), 66평(218.99)",
            "last_sales":"2022-01-28,32100.0,33평(112.05)",
            "rank_history":[
                [
                    "202203",
                    18
                ],
                [
                    "202202",
                    9999
                ]
            ],
            "rank_gap":9999
        },
        {
            "index":413,
            "아파트명":"힐링파크(도시형)",
            "투자타입":"일반",
            "전용면적(m2)":"52.54",
            "전용면적(평)":"15평",
            "법정동주소":"부산시 영도구 영선동2가 44-1",
            "도로명주소":"부산시 영도구 영선대로 69",
            "세대수":0,
            "입주년차":100,
            "용적률점수":"--",
            "건폐율점수":"--",
            "세대당주차수":0,
            "난방방식":30,
            "공급면적":"--",
            "전용률":"--",
            "욕실수":50,
            "현관타입":100,
            "주거총점":38.0,
            "지역구공급총점":0.0,
            "역세권":0,
            "30분내 이동가능 거점":60,
            "1시간내 이동가능 거점":100,
            "교통총점":38.0,
            "백화점":100,
            "아울렛몰":0,
            "대형마트":80,
            "은행":100,
            "병원":0,
            "종합병원":100,
            "공원":0,
            "혐오시설":0,
            "인프라총점":72.0,
            "초등학군":89.98,
            "중학군":44.62,
            "학군총점":53.692,
            "인구수":11.01,
            "인구증감":-3.42,
            "인구총점":6.681,
            "일자리":5.71,
            "소득수준":61.24,
            "일자리총점":22.369,
            "가치 총점":52.9076,
            "매매실거래년":20200922.0,
            "매매실거래가":20803.0,
            "전세실거래년":20200513.0,
            "전세실거래가":15000.0,
            "전세가율":77.46,
            "장기전세가율평균":70.04,
            "전세가율거품지수":-7.42,
            "검색코드":129710,
            "세대수":51.0,
            "준공년월":"2020-01-09",
            "준공년차":3.0,
            "가까운역이름":"남포",
            "가까운역거리":1321.39,
            "역세권여부":"비역세권",
            "30분이내주요거점역":3,
            "30분거점역이름":"['자갈치', '남포', '부산']",
            "1시간이내주요거점역":12,
            "1시간거점역이름":"['하단', '자갈치', '남포', '부산', '범일', '서면', '부전', '온천장', '부산대', '경성대·부경대', '사상', '덕천']",
            "3km이내백화점수":1,
            "5km이내아울렛몰수":0,
            "1km이내대형먀트수":1,
            "500m이내은행수":5,
            "500m이내병원수":0,
            "5km이내대형병원수":8,
            "500m이내공원수":0,
            "3km이내혐오시설수":0,
            "초등학교학업성취도":89.98,
            "중학교학업성취도":73.5,
            "용적률":918,
            "건폐율":69,
            "Y":35.087384,
            "X":129.041487,
            "rank":19.0,
            "area_info":"15평(52.54), 15평(52.59), 16평(55.74)",
            "last_sales":"2020-09-22,20803.0,16평(55.74)",
            "rank_history":[
                [
                    "202203",
                    19
                ],
                [
                    "202202",
                    9999
                ]
            ],
            "rank_gap":9999
        },
        {
            "index":493,
            "아파트명":"영도신도브래뉴",
            "투자타입":"일반",
            "전용면적(m2)":"87.24",
            "전용면적(평)":"26평",
            "법정동주소":"부산시 영도구 청학동 536",
            "도로명주소":"부산시 영도구 태종로 260",
            "세대수":50,
            "입주년차":60,
            "용적률점수":"--",
            "건폐율점수":"--",
            "세대당주차수":30,
            "난방방식":30,
            "공급면적":"--",
            "전용률":"--",
            "욕실수":100,
            "현관타입":100,
            "주거총점":57.0,
            "지역구공급총점":0.0,
            "역세권":0,
            "30분내 이동가능 거점":60,
            "1시간내 이동가능 거점":100,
            "교통총점":38.0,
            "백화점":100,
            "아울렛몰":0,
            "대형마트":0,
            "은행":0,
            "병원":0,
            "종합병원":100,
            "공원":0,
            "혐오시설":0,
            "인프라총점":50.0,
            "초등학군":90.01,
            "중학군":49.96,
            "학군총점":57.97,
            "인구수":11.01,
            "인구증감":-3.42,
            "인구총점":6.681,
            "일자리":5.71,
            "소득수준":61.24,
            "일자리총점":22.369,
            "가치 총점":52.341,
            "매매실거래년":20220211.0,
            "매매실거래가":29600.0,
            "전세실거래년":20210228.0,
            "전세실거래가":21000.0,
            "전세가율":70.95,
            "장기전세가율평균":70.04,
            "전세가율거품지수":-0.91,
            "검색코드":100303,
            "세대수":508.0,
            "준공년월":"2009-07-30",
            "준공년차":14.0,
            "가까운역이름":"중앙",
            "가까운역거리":1923.38,
            "역세권여부":"비역세권",
            "30분이내주요거점역":3,
            "30분거점역이름":"['자갈치', '남포', '부산']",
            "1시간이내주요거점역":11,
            "1시간거점역이름":"['하단', '자갈치', '남포', '부산', '범일', '서면', '부전', '온천장', '부산대', '경성대·부경대', '사상']",
            "3km이내백화점수":1,
            "5km이내아울렛몰수":0,
            "1km이내대형먀트수":0,
            "500m이내은행수":0,
            "500m이내병원수":0,
            "5km이내대형병원수":10,
            "500m이내공원수":0,
            "3km이내혐오시설수":0,
            "초등학교학업성취도":90.01,
            "중학교학업성취도":82.4,
            "용적률":274,
            "건폐율":40,
            "Y":35.097344,
            "X":129.056015,
            "rank":20.0,
            "area_info":"26평(87.24), 33평(111.98), 33평(111.98), 45평(148.99)",
            "last_sales":"2022-02-11,29600.0,26평(87.24)",
            "rank_history":[
                [
                    "202203",
                    20
                ],
                [
                    "202202",
                    9
                ],
                [
                    "202201",
                    7
                ]
            ],
            "rank_gap":-11
        },
        {
            "index":442,
            "아파트명":"영선반도보라",
            "투자타입":"일반",
            "전용면적(m2)":"79.93",
            "전용면적(평)":"24평",
            "법정동주소":"부산시 영도구 영선동4가 186-46",
            "도로명주소":"부산시 영도구 해안산책길 30",
            "세대수":80,
            "입주년차":20,
            "용적률점수":"--",
            "건폐율점수":"--",
            "세대당주차수":30,
            "난방방식":30,
            "공급면적":"--",
            "전용률":"--",
            "욕실수":50,
            "현관타입":100,
            "주거총점":54.5,
            "지역구공급총점":0.0,
            "역세권":0,
            "30분내 이동가능 거점":60,
            "1시간내 이동가능 거점":100,
            "교통총점":38.0,
            "백화점":100,
            "아울렛몰":0,
            "대형마트":0,
            "은행":0,
            "병원":0,
            "종합병원":100,
            "공원":0,
            "혐오시설":0,
            "인프라총점":50.0,
            "초등학군":89.96,
            "중학군":51.94,
            "학군총점":59.544,
            "인구수":11.01,
            "인구증감":-3.42,
            "인구총점":6.681,
            "일자리":5.71,
            "소득수준":61.24,
            "일자리총점":22.369,
            "가치 총점":52.1882,
            "매매실거래년":20220214.0,
            "매매실거래가":24250.0,
            "전세실거래년":20210807.0,
            "전세실거래가":20000.0,
            "전세가율":82.47,
            "장기전세가율평균":70.04,
            "전세가율거품지수":-12.43,
            "검색코드":7909,
            "세대수":868.0,
            "준공년월":"2000-06-16",
            "준공년차":23.0,
            "가까운역이름":"남포",
            "가까운역거리":1773.14,
            "역세권여부":"비역세권",
            "30분이내주요거점역":3,
            "30분거점역이름":"['자갈치', '남포', '부산']",
            "1시간이내주요거점역":10,
            "1시간거점역이름":"['하단', '자갈치', '남포', '부산', '범일', '서면', '부전', '온천장', '부산대', '경성대·부경대']",
            "3km이내백화점수":1,
            "5km이내아울렛몰수":0,
            "1km이내대형먀트수":0,
            "500m이내은행수":0,
            "500m이내병원수":0,
            "5km이내대형병원수":7,
            "500m이내공원수":0,
            "3km이내혐오시설수":0,
            "초등학교학업성취도":89.96,
            "중학교학업성취도":78.7,
            "용적률":387,
            "건폐율":37,
            "Y":35.082503,
            "X":129.039781,
            "rank":21.0,
            "area_info":"24평(79.93), 32평(107.91), 37평(123.4), 49평(162.2), 60평(201.31)",
            "last_sales":"2022-02-14,24250.0,24평(79.93)",
            "rank_history":[
                [
                    "202203",
                    21
                ],
                [
                    "202202",
                    11
                ],
                [
                    "202201",
                    11
                ]
            ],
            "rank_gap":-10
        },
        {
            "index":524,
            "아파트명":"청학화신",
            "투자타입":"재건축",
            "전용면적(m2)":"60.33",
            "전용면적(평)":"18평",
            "법정동주소":"부산시 영도구 청학동 135",
            "도로명주소":"부산시 영도구 태종로358번길 3",
            "세대수":0,
            "입주년차":"--",
            "용적률점수":100,
            "건폐율점수":60,
            "세대당주차수":"--",
            "난방방식":"--",
            "공급면적":50,
            "전용률":80,
            "욕실수":"--",
            "현관타입":"--",
            "주거총점":58.5,
            "지역구공급총점":0.0,
            "역세권":0,
            "30분내 이동가능 거점":40,
            "1시간내 이동가능 거점":100,
            "교통총점":32.0,
            "백화점":100,
            "아울렛몰":0,
            "대형마트":0,
            "은행":0,
            "병원":0,
            "종합병원":100,
            "공원":0,
            "혐오시설":0,
            "인프라총점":50.0,
            "초등학군":89.99,
            "중학군":49.96,
            "학군총점":57.966,
            "인구수":11.01,
            "인구증감":-3.42,
            "인구총점":6.681,
            "일자리":5.71,
            "소득수준":61.24,
            "일자리총점":22.369,
            "가치 총점":51.8148,
            "매매실거래년":20210404.0,
            "매매실거래가":27700.0,
            "전세실거래년":20210717.0,
            "전세실거래가":5000.0,
            "전세가율":25.64,
            "장기전세가율평균":70.04,
            "전세가율거품지수":44.4,
            "검색코드":7933,
            "세대수":245.0,
            "준공년월":"1983-12-24",
            "준공년차":40.0,
            "가까운역이름":"남포",
            "가까운역거리":2632.65,
            "역세권여부":"비역세권",
            "30분이내주요거점역":2,
            "30분거점역이름":"['자갈치', '남포']",
            "1시간이내주요거점역":11,
            "1시간거점역이름":"['하단', '자갈치', '남포', '부산', '범일', '서면', '부전', '온천장', '부산대', '경성대·부경대', '사상']",
            "3km이내백화점수":1,
            "5km이내아울렛몰수":0,
            "1km이내대형먀트수":0,
            "500m이내은행수":0,
            "500m이내병원수":0,
            "5km이내대형병원수":8,
            "500m이내공원수":0,
            "3km이내혐오시설수":0,
            "초등학교학업성취도":89.99,
            "중학교학업성취도":82.4,
            "용적률":147,
            "건폐율":31,
            "Y":35.093721,
            "X":129.063217,
            "rank":22.0,
            "area_info":"18평(60.33), 18평(62.44), 21평(72.37), 22평(73.81), 23평(78.6), 23평(79.31), 24평(80.37), 26평(88.65), 26평(89.23), 26평(89.23), 27평(89.33), 27평(90.58), 27평(90.19), 29평(96.75), 29평(96.55), 29평(97.33)",
            "last_sales":"2021-04-04,27700.0,26평(89.23)",
            "rank_history":[
                [
                    "202203",
                    22
                ],
                [
                    "202202",
                    8
                ],
                [
                    "202201",
                    6
                ]
            ],
            "rank_gap":-14
        },
        {
            "index":5,
            "아파트명":"남항부백자연애(도시형)",
            "투자타입":"일반",
            "전용면적(m2)":"50.59",
            "전용면적(평)":"15평",
            "법정동주소":"부산시 영도구 남항동1가 217-1",
            "도로명주소":"부산시 영도구 절영로35번길 46",
            "세대수":0,
            "입주년차":80,
            "용적률점수":"--",
            "건폐율점수":"--",
            "세대당주차수":0,
            "난방방식":30,
            "공급면적":"--",
            "전용률":"--",
            "욕실수":50,
            "현관타입":10,
            "주거총점":25.0,
            "지역구공급총점":0.0,
            "역세권":0,
            "30분내 이동가능 거점":80,
            "1시간내 이동가능 거점":100,
            "교통총점":44.0,
            "백화점":100,
            "아울렛몰":0,
            "대형마트":100,
            "은행":100,
            "병원":0,
            "종합병원":100,
            "공원":0,
            "혐오시설":0,
            "인프라총점":75.0,
            "초등학군":89.98,
            "중학군":44.62,
            "학군총점":53.692,
            "인구수":11.01,
            "인구증감":-3.42,
            "인구총점":6.681,
            "일자리":5.71,
            "소득수준":61.24,
            "일자리총점":22.369,
            "가치 총점":51.4576,
            "매매실거래년":20210820.0,
            "매매실거래가":20400.0,
            "전세실거래년":20161203.0,
            "전세실거래가":5000.0,
            "전세가율":29.24,
            "장기전세가율평균":70.04,
            "전세가율거품지수":40.8,
            "검색코드":115106,
            "세대수":91.0,
            "준공년월":"2016-07-15",
            "준공년차":7.0,
            "가까운역이름":"남포",
            "가까운역거리":1042.44,
            "역세권여부":"비역세권",
            "30분이내주요거점역":4,
            "30분거점역이름":"['자갈치', '남포', '부산', '범일']",
            "1시간이내주요거점역":13,
            "1시간거점역이름":"['하단', '자갈치', '남포', '부산', '범일', '서면', '부전', '온천장', '부산대', '수영', '경성대·부경대', '사상', '덕천']",
            "3km이내백화점수":1,
            "5km이내아울렛몰수":0,
            "1km이내대형먀트수":2,
            "500m이내은행수":8,
            "500m이내병원수":0,
            "5km이내대형병원수":8,
            "500m이내공원수":0,
            "3km이내혐오시설수":0,
            "초등학교학업성취도":89.98,
            "중학교학업성취도":73.5,
            "용적률":698,
            "건폐율":79,
            "Y":35.090355,
            "X":129.041527,
            "rank":23.0,
            "area_info":"15평(50.59), 15평(52.74), 16평(55.63), 18평(60.05), 18평(60.01)",
            "last_sales":"2021-08-20,20400.0,18평(60.01)",
            "rank_history":[
                [
                    "202203",
                    23
                ],
                [
                    "202202",
                    9999
                ]
            ],
            "rank_gap":9999
        },
        {
            "index":10,
            "아파트명":"남항부백자연애(주)",
            "투자타입":"일반",
            "전용면적(m2)":"73.54",
            "전용면적(평)":"22평",
            "법정동주소":"부산시 영도구 남항동1가 217-1",
            "도로명주소":"부산시 영도구 절영로35번길 46",
            "세대수":0,
            "입주년차":80,
            "용적률점수":"--",
            "건폐율점수":"--",
            "세대당주차수":0,
            "난방방식":30,
            "공급면적":"--",
            "전용률":"--",
            "욕실수":50,
            "현관타입":10,
            "주거총점":25.0,
            "지역구공급총점":0.0,
            "역세권":0,
            "30분내 이동가능 거점":80,
            "1시간내 이동가능 거점":100,
            "교통총점":44.0,
            "백화점":100,
            "아울렛몰":0,
            "대형마트":100,
            "은행":100,
            "병원":0,
            "종합병원":100,
            "공원":0,
            "혐오시설":0,
            "인프라총점":75.0,
            "초등학군":89.98,
            "중학군":44.62,
            "학군총점":53.692,
            "인구수":11.01,
            "인구증감":-3.42,
            "인구총점":6.681,
            "일자리":5.71,
            "소득수준":61.24,
            "일자리총점":22.369,
            "가치 총점":51.4576,
            "매매실거래년":20170814.0,
            "매매실거래가":25997.0,
            "전세실거래년":null,
            "전세실거래가":null,
            "전세가율":null,
            "장기전세가율평균":70.04,
            "전세가율거품지수":null,
            "검색코드":114091,
            "세대수":93.0,
            "준공년월":"2016-07-15",
            "준공년차":7.0,
            "가까운역이름":"남포",
            "가까운역거리":1046.98,
            "역세권여부":"비역세권",
            "30분이내주요거점역":4,
            "30분거점역이름":"['자갈치', '남포', '부산', '범일']",
            "1시간이내주요거점역":12,
            "1시간거점역이름":"['하단', '자갈치', '남포', '부산', '범일', '서면', '부전', '온천장', '부산대', '경성대·부경대', '사상', '덕천']",
            "3km이내백화점수":1,
            "5km이내아울렛몰수":0,
            "1km이내대형먀트수":2,
            "500m이내은행수":8,
            "500m이내병원수":0,
            "5km이내대형병원수":8,
            "500m이내공원수":0,
            "3km이내혐오시설수":0,
            "초등학교학업성취도":89.98,
            "중학교학업성취도":73.5,
            "용적률":698,
            "건폐율":79,
            "Y":35.090277,
            "X":129.041481,
            "rank":23.0,
            "area_info":"22평(73.54), 22평(75.94), 23평(77.31), 23평(78.41), 25평(83.43), 25평(84.16)",
            "last_sales":"2017-08-14,25997.0,25평(84.16)",
            "rank_history":[
                [
                    "202203",
                    23
                ],
                [
                    "202202",
                    9999
                ]
            ],
            "rank_gap":9999
        },
        {
            "index":384,
            "아파트명":"삼신",
            "투자타입":"재건축",
            "전용면적(m2)":"84.36",
            "전용면적(평)":"25평",
            "법정동주소":"부산시 영도구 봉래동5가 177-1",
            "도로명주소":"부산시 영도구 봉래길 172",
            "세대수":0,
            "입주년차":"--",
            "용적률점수":80,
            "건폐율점수":80,
            "세대당주차수":"--",
            "난방방식":"--",
            "공급면적":70,
            "전용률":60,
            "욕실수":"--",
            "현관타입":"--",
            "주거총점":54.5,
            "지역구공급총점":0.0,
            "역세권":0,
            "30분내 이동가능 거점":40,
            "1시간내 이동가능 거점":100,
            "교통총점":32.0,
            "백화점":100,
            "아울렛몰":0,
            "대형마트":0,
            "은행":0,
            "병원":0,
            "종합병원":100,
            "공원":0,
            "혐오시설":0,
            "인프라총점":50.0,
            "초등학군":90.01,
            "중학군":49.96,
            "학군총점":57.97,
            "인구수":11.01,
            "인구증감":-3.42,
            "인구총점":6.681,
            "일자리":5.71,
            "소득수준":61.24,
            "일자리총점":22.369,
            "가치 총점":50.816,
            "매매실거래년":20220111.0,
            "매매실거래가":13000.0,
            "전세실거래년":20211020.0,
            "전세실거래가":6000.0,
            "전세가율":76.92,
            "장기전세가율평균":70.04,
            "전세가율거품지수":-6.88,
            "검색코드":16121,
            "세대수":60.0,
            "준공년월":"1992-12-05",
            "준공년차":31.0,
            "가까운역이름":"남포",
            "가까운역거리":1908.09,
            "역세권여부":"비역세권",
            "30분이내주요거점역":2,
            "30분거점역이름":"['자갈치', '남포']",
            "1시간이내주요거점역":11,
            "1시간거점역이름":"['하단', '자갈치', '남포', '부산', '범일', '서면', '부전', '온천장', '부산대', '경성대·부경대', '사상']",
            "3km이내백화점수":1,
            "5km이내아울렛몰수":0,
            "1km이내대형먀트수":0,
            "500m이내은행수":0,
            "500m이내병원수":0,
            "5km이내대형병원수":9,
            "500m이내공원수":0,
            "3km이내혐오시설수":0,
            "초등학교학업성취도":90.01,
            "중학교학업성취도":82.4,
            "용적률":152,
            "건폐율":29,
            "Y":35.0916,
            "X":129.054241,
            "rank":24.0,
            "area_info":"25평(84.36), 27평(89.97), 27평(89.8), 28평(95.5), 31평(105.67)",
            "last_sales":"2022-01-11,13000.0,28평(95.5)",
            "rank_history":[
                [
                    "202203",
                    24
                ],
                [
                    "202202",
                    9999
                ]
            ],
            "rank_gap":9999
        },
        {
            "index":62,
            "아파트명":"대평태림",
            "투자타입":"재건축",
            "전용면적(m2)":"55.5",
            "전용면적(평)":"16평",
            "법정동주소":"부산시 영도구 대평동1가 90",
            "도로명주소":"부산시 영도구 대평로 15",
            "세대수":0,
            "입주년차":"--",
            "용적률점수":0,
            "건폐율점수":0,
            "세대당주차수":"--",
            "난방방식":"--",
            "공급면적":50,
            "전용률":100,
            "욕실수":"--",
            "현관타입":"--",
            "주거총점":7.5,
            "지역구공급총점":0.0,
            "역세권":50,
            "30분내 이동가능 거점":100,
            "1시간내 이동가능 거점":100,
            "교통총점":75.0,
            "백화점":100,
            "아울렛몰":0,
            "대형마트":80,
            "은행":70,
            "병원":0,
            "종합병원":100,
            "공원":0,
            "혐오시설":0,
            "인프라총점":69.0,
            "초등학군":89.98,
            "중학군":44.62,
            "학군총점":53.692,
            "인구수":11.01,
            "인구증감":-3.42,
            "인구총점":6.681,
            "일자리":5.71,
            "소득수준":61.24,
            "일자리총점":22.369,
            "가치 총점":49.9326,
            "매매실거래년":20160826.0,
            "매매실거래가":16000.0,
            "전세실거래년":null,
            "전세실거래가":null,
            "전세가율":null,
            "장기전세가율평균":70.04,
            "전세가율거품지수":null,
            "검색코드":107611,
            "세대수":57.0,
            "준공년월":"1978-08-12",
            "준공년차":45.0,
            "가까운역이름":"남포",
            "가까운역거리":847.06,
            "역세권여부":"준역세권",
            "30분이내주요거점역":5,
            "30분거점역이름":"['자갈치', '남포', '부산', '범일', '서면']",
            "1시간이내주요거점역":12,
            "1시간거점역이름":"['하단', '자갈치', '남포', '부산', '범일', '서면', '부전', '온천장', '부산대', '경성대·부경대', '사상', '덕천']",
            "3km이내백화점수":1,
            "5km이내아울렛몰수":0,
            "1km이내대형먀트수":1,
            "500m이내은행수":3,
            "500m이내병원수":0,
            "5km이내대형병원수":8,
            "500m이내공원수":0,
            "3km이내혐오시설수":0,
            "초등학교학업성취도":89.98,
            "중학교학업성취도":73.5,
            "용적률":0,
            "건폐율":0,
            "Y":35.090295,
            "X":129.035142,
            "rank":25.0,
            "area_info":"16평(55.5), 19평(64.63), 20평(67.8), 20평(67.44), 24평(79.8), 24평(80.1), 25평(84.33), 25평(84.03), 26평(87.1), 26평(87.11), 27평(92.03), 28평(93.85), 28평(93.85), 34평(112.76), 35평(117.03)",
            "last_sales":"2016-08-26,16000.0,26평(87.11)",
            "rank_history":[
                [
                    "202203",
                    25
                ],
                [
                    "202202",
                    9999
                ]
            ],
            "rank_gap":9999
        },
        {
            "index":416,
            "아파트명":"더페로스",
            "투자타입":"일반",
            "전용면적(m2)":"99.29",
            "전용면적(평)":"30평",
            "법정동주소":"부산시 영도구 영선동3가 8",
            "도로명주소":"부산시 영도구 영선대로67번길 17",
            "세대수":0,
            "입주년차":60,
            "용적률점수":"--",
            "건폐율점수":"--",
            "세대당주차수":30,
            "난방방식":30,
            "공급면적":"--",
            "전용률":"--",
            "욕실수":100,
            "현관타입":100,
            "주거총점":39.5,
            "지역구공급총점":0.0,
            "역세권":0,
            "30분내 이동가능 거점":60,
            "1시간내 이동가능 거점":100,
            "교통총점":38.0,
            "백화점":100,
            "아울렛몰":0,
            "대형마트":0,
            "은행":100,
            "병원":0,
            "종합병원":100,
            "공원":0,
            "혐오시설":0,
            "인프라총점":60.0,
            "초등학군":89.98,
            "중학군":44.62,
            "학군총점":53.692,
            "인구수":11.01,
            "인구증감":-3.42,
            "인구총점":6.681,
            "일자리":5.71,
            "소득수준":61.24,
            "일자리총점":22.369,
            "가치 총점":49.6826,
            "매매실거래년":20211206.0,
            "매매실거래가":28000.0,
            "전세실거래년":20191210.0,
            "전세실거래가":21000.0,
            "전세가율":75.0,
            "장기전세가율평균":70.04,
            "전세가율거품지수":-4.96,
            "검색코드":112243,
            "세대수":84.0,
            "준공년월":"2013-09-13",
            "준공년차":10.0,
            "가까운역이름":"남포",
            "가까운역거리":1293.15,
            "역세권여부":"비역세권",
            "30분이내주요거점역":3,
            "30분거점역이름":"['자갈치', '남포', '부산']",
            "1시간이내주요거점역":11,
            "1시간거점역이름":"['하단', '자갈치', '남포', '부산', '범일', '서면', '부전', '온천장', '부산대', '경성대·부경대', '사상']",
            "3km이내백화점수":1,
            "5km이내아울렛몰수":0,
            "1km이내대형먀트수":0,
            "500m이내은행수":5,
            "500m이내병원수":0,
            "5km이내대형병원수":8,
            "500m이내공원수":0,
            "3km이내혐오시설수":0,
            "초등학교학업성취도":89.98,
            "중학교학업성취도":73.5,
            "용적률":740,
            "건폐율":79,
            "Y":35.087283,
            "X":129.040521,
            "rank":26.0,
            "area_info":"30평(99.29), 30평(99.23), 30평(99.27), 30평(100.72)",
            "last_sales":"2021-12-06,28000.0,30평(99.29)",
            "rank_history":[
                [
                    "202203",
                    26
                ],
                [
                    "202202",
                    9999
                ]
            ],
            "rank_gap":9999
        },
        {
            "index":497,
            "아파트명":"영도원우엔리치빌",
            "투자타입":"일반",
            "전용면적(m2)":"93.17",
            "전용면적(평)":"28평",
            "법정동주소":"부산시 영도구 청학동 489-30",
            "도로명주소":"부산시 영도구 조내기로 38",
            "세대수":50,
            "입주년차":40,
            "용적률점수":"--",
            "건폐율점수":"--",
            "세대당주차수":30,
            "난방방식":30,
            "공급면적":"--",
            "전용률":"--",
            "욕실수":100,
            "현관타입":100,
            "주거총점":53.0,
            "지역구공급총점":0.0,
            "역세권":0,
            "30분내 이동가능 거점":0,
            "1시간내 이동가능 거점":50,
            "교통총점":10.0,
            "백화점":100,
            "아울렛몰":0,
            "대형마트":0,
            "은행":70,
            "병원":0,
            "종합병원":100,
            "공원":80,
            "혐오시설":-50,
            "인프라총점":58.4,
            "초등학군":89.93,
            "중학군":48.1,
            "학군총점":56.466,
            "인구수":11.01,
            "인구증감":-3.42,
            "인구총점":6.681,
            "일자리":5.71,
            "소득수준":61.24,
            "일자리총점":22.369,
            "가치 총점":49.2098,
            "매매실거래년":20220203.0,
            "매매실거래가":17500.0,
            "전세실거래년":20211101.0,
            "전세실거래가":14500.0,
            "전세가율":82.86,
            "장기전세가율평균":70.04,
            "전세가율거품지수":-12.82,
            "검색코드":13218,
            "세대수":490.0,
            "준공년월":"2004-07-09",
            "준공년차":19.0,
            "가까운역이름":"남포",
            "가까운역거리":2873.68,
            "역세권여부":"비역세권",
            "30분이내주요거점역":0,
            "30분거점역이름":"[]",
            "1시간이내주요거점역":5,
            "1시간거점역이름":"['자갈치', '남포', '부산', '범일', '서면']",
            "3km이내백화점수":1,
            "5km이내아울렛몰수":0,
            "1km이내대형먀트수":0,
            "500m이내은행수":3,
            "500m이내병원수":0,
            "5km이내대형병원수":5,
            "500m이내공원수":1,
            "3km이내혐오시설수":1,
            "초등학교학업성취도":89.93,
            "중학교학업성취도":78.5,
            "용적률":279,
            "건폐율":21,
            "Y":35.085561,
            "X":129.062484,
            "rank":27.0,
            "area_info":"28평(93.17), 31평(104.99), 33평(111.04), 34평(113.62), 43평(144.28)",
            "last_sales":"2022-02-03,17500.0,28평(93.17)",
            "rank_history":[
                [
                    "202203",
                    27
                ],
                [
                    "202202",
                    6
                ],
                [
                    "202201",
                    5
                ]
            ],
            "rank_gap":-21
        },
        {
            "index":41,
            "아파트명":"영도화랑맨션",
            "투자타입":"재건축",
            "전용면적(m2)":"70.61",
            "전용면적(평)":"21평",
            "법정동주소":"부산시 영도구 남항동3가 31",
            "도로명주소":"부산시 영도구 남항남로19번길 29",
            "세대수":0,
            "입주년차":"--",
            "용적률점수":80,
            "건폐율점수":40,
            "세대당주차수":"--",
            "난방방식":"--",
            "공급면적":50,
            "전용률":80,
            "욕실수":"--",
            "현관타입":"--",
            "주거총점":46.5,
            "지역구공급총점":0.0,
            "역세권":0,
            "30분내 이동가능 거점":60,
            "1시간내 이동가능 거점":100,
            "교통총점":38.0,
            "백화점":100,
            "아울렛몰":0,
            "대형마트":0,
            "은행":0,
            "병원":0,
            "종합병원":100,
            "공원":0,
            "혐오시설":0,
            "인프라총점":50.0,
            "초등학군":89.98,
            "중학군":44.62,
            "학군총점":53.692,
            "인구수":11.01,
            "인구증감":-3.42,
            "인구총점":6.681,
            "일자리":5.71,
            "소득수준":61.24,
            "일자리총점":22.369,
            "가치 총점":48.4326,
            "매매실거래년":20201029.0,
            "매매실거래가":9500.0,
            "전세실거래년":20211103.0,
            "전세실거래가":3000.0,
            "전세가율":31.58,
            "장기전세가율평균":70.04,
            "전세가율거품지수":38.46,
            "검색코드":16105,
            "세대수":66.0,
            "준공년월":"1986-08-16",
            "준공년차":37.0,
            "가까운역이름":"남포",
            "가까운역거리":1262.21,
            "역세권여부":"비역세권",
            "30분이내주요거점역":3,
            "30분거점역이름":"['자갈치', '남포', '부산']",
            "1시간이내주요거점역":11,
            "1시간거점역이름":"['하단', '자갈치', '남포', '부산', '범일', '서면', '부전', '온천장', '부산대', '경성대·부경대', '사상']",
            "3km이내백화점수":1,
            "5km이내아울렛몰수":0,
            "1km이내대형먀트수":0,
            "500m이내은행수":0,
            "500m이내병원수":0,
            "5km이내대형병원수":7,
            "500m이내공원수":0,
            "3km이내혐오시설수":0,
            "초등학교학업성취도":89.98,
            "중학교학업성취도":73.5,
            "용적률":166,
            "건폐율":37,
            "Y":35.086667,
            "X":129.036686,
            "rank":28.0,
            "area_info":"21평(70.61), 23평(77.23)",
            "last_sales":"2020-10-29,9500.0,21평(70.61)",
            "rank_history":[
                [
                    "202203",
                    28
                ],
                [
                    "202202",
                    9999
                ]
            ],
            "rank_gap":9999
        },
        {
            "index":427,
            "아파트명":"영도대원",
            "투자타입":"재건축",
            "전용면적(m2)":"101.76",
            "전용면적(평)":"30평",
            "법정동주소":"부산시 영도구 영선동4가 245-1",
            "도로명주소":"부산시 영도구 남항새싹길 79",
            "세대수":50,
            "입주년차":"--",
            "용적률점수":0,
            "건폐율점수":80,
            "세대당주차수":"--",
            "난방방식":"--",
            "공급면적":90,
            "전용률":60,
            "욕실수":"--",
            "현관타입":"--",
            "주거총점":38.5,
            "지역구공급총점":0.0,
            "역세권":0,
            "30분내 이동가능 거점":60,
            "1시간내 이동가능 거점":100,
            "교통총점":38.0,
            "백화점":100,
            "아울렛몰":0,
            "대형마트":0,
            "은행":0,
            "병원":0,
            "종합병원":100,
            "공원":0,
            "혐오시설":0,
            "인프라총점":50.0,
            "초등학군":89.96,
            "중학군":51.94,
            "학군총점":59.544,
            "인구수":11.01,
            "인구증감":-3.42,
            "인구총점":6.681,
            "일자리":5.71,
            "소득수준":61.24,
            "일자리총점":22.369,
            "가치 총점":48.1882,
            "매매실거래년":20211029.0,
            "매매실거래가":33000.0,
            "전세실거래년":20211130.0,
            "전세실거래가":3000.0,
            "전세가율":9.09,
            "장기전세가율평균":70.04,
            "전세가율거품지수":60.95,
            "검색코드":7903,
            "세대수":448.0,
            "준공년월":"1991-01-05",
            "준공년차":32.0,
            "가까운역이름":"남포",
            "가까운역거리":1942.22,
            "역세권여부":"비역세권",
            "30분이내주요거점역":3,
            "30분거점역이름":"['자갈치', '남포', '부산']",
            "1시간이내주요거점역":10,
            "1시간거점역이름":"['하단', '자갈치', '남포', '부산', '범일', '서면', '부전', '온천장', '부산대', '경성대·부경대']",
            "3km이내백화점수":1,
            "5km이내아울렛몰수":0,
            "1km이내대형먀트수":0,
            "500m이내은행수":0,
            "500m이내병원수":0,
            "5km이내대형병원수":7,
            "500m이내공원수":0,
            "3km이내혐오시설수":0,
            "초등학교학업성취도":89.96,
            "중학교학업성취도":78.7,
            "용적률":258,
            "건폐율":27,
            "Y":35.081888,
            "X":129.043249,
            "rank":29.0,
            "area_info":"30평(101.76), 31평(103.4), 32평(107.51), 32평(108.8), 32평(108.17), 34평(114.28), 41평(136.84), 46평(154.56), 47평(156.98), 49평(163.1), 50평(165.51), 51평(169.99), 52평(173.63)",
            "last_sales":"2021-10-29,33000.0,30평(101.76)",
            "rank_history":[
                [
                    "202203",
                    29
                ],
                [
                    "202202",
                    14
                ],
                [
                    "202201",
                    17
                ]
            ],
            "rank_gap":-15
        },
        {
            "index":352,
            "아파트명":"수근에이스타운",
            "투자타입":"일반",
            "전용면적(m2)":"50.41",
            "전용면적(평)":"15평",
            "법정동주소":"부산시 영도구 봉래동3가 149",
            "도로명주소":"부산시 영도구 대교로2번길 26",
            "세대수":0,
            "입주년차":20,
            "용적률점수":"--",
            "건폐율점수":"--",
            "세대당주차수":0,
            "난방방식":30,
            "공급면적":"--",
            "전용률":"--",
            "욕실수":50,
            "현관타입":100,
            "주거총점":22.0,
            "지역구공급총점":0.0,
            "역세권":0,
            "30분내 이동가능 거점":60,
            "1시간내 이동가능 거점":100,
            "교통총점":38.0,
            "백화점":100,
            "아울렛몰":0,
            "대형마트":100,
            "은행":0,
            "병원":0,
            "종합병원":100,
            "공원":0,
            "혐오시설":0,
            "인프라총점":65.0,
            "초등학군":90.19,
            "중학군":49.96,
            "학군총점":58.006,
            "인구수":11.01,
            "인구증감":-3.42,
            "인구총점":6.681,
            "일자리":5.71,
            "소득수준":61.24,
            "일자리총점":22.369,
            "가치 총점":48.1018,
            "매매실거래년":20210529.0,
            "매매실거래가":26000.0,
            "전세실거래년":null,
            "전세실거래가":null,
            "전세가율":null,
            "장기전세가율평균":70.04,
            "전세가율거품지수":null,
            "검색코드":25365,
            "세대수":112.0,
            "준공년월":"2003-06-27",
            "준공년차":20.0,
            "가까운역이름":"남포",
            "가까운역거리":1080.71,
            "역세권여부":"비역세권",
            "30분이내주요거점역":3,
            "30분거점역이름":"['자갈치', '남포', '부산']",
            "1시간이내주요거점역":12,
            "1시간거점역이름":"['하단', '자갈치', '남포', '부산', '범일', '서면', '부전', '온천장', '부산대', '경성대·부경대', '사상', '덕천']",
            "3km이내백화점수":1,
            "5km이내아울렛몰수":0,
            "1km이내대형먀트수":2,
            "500m이내은행수":1,
            "500m이내병원수":0,
            "5km이내대형병원수":9,
            "500m이내공원수":0,
            "3km이내혐오시설수":0,
            "초등학교학업성취도":90.19,
            "중학교학업성취도":82.4,
            "용적률":724,
            "건폐율":82,
            "Y":35.093928,
            "X":129.045574,
            "rank":30.0,
            "area_info":"15평(50.41), 17평(59.13), 18평(62.64), 25평(83.27), 28평(95.84), 29평(97.8), 29평(98.36), 30평(100.85)",
            "last_sales":"2021-05-29,26000.0,30평(100.85)",
            "rank_history":[
                [
                    "202203",
                    30
                ],
                [
                    "202202",
                    13
                ],
                [
                    "202201",
                    12
                ]
            ],
            "rank_gap":-17
        },
        {
            "index":486,
            "아파트명":"신영도롯데낙천대",
            "투자타입":"일반",
            "전용면적(m2)":"81.22",
            "전용면적(평)":"24평",
            "법정동주소":"부산시 영도구 청학동 99-294",
            "도로명주소":"부산시 영도구 청학남로 48",
            "세대수":50,
            "입주년차":40,
            "용적률점수":"--",
            "건폐율점수":"--",
            "세대당주차수":0,
            "난방방식":30,
            "공급면적":"--",
            "전용률":"--",
            "욕실수":100,
            "현관타입":100,
            "주거총점":48.5,
            "지역구공급총점":0.0,
            "역세권":0,
            "30분내 이동가능 거점":0,
            "1시간내 이동가능 거점":60,
            "교통총점":12.0,
            "백화점":100,
            "아울렛몰":0,
            "대형마트":0,
            "은행":70,
            "병원":0,
            "종합병원":100,
            "공원":0,
            "혐오시설":-50,
            "인프라총점":56.0,
            "초등학군":90.01,
            "중학군":48.1,
            "학군총점":56.482,
            "인구수":11.01,
            "인구증감":-3.42,
            "인구총점":6.681,
            "일자리":5.71,
            "소득수준":61.24,
            "일자리총점":22.369,
            "가치 총점":47.6696,
            "매매실거래년":20220208.0,
            "매매실거래가":17200.0,
            "전세실거래년":20220223.0,
            "전세실거래가":14500.0,
            "전세가율":84.3,
            "장기전세가율평균":70.04,
            "전세가율거품지수":-14.26,
            "검색코드":10625,
            "세대수":528.0,
            "준공년월":"2005-10-26",
            "준공년차":18.0,
            "가까운역이름":"남포",
            "가까운역거리":2753.73,
            "역세권여부":"비역세권",
            "30분이내주요거점역":0,
            "30분거점역이름":"[]",
            "1시간이내주요거점역":6,
            "1시간거점역이름":"['자갈치', '남포', '부산', '범일', '서면', '부전']",
            "3km이내백화점수":1,
            "5km이내아울렛몰수":0,
            "1km이내대형먀트수":0,
            "500m이내은행수":3,
            "500m이내병원수":0,
            "5km이내대형병원수":7,
            "500m이내공원수":0,
            "3km이내혐오시설수":1,
            "초등학교학업성취도":90.01,
            "중학교학업성취도":78.5,
            "용적률":253,
            "건폐율":17,
            "Y":35.088497,
            "X":129.062733,
            "rank":31.0,
            "area_info":"24평(81.22), 29평(97.42), 32평(108.41), 39평(129.38)",
            "last_sales":"2022-02-08,17200.0,24평(81.22)",
            "rank_history":[
                [
                    "202203",
                    31
                ],
                [
                    "202202",
                    10
                ],
                [
                    "202201",
                    9
                ]
            ],
            "rank_gap":-21
        },
        {
            "index":360,
            "아파트명":"오양대교맨션",
            "투자타입":"재건축",
            "전용면적(m2)":"23.75",
            "전용면적(평)":"7평",
            "법정동주소":"부산시 영도구 봉래동3가 137",
            "도로명주소":"부산시 영도구 대교로6번길 33",
            "세대수":0,
            "입주년차":"--",
            "용적률점수":0,
            "건폐율점수":0,
            "세대당주차수":"--",
            "난방방식":"--",
            "공급면적":50,
            "전용률":80,
            "욕실수":"--",
            "현관타입":"--",
            "주거총점":6.5,
            "지역구공급총점":0.0,
            "역세권":50,
            "30분내 이동가능 거점":60,
            "1시간내 이동가능 거점":100,
            "교통총점":63.0,
            "백화점":100,
            "아울렛몰":0,
            "대형마트":100,
            "은행":0,
            "병원":0,
            "종합병원":100,
            "공원":0,
            "혐오시설":0,
            "인프라총점":65.0,
            "초등학군":90.19,
            "중학군":44.62,
            "학군총점":53.734,
            "인구수":11.01,
            "인구증감":-3.42,
            "인구총점":6.681,
            "일자리":5.71,
            "소득수준":61.24,
            "일자리총점":22.369,
            "가치 총점":46.6952,
            "매매실거래년":20210526.0,
            "매매실거래가":27000.0,
            "전세실거래년":null,
            "전세실거래가":null,
            "전세가율":null,
            "장기전세가율평균":70.04,
            "전세가율거품지수":null,
            "검색코드":11573,
            "세대수":81.0,
            "준공년월":"1991-07-12",
            "준공년차":32.0,
            "가까운역이름":"남포",
            "가까운역거리":986.55,
            "역세권여부":"준역세권",
            "30분이내주요거점역":3,
            "30분거점역이름":"['자갈치', '남포', '부산']",
            "1시간이내주요거점역":12,
            "1시간거점역이름":"['하단', '자갈치', '남포', '부산', '범일', '서면', '부전', '온천장', '부산대', '경성대·부경대', '사상', '덕천']",
            "3km이내백화점수":1,
            "5km이내아울렛몰수":0,
            "1km이내대형먀트수":2,
            "500m이내은행수":1,
            "500m이내병원수":0,
            "5km이내대형병원수":9,
            "500m이내공원수":0,
            "3km이내혐오시설수":0,
            "초등학교학업성취도":90.19,
            "중학교학업성취도":73.5,
            "용적률":505,
            "건폐율":76,
            "Y":35.094611,
            "X":129.044804,
            "rank":32.0,
            "area_info":"7평(23.75), 9평(29.86), 10평(34.18), 24평(81.15), 24평(81.05), 25평(84.34), 27평(90.76), 29평(98.9), 42평(142.13), 46평(154.23), 47평(158.59), 51평(170.72)",
            "last_sales":"2021-05-26,27000.0,51평(170.72)",
            "rank_history":[
                [
                    "202203",
                    32
                ],
                [
                    "202202",
                    9999
                ]
            ],
            "rank_gap":9999
        },
        {
            "index":43,
            "아파트명":"현대",
            "투자타입":"재건축",
            "전용면적(m2)":"45.62",
            "전용면적(평)":"13평",
            "법정동주소":"부산시 영도구 남항동3가 141-113",
            "도로명주소":"부산시 영도구 남항남로 52",
            "세대수":0,
            "입주년차":"--",
            "용적률점수":60,
            "건폐율점수":40,
            "세대당주차수":"--",
            "난방방식":"--",
            "공급면적":50,
            "전용률":80,
            "욕실수":"--",
            "현관타입":"--",
            "주거총점":38.5,
            "지역구공급총점":0.0,
            "역세권":0,
            "30분내 이동가능 거점":60,
            "1시간내 이동가능 거점":100,
            "교통총점":38.0,
            "백화점":100,
            "아울렛몰":0,
            "대형마트":0,
            "은행":0,
            "병원":0,
            "종합병원":100,
            "공원":0,
            "혐오시설":0,
            "인프라총점":50.0,
            "초등학군":89.96,
            "중학군":44.62,
            "학군총점":53.688,
            "인구수":11.01,
            "인구증감":-3.42,
            "인구총점":6.681,
            "일자리":5.71,
            "소득수준":61.24,
            "일자리총점":22.369,
            "가치 총점":46.4314,
            "매매실거래년":20210503.0,
            "매매실거래가":13000.0,
            "전세실거래년":null,
            "전세실거래가":null,
            "전세가율":null,
            "장기전세가율평균":70.04,
            "전세가율거품지수":null,
            "검색코드":15039,
            "세대수":89.0,
            "준공년월":"1978-12-22",
            "준공년차":45.0,
            "가까운역이름":"남포",
            "가까운역거리":1641.23,
            "역세권여부":"비역세권",
            "30분이내주요거점역":3,
            "30분거점역이름":"['자갈치', '남포', '부산']",
            "1시간이내주요거점역":10,
            "1시간거점역이름":"['하단', '자갈치', '남포', '부산', '범일', '서면', '부전', '온천장', '부산대', '경성대·부경대']",
            "3km이내백화점수":1,
            "5km이내아울렛몰수":0,
            "1km이내대형먀트수":0,
            "500m이내은행수":0,
            "500m이내병원수":0,
            "5km이내대형병원수":7,
            "500m이내공원수":0,
            "3km이내혐오시설수":0,
            "초등학교학업성취도":89.96,
            "중학교학업성취도":73.5,
            "용적률":199,
            "건폐율":36,
            "Y":35.083643,
            "X":129.039379,
            "rank":33.0,
            "area_info":"13평(45.62), 16평(53.09), 16평(54.22), 18평(61.71), 19평(65.58), 20평(68.26), 26평(87.84), 26평(89.16)",
            "last_sales":"2021-05-03,13000.0,26평(89.16)",
            "rank_history":[
                [
                    "202203",
                    33
                ],
                [
                    "202202",
                    9999
                ]
            ],
            "rank_gap":9999
        },
        {
            "index":510,
            "아파트명":"천지해오름",
            "투자타입":"일반",
            "전용면적(m2)":"82.85",
            "전용면적(평)":"25평",
            "법정동주소":"부산시 영도구 청학동 214-5",
            "도로명주소":"부산시 영도구 태종로 335",
            "세대수":0,
            "입주년차":40,
            "용적률점수":"--",
            "건폐율점수":"--",
            "세대당주차수":30,
            "난방방식":30,
            "공급면적":"--",
            "전용률":"--",
            "욕실수":50,
            "현관타입":100,
            "주거총점":30.5,
            "지역구공급총점":0.0,
            "역세권":0,
            "30분내 이동가능 거점":60,
            "1시간내 이동가능 거점":100,
            "교통총점":38.0,
            "백화점":100,
            "아울렛몰":0,
            "대형마트":0,
            "은행":0,
            "병원":0,
            "종합병원":100,
            "공원":0,
            "혐오시설":0,
            "인프라총점":50.0,
            "초등학군":89.99,
            "중학군":49.96,
            "학군총점":57.966,
            "인구수":11.01,
            "인구증감":-3.42,
            "인구총점":6.681,
            "일자리":5.71,
            "소득수준":61.24,
            "일자리총점":22.369,
            "가치 총점":45.7148,
            "매매실거래년":20210523.0,
            "매매실거래가":16200.0,
            "전세실거래년":20110824.0,
            "전세실거래가":11000.0,
            "전세가율":67.9,
            "장기전세가율평균":70.04,
            "전세가율거품지수":2.14,
            "검색코드":24269,
            "세대수":63.0,
            "준공년월":"2005-06-18",
            "준공년차":18.0,
            "가까운역이름":"중앙",
            "가까운역거리":2508.49,
            "역세권여부":"비역세권",
            "30분이내주요거점역":3,
            "30분거점역이름":"['자갈치', '남포', '부산']",
            "1시간이내주요거점역":11,
            "1시간거점역이름":"['하단', '자갈치', '남포', '부산', '범일', '서면', '부전', '온천장', '부산대', '경성대·부경대', '사상']",
            "3km이내백화점수":1,
            "5km이내아울렛몰수":0,
            "1km이내대형먀트수":0,
            "500m이내은행수":0,
            "500m이내병원수":0,
            "5km이내대형병원수":10,
            "500m이내공원수":0,
            "3km이내혐오시설수":0,
            "초등학교학업성취도":89.99,
            "중학교학업성취도":82.4,
            "용적률":800,
            "건폐율":84,
            "Y":35.09625,
            "X":129.06238,
            "rank":34.0,
            "area_info":"25평(82.85), 28평(94.58), 28평(94.56), 28평(95.11), 29평(96.13), 29평(97.94)",
            "last_sales":"2021-05-23,16200.0,25평(82.85)",
            "rank_history":[
                [
                    "202203",
                    34
                ],
                [
                    "202202",
                    9999
                ]
            ],
            "rank_gap":9999
        },
        {
            "index":382,
            "아파트명":"영도유림",
            "투자타입":"일반",
            "전용면적(m2)":"80.94",
            "전용면적(평)":"24평",
            "법정동주소":"부산시 영도구 봉래동4가 300",
            "도로명주소":"부산시 영도구 봉래길 94",
            "세대수":30,
            "입주년차":0,
            "용적률점수":"--",
            "건폐율점수":"--",
            "세대당주차수":0,
            "난방방식":30,
            "공급면적":"--",
            "전용률":"--",
            "욕실수":50,
            "현관타입":10,
            "주거총점":19.5,
            "지역구공급총점":0.0,
            "역세권":0,
            "30분내 이동가능 거점":40,
            "1시간내 이동가능 거점":100,
            "교통총점":32.0,
            "백화점":100,
            "아울렛몰":0,
            "대형마트":80,
            "은행":0,
            "병원":0,
            "종합병원":100,
            "공원":0,
            "혐오시설":0,
            "인프라총점":62.0,
            "초등학군":89.98,
            "중학군":49.96,
            "학군총점":57.964,
            "인구수":11.01,
            "인구증감":-3.42,
            "인구총점":6.681,
            "일자리":5.71,
            "소득수준":61.24,
            "일자리총점":22.369,
            "가치 총점":45.6642,
            "매매실거래년":20220205.0,
            "매매실거래가":9800.0,
            "전세실거래년":20210809.0,
            "전세실거래가":7500.0,
            "전세가율":76.53,
            "장기전세가율평균":70.04,
            "전세가율거품지수":-6.49,
            "검색코드":7901,
            "세대수":310.0,
            "준공년월":"1996-12-30",
            "준공년차":27.0,
            "가까운역이름":"남포",
            "가까운역거리":1676.74,
            "역세권여부":"비역세권",
            "30분이내주요거점역":2,
            "30분거점역이름":"['자갈치', '남포']",
            "1시간이내주요거점역":10,
            "1시간거점역이름":"['하단', '자갈치', '남포', '부산', '범일', '서면', '부전', '온천장', '경성대·부경대', '사상']",
            "3km이내백화점수":1,
            "5km이내아울렛몰수":0,
            "1km이내대형먀트수":1,
            "500m이내은행수":0,
            "500m이내병원수":0,
            "5km이내대형병원수":8,
            "500m이내공원수":0,
            "3km이내혐오시설수":0,
            "초등학교학업성취도":89.98,
            "중학교학업성취도":82.4,
            "용적률":245,
            "건폐율":27,
            "Y":35.090315,
            "X":129.05066,
            "rank":35.0,
            "area_info":"24평(80.94), 31평(103.51)",
            "last_sales":"2022-02-05,9800.0,24평(80.94)",
            "rank_history":[
                [
                    "202203",
                    35
                ],
                [
                    "202202",
                    17
                ],
                [
                    "202201",
                    19
                ]
            ],
            "rank_gap":-18
        },
        {
            "index":479,
            "아파트명":"미주",
            "투자타입":"일반",
            "전용면적(m2)":"84.6",
            "전용면적(평)":"25평",
            "법정동주소":"부산시 영도구 청학동 69-83",
            "도로명주소":"부산시 영도구 일산봉로 62",
            "세대수":50,
            "입주년차":20,
            "용적률점수":"--",
            "건폐율점수":"--",
            "세대당주차수":0,
            "난방방식":30,
            "공급면적":"--",
            "전용률":"--",
            "욕실수":50,
            "현관타입":100,
            "주거총점":39.5,
            "지역구공급총점":0.0,
            "역세권":0,
            "30분내 이동가능 거점":20,
            "1시간내 이동가능 거점":70,
            "교통총점":20.0,
            "백화점":100,
            "아울렛몰":0,
            "대형마트":0,
            "은행":0,
            "병원":0,
            "종합병원":100,
            "공원":100,
            "혐오시설":-50,
            "인프라총점":52.0,
            "초등학군":90.01,
            "중학군":48.1,
            "학군총점":56.482,
            "인구수":11.01,
            "인구증감":-3.42,
            "인구총점":6.681,
            "일자리":5.71,
            "소득수준":61.24,
            "일자리총점":22.369,
            "가치 총점":45.4196,
            "매매실거래년":20220206.0,
            "매매실거래가":11850.0,
            "전세실거래년":20211120.0,
            "전세실거래가":10000.0,
            "전세가율":84.39,
            "장기전세가율평균":70.04,
            "전세가율거품지수":-14.35,
            "검색코드":7913,
            "세대수":418.0,
            "준공년월":"1999-08-02",
            "준공년차":24.0,
            "가까운역이름":"남포",
            "가까운역거리":3108.71,
            "역세권여부":"비역세권",
            "30분이내주요거점역":1,
            "30분거점역이름":"['남포']",
            "1시간이내주요거점역":7,
            "1시간거점역이름":"['하단', '자갈치', '남포', '부산', '범일', '서면', '부전']",
            "3km이내백화점수":1,
            "5km이내아울렛몰수":0,
            "1km이내대형먀트수":0,
            "500m이내은행수":0,
            "500m이내병원수":0,
            "5km이내대형병원수":6,
            "500m이내공원수":4,
            "3km이내혐오시설수":1,
            "초등학교학업성취도":90.01,
            "중학교학업성취도":78.5,
            "용적률":292,
            "건폐율":29,
            "Y":35.0875,
            "X":129.066449,
            "rank":36.0,
            "area_info":"25평(84.6), 30평(101.02), 31평(105.69)",
            "last_sales":"2022-02-06,11850.0,25평(84.6)",
            "rank_history":[
                [
                    "202203",
                    36
                ],
                [
                    "202202",
                    12
                ],
                [
                    "202201",
                    14
                ]
            ],
            "rank_gap":-24
        },
        {
            "index":390,
            "아파트명":"한진",
            "투자타입":"일반",
            "전용면적(m2)":"85.86",
            "전용면적(평)":"25평",
            "법정동주소":"부산시 영도구 봉래동5가 30-1",
            "도로명주소":"부산시 영도구 하나길 753",
            "세대수":0,
            "입주년차":0,
            "용적률점수":"--",
            "건폐율점수":"--",
            "세대당주차수":0,
            "난방방식":30,
            "공급면적":"--",
            "전용률":"--",
            "욕실수":100,
            "현관타입":10,
            "주거총점":14.0,
            "지역구공급총점":0.0,
            "역세권":0,
            "30분내 이동가능 거점":60,
            "1시간내 이동가능 거점":100,
            "교통총점":38.0,
            "백화점":100,
            "아울렛몰":0,
            "대형마트":80,
            "은행":0,
            "병원":0,
            "종합병원":100,
            "공원":0,
            "혐오시설":0,
            "인프라총점":62.0,
            "초등학군":90.01,
            "중학군":49.96,
            "학군총점":57.97,
            "인구수":11.01,
            "인구증감":-3.42,
            "인구총점":6.681,
            "일자리":5.71,
            "소득수준":61.24,
            "일자리총점":22.369,
            "가치 총점":45.191,
            "매매실거래년":20220216.0,
            "매매실거래가":12500.0,
            "전세실거래년":20210608.0,
            "전세실거래가":8500.0,
            "전세가율":68.0,
            "장기전세가율평균":70.04,
            "전세가율거품지수":2.04,
            "검색코드":119083,
            "세대수":74.0,
            "준공년월":"1998-12-03",
            "준공년차":25.0,
            "가까운역이름":"남포",
            "가까운역거리":1727.38,
            "역세권여부":"비역세권",
            "30분이내주요거점역":3,
            "30분거점역이름":"['자갈치', '남포', '부산']",
            "1시간이내주요거점역":11,
            "1시간거점역이름":"['하단', '자갈치', '남포', '부산', '범일', '서면', '부전', '온천장', '부산대', '경성대·부경대', '사상']",
            "3km이내백화점수":1,
            "5km이내아울렛몰수":0,
            "1km이내대형먀트수":1,
            "500m이내은행수":0,
            "500m이내병원수":0,
            "5km이내대형병원수":9,
            "500m이내공원수":0,
            "3km이내혐오시설수":0,
            "초등학교학업성취도":90.01,
            "중학교학업성취도":82.4,
            "용적률":156,
            "건폐율":30,
            "Y":35.094455,
            "X":129.053248,
            "rank":37.0,
            "area_info":"25평(85.86), 25평(85.87)",
            "last_sales":"2022-02-16,12500.0,25평(85.86)",
            "rank_history":[
                [
                    "202203",
                    37
                ],
                [
                    "202202",
                    9999
                ]
            ],
            "rank_gap":9999
        },
        {
            "index":472,
            "아파트명":"마린팰리스",
            "투자타입":"일반",
            "전용면적(m2)":"89.25",
            "전용면적(평)":"26평",
            "법정동주소":"부산시 영도구 청학동 7-46",
            "도로명주소":"부산시 영도구 산업로 10",
            "세대수":0,
            "입주년차":20,
            "용적률점수":"--",
            "건폐율점수":"--",
            "세대당주차수":0,
            "난방방식":30,
            "공급면적":"--",
            "전용률":"--",
            "욕실수":100,
            "현관타입":100,
            "주거총점":27.0,
            "지역구공급총점":0.0,
            "역세권":0,
            "30분내 이동가능 거점":60,
            "1시간내 이동가능 거점":100,
            "교통총점":38.0,
            "백화점":100,
            "아울렛몰":0,
            "대형마트":0,
            "은행":0,
            "병원":0,
            "종합병원":100,
            "공원":0,
            "혐오시설":-50,
            "인프라총점":49.0,
            "초등학군":89.99,
            "중학군":49.96,
            "학군총점":57.966,
            "인구수":11.01,
            "인구증감":-3.42,
            "인구총점":6.681,
            "일자리":5.71,
            "소득수준":61.24,
            "일자리총점":22.369,
            "가치 총점":44.5398,
            "매매실거래년":20210715.0,
            "매매실거래가":20800.0,
            "전세실거래년":null,
            "전세실거래가":null,
            "전세가율":null,
            "장기전세가율평균":70.04,
            "전세가율거품지수":null,
            "검색코드":24683,
            "세대수":56.0,
            "준공년월":"2003-07-15",
            "준공년차":20.0,
            "가까운역이름":"남포",
            "가까운역거리":2750.09,
            "역세권여부":"비역세권",
            "30분이내주요거점역":3,
            "30분거점역이름":"['자갈치', '남포', '부산']",
            "1시간이내주요거점역":11,
            "1시간거점역이름":"['하단', '자갈치', '남포', '부산', '범일', '서면', '부전', '온천장', '부산대', '경성대·부경대', '사상']",
            "3km이내백화점수":1,
            "5km이내아울렛몰수":0,
            "1km이내대형먀트수":0,
            "500m이내은행수":0,
            "500m이내병원수":0,
            "5km이내대형병원수":8,
            "500m이내공원수":0,
            "3km이내혐오시설수":1,
            "초등학교학업성취도":89.99,
            "중학교학업성취도":82.4,
            "용적률":492,
            "건폐율":32,
            "Y":35.09487,
            "X":129.064735,
            "rank":38.0,
            "area_info":"26평(89.25), 27평(90.56), 27평(91.19), 27평(92.4), 32평(106.39), 32평(106.42), 32평(106.54)",
            "last_sales":"2021-07-15,20800.0,32평(106.39)",
            "rank_history":[
                [
                    "202203",
                    38
                ],
                [
                    "202202",
                    9999
                ]
            ],
            "rank_gap":9999
        },
        {
            "index":545,
            "아파트명":"한일유앤아이",
            "투자타입":"일반",
            "전용면적(m2)":"105.16",
            "전용면적(평)":"31평",
            "법정동주소":"부산시 영도구 청학동 69-93",
            "도로명주소":"부산시 영도구 일산봉로 58",
            "세대수":0,
            "입주년차":40,
            "용적률점수":"--",
            "건폐율점수":"--",
            "세대당주차수":30,
            "난방방식":30,
            "공급면적":"--",
            "전용률":"--",
            "욕실수":100,
            "현관타입":100,
            "주거총점":35.5,
            "지역구공급총점":0.0,
            "역세권":0,
            "30분내 이동가능 거점":20,
            "1시간내 이동가능 거점":70,
            "교통총점":20.0,
            "백화점":100,
            "아울렛몰":0,
            "대형마트":0,
            "은행":0,
            "병원":0,
            "종합병원":100,
            "공원":100,
            "혐오시설":-50,
            "인프라총점":52.0,
            "초등학군":90.01,
            "중학군":48.1,
            "학군총점":56.482,
            "인구수":11.01,
            "인구증감":-3.42,
            "인구총점":6.681,
            "일자리":5.71,
            "소득수준":61.24,
            "일자리총점":22.369,
            "가치 총점":44.4196,
            "매매실거래년":20220110.0,
            "매매실거래가":19900.0,
            "전세실거래년":20210403.0,
            "전세실거래가":15000.0,
            "전세가율":77.32,
            "장기전세가율평균":70.04,
            "전세가율거품지수":-7.28,
            "검색코드":19787,
            "세대수":210.0,
            "준공년월":"2005-08-17",
            "준공년차":18.0,
            "가까운역이름":"남포",
            "가까운역거리":3049.97,
            "역세권여부":"비역세권",
            "30분이내주요거점역":1,
            "30분거점역이름":"['남포']",
            "1시간이내주요거점역":7,
            "1시간거점역이름":"['하단', '자갈치', '남포', '부산', '범일', '서면', '부전']",
            "3km이내백화점수":1,
            "5km이내아울렛몰수":0,
            "1km이내대형먀트수":0,
            "500m이내은행수":0,
            "500m이내병원수":0,
            "5km이내대형병원수":6,
            "500m이내공원수":4,
            "3km이내혐오시설수":1,
            "초등학교학업성취도":90.01,
            "중학교학업성취도":78.5,
            "용적률":262,
            "건폐율":41,
            "Y":35.087201,
            "X":129.0656,
            "rank":39.0,
            "area_info":"31평(105.16), 32평(108.13)",
            "last_sales":"2022-01-10,19900.0,32평(108.13)",
            "rank_history":[
                [
                    "202203",
                    39
                ],
                [
                    "202202",
                    16
                ],
                [
                    "202201",
                    16
                ]
            ],
            "rank_gap":-23
        },
        {
            "index":389,
            "아파트명":"시영",
            "투자타입":"재건축",
            "전용면적(m2)":"42.98",
            "전용면적(평)":"13평",
            "법정동주소":"부산시 영도구 봉래동5가 169-1",
            "도로명주소":"부산시 영도구 봉래길 134",
            "세대수":0,
            "입주년차":"--",
            "용적률점수":0,
            "건폐율점수":0,
            "세대당주차수":"--",
            "난방방식":"--",
            "공급면적":50,
            "전용률":100,
            "욕실수":"--",
            "현관타입":"--",
            "주거총점":7.5,
            "지역구공급총점":0.0,
            "역세권":0,
            "30분내 이동가능 거점":60,
            "1시간내 이동가능 거점":100,
            "교통총점":38.0,
            "백화점":100,
            "아울렛몰":0,
            "대형마트":80,
            "은행":0,
            "병원":0,
            "종합병원":100,
            "공원":0,
            "혐오시설":0,
            "인프라총점":62.0,
            "초등학군":90.01,
            "중학군":49.96,
            "학군총점":57.97,
            "인구수":11.01,
            "인구증감":-3.42,
            "인구총점":6.681,
            "일자리":5.71,
            "소득수준":61.24,
            "일자리총점":22.369,
            "가치 총점":43.566,
            "매매실거래년":20220128.0,
            "매매실거래가":8400.0,
            "전세실거래년":20211019.0,
            "전세실거래가":2500.0,
            "전세가율":29.76,
            "장기전세가율평균":70.04,
            "전세가율거품지수":40.28,
            "검색코드":7882,
            "세대수":270.0,
            "준공년월":"1977-01-01",
            "준공년차":46.0,
            "가까운역이름":"남포",
            "가까운역거리":1802.58,
            "역세권여부":"비역세권",
            "30분이내주요거점역":3,
            "30분거점역이름":"['자갈치', '남포', '부산']",
            "1시간이내주요거점역":11,
            "1시간거점역이름":"['하단', '자갈치', '남포', '부산', '범일', '서면', '부전', '온천장', '부산대', '경성대·부경대', '사상']",
            "3km이내백화점수":1,
            "5km이내아울렛몰수":0,
            "1km이내대형먀트수":1,
            "500m이내은행수":0,
            "500m이내병원수":0,
            "5km이내대형병원수":9,
            "500m이내공원수":0,
            "3km이내혐오시설수":0,
            "초등학교학업성취도":90.01,
            "중학교학업성취도":82.4,
            "용적률":0,
            "건폐율":0,
            "Y":35.091919,
            "X":129.053148,
            "rank":40.0,
            "area_info":"13평(42.98)",
            "last_sales":"2022-01-28,8400.0,13평(42.98)",
            "rank_history":[
                [
                    "202203",
                    40
                ],
                [
                    "202202",
                    19
                ],
                [
                    "202201",
                    23
                ]
            ],
            "rank_gap":-21
        },
        {
            "index":502,
            "아파트명":"일신마리나타운",
            "투자타입":"일반",
            "전용면적(m2)":"69.84",
            "전용면적(평)":"21평",
            "법정동주소":"부산시 영도구 청학동 85",
            "도로명주소":"부산시 영도구 조내기로 33",
            "세대수":30,
            "입주년차":0,
            "용적률점수":"--",
            "건폐율점수":"--",
            "세대당주차수":0,
            "난방방식":30,
            "공급면적":"--",
            "전용률":"--",
            "욕실수":50,
            "현관타입":100,
            "주거총점":28.5,
            "지역구공급총점":0.0,
            "역세권":0,
            "30분내 이동가능 거점":0,
            "1시간내 이동가능 거점":50,
            "교통총점":10.0,
            "백화점":100,
            "아울렛몰":0,
            "대형마트":0,
            "은행":70,
            "병원":0,
            "종합병원":100,
            "공원":80,
            "혐오시설":-50,
            "인프라총점":58.4,
            "초등학군":90.01,
            "중학군":48.1,
            "학군총점":56.482,
            "인구수":11.01,
            "인구증감":-3.42,
            "인구총점":6.681,
            "일자리":5.71,
            "소득수준":61.24,
            "일자리총점":22.369,
            "가치 총점":43.0896,
            "매매실거래년":20210712.0,
            "매매실거래가":18000.0,
            "전세실거래년":null,
            "전세실거래가":null,
            "전세가율":null,
            "장기전세가율평균":70.04,
            "전세가율거품지수":null,
            "검색코드":7924,
            "세대수":355.0,
            "준공년월":"1994-01-11",
            "준공년차":29.0,
            "가까운역이름":"남포",
            "가까운역거리":2881.89,
            "역세권여부":"비역세권",
            "30분이내주요거점역":0,
            "30분거점역이름":"[]",
            "1시간이내주요거점역":5,
            "1시간거점역이름":"['자갈치', '남포', '부산', '범일', '서면']",
            "3km이내백화점수":1,
            "5km이내아울렛몰수":0,
            "1km이내대형먀트수":0,
            "500m이내은행수":3,
            "500m이내병원수":0,
            "5km이내대형병원수":6,
            "500m이내공원수":1,
            "3km이내혐오시설수":1,
            "초등학교학업성취도":90.01,
            "중학교학업성취도":78.5,
            "용적률":269,
            "건폐율":18,
            "Y":35.08662,
            "X":129.06325,
            "rank":41.0,
            "area_info":"21평(69.84), 22평(72.85), 28평(94.52), 31평(102.81), 31평(103.83), 31평(103.95), 31평(104.0), 43평(145.09)",
            "last_sales":"2021-07-12,18000.0,43평(145.09)",
            "rank_history":[
                [
                    "202203",
                    41
                ],
                [
                    "202202",
                    15
                ],
                [
                    "202201",
                    15
                ]
            ],
            "rank_gap":-26
        },
        {
            "index":35,
            "아파트명":"남항화랑맨션",
            "투자타입":"재건축",
            "전용면적(m2)":"100.01",
            "전용면적(평)":"30평",
            "법정동주소":"부산시 영도구 남항동3가 100",
            "도로명주소":"부산시 영도구 절영로94번길 14",
            "세대수":0,
            "입주년차":"--",
            "용적률점수":0,
            "건폐율점수":0,
            "세대당주차수":"--",
            "난방방식":"--",
            "공급면적":90,
            "전용률":80,
            "욕실수":"--",
            "현관타입":"--",
            "주거총점":8.5,
            "지역구공급총점":0.0,
            "역세권":0,
            "30분내 이동가능 거점":80,
            "1시간내 이동가능 거점":100,
            "교통총점":44.0,
            "백화점":100,
            "아울렛몰":0,
            "대형마트":0,
            "은행":70,
            "병원":0,
            "종합병원":100,
            "공원":0,
            "혐오시설":0,
            "인프라총점":57.0,
            "초등학군":89.98,
            "중학군":44.62,
            "학군총점":53.692,
            "인구수":11.01,
            "인구증감":-3.42,
            "인구총점":6.681,
            "일자리":5.71,
            "소득수준":61.24,
            "일자리총점":22.369,
            "가치 총점":41.9326,
            "매매실거래년":20211002.0,
            "매매실거래가":22500.0,
            "전세실거래년":20200117.0,
            "전세실거래가":16500.0,
            "전세가율":73.33,
            "장기전세가율평균":70.04,
            "전세가율거품지수":-3.29,
            "검색코드":16104,
            "세대수":70.0,
            "준공년월":"1984-06-11",
            "준공년차":39.0,
            "가까운역이름":"남포",
            "가까운역거리":1388.99,
            "역세권여부":"비역세권",
            "30분이내주요거점역":4,
            "30분거점역이름":"['자갈치', '남포', '부산', '범일']",
            "1시간이내주요거점역":11,
            "1시간거점역이름":"['하단', '자갈치', '남포', '부산', '범일', '서면', '부전', '온천장', '부산대', '경성대·부경대', '사상']",
            "3km이내백화점수":1,
            "5km이내아울렛몰수":0,
            "1km이내대형먀트수":0,
            "500m이내은행수":3,
            "500m이내병원수":0,
            "5km이내대형병원수":7,
            "500m이내공원수":0,
            "3km이내혐오시설수":0,
            "초등학교학업성취도":89.98,
            "중학교학업성취도":73.5,
            "용적률":0,
            "건폐율":0,
            "Y":35.085917,
            "X":129.039024,
            "rank":42.0,
            "area_info":"30평(100.01), 30평(101.11)",
            "last_sales":"2021-10-02,22500.0,30평(100.01)",
            "rank_history":[
                [
                    "202203",
                    42
                ],
                [
                    "202202",
                    9999
                ]
            ],
            "rank_gap":9999
        },
        {
            "index":540,
            "아파트명":"한라청학",
            "투자타입":"일반",
            "전용면적(m2)":"75.56",
            "전용면적(평)":"22평",
            "법정동주소":"부산시 영도구 청학동 62-60",
            "도로명주소":"부산시 영도구 태종로 428",
            "세대수":0,
            "입주년차":0,
            "용적률점수":"--",
            "건폐율점수":"--",
            "세대당주차수":0,
            "난방방식":30,
            "공급면적":"--",
            "전용률":"--",
            "욕실수":50,
            "현관타입":100,
            "주거총점":18.0,
            "지역구공급총점":0.0,
            "역세권":0,
            "30분내 이동가능 거점":40,
            "1시간내 이동가능 거점":100,
            "교통총점":32.0,
            "백화점":100,
            "아울렛몰":0,
            "대형마트":0,
            "은행":0,
            "병원":0,
            "종합병원":100,
            "공원":100,
            "혐오시설":-50,
            "인프라총점":52.0,
            "초등학군":90.01,
            "중학군":48.1,
            "학군총점":56.482,
            "인구수":11.01,
            "인구증감":-3.42,
            "인구총점":6.681,
            "일자리":5.71,
            "소득수준":61.24,
            "일자리총점":22.369,
            "가치 총점":41.8446,
            "매매실거래년":20220121.0,
            "매매실거래가":16800.0,
            "전세실거래년":20210519.0,
            "전세실거래가":12000.0,
            "전세가율":71.43,
            "장기전세가율평균":70.04,
            "전세가율거품지수":-1.39,
            "검색코드":7927,
            "세대수":299.0,
            "준공년월":"1994-05-14",
            "준공년차":29.0,
            "가까운역이름":"남포",
            "가까운역거리":3143.14,
            "역세권여부":"비역세권",
            "30분이내주요거점역":2,
            "30분거점역이름":"['자갈치', '남포']",
            "1시간이내주요거점역":11,
            "1시간거점역이름":"['하단', '자갈치', '남포', '부산', '범일', '서면', '부전', '온천장', '부산대', '경성대·부경대', '사상']",
            "3km이내백화점수":1,
            "5km이내아울렛몰수":0,
            "1km이내대형먀트수":0,
            "500m이내은행수":0,
            "500m이내병원수":0,
            "5km이내대형병원수":7,
            "500m이내공원수":2,
            "3km이내혐오시설수":1,
            "초등학교학업성취도":90.01,
            "중학교학업성취도":78.5,
            "용적률":385,
            "건폐율":33,
            "Y":35.08937,
            "X":129.06767,
            "rank":43.0,
            "area_info":"22평(75.56), 23평(76.38), 31평(102.71), 35평(116.29), 44평(147.12)",
            "last_sales":"2022-01-21,16800.0,22평(75.56)",
            "rank_history":[
                [
                    "202203",
                    43
                ],
                [
                    "202202",
                    21
                ],
                [
                    "202201",
                    24
                ]
            ],
            "rank_gap":-22
        },
        {
            "index":420,
            "아파트명":"무궁화",
            "투자타입":"재건축",
            "전용면적(m2)":"67.17",
            "전용면적(평)":"20평",
            "법정동주소":"부산시 영도구 영선동3가 53",
            "도로명주소":"부산시 영도구 절영로102번길 16",
            "세대수":0,
            "입주년차":"--",
            "용적률점수":0,
            "건폐율점수":0,
            "세대당주차수":"--",
            "난방방식":"--",
            "공급면적":50,
            "전용률":100,
            "욕실수":"--",
            "현관타입":"--",
            "주거총점":7.5,
            "지역구공급총점":0.0,
            "역세권":0,
            "30분내 이동가능 거점":80,
            "1시간내 이동가능 거점":100,
            "교통총점":44.0,
            "백화점":100,
            "아울렛몰":0,
            "대형마트":0,
            "은행":70,
            "병원":0,
            "종합병원":100,
            "공원":0,
            "혐오시설":0,
            "인프라총점":57.0,
            "초등학군":89.98,
            "중학군":44.62,
            "학군총점":53.692,
            "인구수":11.01,
            "인구증감":-3.42,
            "인구총점":6.681,
            "일자리":5.71,
            "소득수준":61.24,
            "일자리총점":22.369,
            "가치 총점":41.6826,
            "매매실거래년":20210812.0,
            "매매실거래가":16000.0,
            "전세실거래년":null,
            "전세실거래가":null,
            "전세가율":null,
            "장기전세가율평균":70.04,
            "전세가율거품지수":null,
            "검색코드":117551,
            "세대수":69.0,
            "준공년월":"1982-12-24",
            "준공년차":41.0,
            "가까운역이름":"남포",
            "가까운역거리":1451.7,
            "역세권여부":"비역세권",
            "30분이내주요거점역":4,
            "30분거점역이름":"['자갈치', '남포', '부산', '범일']",
            "1시간이내주요거점역":11,
            "1시간거점역이름":"['하단', '자갈치', '남포', '부산', '범일', '서면', '부전', '온천장', '부산대', '경성대·부경대', '사상']",
            "3km이내백화점수":1,
            "5km이내아울렛몰수":0,
            "1km이내대형먀트수":0,
            "500m이내은행수":3,
            "500m이내병원수":0,
            "5km이내대형병원수":7,
            "500m이내공원수":0,
            "3km이내혐오시설수":0,
            "초등학교학업성취도":89.98,
            "중학교학업성취도":73.5,
            "용적률":0,
            "건폐율":0,
            "Y":35.085547,
            "X":129.039879,
            "rank":44.0,
            "area_info":"20평(67.17), 23평(77.54), 27평(90.48)",
            "last_sales":"2021-08-12,16000.0,27평(90.48)",
            "rank_history":[
                [
                    "202203",
                    44
                ],
                [
                    "202202",
                    9999
                ]
            ],
            "rank_gap":9999
        },
        {
            "index":482,
            "아파트명":"세양쉬에당",
            "투자타입":"일반",
            "전용면적(m2)":"70.83",
            "전용면적(평)":"21평",
            "법정동주소":"부산시 영도구 청학동 475-8",
            "도로명주소":"부산시 영도구 와치로 64",
            "세대수":0,
            "입주년차":20,
            "용적률점수":"--",
            "건폐율점수":"--",
            "세대당주차수":0,
            "난방방식":30,
            "공급면적":"--",
            "전용률":"--",
            "욕실수":50,
            "현관타입":100,
            "주거총점":22.0,
            "지역구공급총점":0.0,
            "역세권":0,
            "30분내 이동가능 거점":0,
            "1시간내 이동가능 거점":50,
            "교통총점":10.0,
            "백화점":100,
            "아울렛몰":0,
            "대형마트":0,
            "은행":70,
            "병원":0,
            "종합병원":100,
            "공원":0,
            "혐오시설":0,
            "인프라총점":57.0,
            "초등학군":89.99,
            "중학군":49.96,
            "학군총점":57.966,
            "인구수":11.01,
            "인구증감":-3.42,
            "인구총점":6.681,
            "일자리":5.71,
            "소득수준":61.24,
            "일자리총점":22.369,
            "가치 총점":41.4898,
            "매매실거래년":"18000101",
            "매매실거래가":null,
            "전세실거래년":null,
            "전세실거래가":null,
            "전세가율":null,
            "장기전세가율평균":70.04,
            "전세가율거품지수":null,
            "검색코드":16134,
            "세대수":96.0,
            "준공년월":"2003-05-13",
            "준공년차":20.0,
            "가까운역이름":"남포",
            "가까운역거리":2555.43,
            "역세권여부":"비역세권",
            "30분이내주요거점역":0,
            "30분거점역이름":"[]",
            "1시간이내주요거점역":5,
            "1시간거점역이름":"['자갈치', '남포', '부산', '범일', '서면']",
            "3km이내백화점수":1,
            "5km이내아울렛몰수":0,
            "1km이내대형먀트수":0,
            "500m이내은행수":3,
            "500m이내병원수":0,
            "5km이내대형병원수":6,
            "500m이내공원수":0,
            "3km이내혐오시설수":0,
            "초등학교학업성취도":89.99,
            "중학교학업성취도":82.4,
            "용적률":88,
            "건폐율":26,
            "Y":35.087655,
            "X":129.059874,
            "rank":45.0,
            "area_info":"21평(70.83), 21평(70.28), 21평(70.83), 21평(70.28)",
            "last_sales":"1800-01-01,nan,21평(70.83)",
            "rank_history":[
                [
                    "202203",
                    45
                ],
                [
                    "202202",
                    9999
                ]
            ],
            "rank_gap":9999
        },
        {
            "index":447,
            "아파트명":"대룡파크맨션",
            "투자타입":"일반",
            "전용면적(m2)":"73.42",
            "전용면적(평)":"22평",
            "법정동주소":"부산시 영도구 청학동 382-85",
            "도로명주소":"부산시 영도구 청학서로 61",
            "세대수":0,
            "입주년차":0,
            "용적률점수":"--",
            "건폐율점수":"--",
            "세대당주차수":0,
            "난방방식":30,
            "공급면적":"--",
            "전용률":"--",
            "욕실수":50,
            "현관타입":50,
            "주거총점":13.0,
            "지역구공급총점":0.0,
            "역세권":0,
            "30분내 이동가능 거점":60,
            "1시간내 이동가능 거점":100,
            "교통총점":38.0,
            "백화점":100,
            "아울렛몰":0,
            "대형마트":0,
            "은행":0,
            "병원":0,
            "종합병원":100,
            "공원":0,
            "혐오시설":0,
            "인프라총점":50.0,
            "초등학군":90.01,
            "중학군":49.96,
            "학군총점":57.97,
            "인구수":11.01,
            "인구증감":-3.42,
            "인구총점":6.681,
            "일자리":5.71,
            "소득수준":61.24,
            "일자리총점":22.369,
            "가치 총점":41.341,
            "매매실거래년":20160329.0,
            "매매실거래가":14400.0,
            "전세실거래년":null,
            "전세실거래가":null,
            "전세가율":null,
            "장기전세가율평균":70.04,
            "전세가율거품지수":null,
            "검색코드":15045,
            "세대수":83.0,
            "준공년월":"1994-08-22",
            "준공년차":29.0,
            "가까운역이름":"남포",
            "가까운역거리":1998.27,
            "역세권여부":"비역세권",
            "30분이내주요거점역":3,
            "30분거점역이름":"['자갈치', '남포', '부산']",
            "1시간이내주요거점역":10,
            "1시간거점역이름":"['하단', '자갈치', '남포', '부산', '범일', '서면', '온천장', '부산대', '경성대·부경대', '사상']",
            "3km이내백화점수":1,
            "5km이내아울렛몰수":0,
            "1km이내대형먀트수":0,
            "500m이내은행수":0,
            "500m이내병원수":0,
            "5km이내대형병원수":10,
            "500m이내공원수":0,
            "3km이내혐오시설수":0,
            "초등학교학업성취도":90.01,
            "중학교학업성취도":82.4,
            "용적률":292,
            "건폐율":35,
            "Y":35.09628,
            "X":129.05661,
            "rank":46.0,
            "area_info":"22평(73.42), 23평(77.19), 23평(77.33), 23평(78.11), 24평(79.87), 30평(99.87), 33평(109.82), 33평(109.32), 33평(111.48)",
            "last_sales":"2016-03-29,14400.0,33평(111.48)",
            "rank_history":[
                [
                    "202203",
                    46
                ],
                [
                    "202202",
                    9999
                ]
            ],
            "rank_gap":9999
        },
        {
            "index":37,
            "아파트명":"무궁화",
            "투자타입":"재건축",
            "전용면적(m2)":"75.6",
            "전용면적(평)":"22평",
            "법정동주소":"부산시 영도구 남항동3가 34-1",
            "도로명주소":"부산시 영도구 남항남로19번길 30",
            "세대수":0,
            "입주년차":"--",
            "용적률점수":0,
            "건폐율점수":0,
            "세대당주차수":"--",
            "난방방식":"--",
            "공급면적":50,
            "전용률":100,
            "욕실수":"--",
            "현관타입":"--",
            "주거총점":7.5,
            "지역구공급총점":0.0,
            "역세권":0,
            "30분내 이동가능 거점":60,
            "1시간내 이동가능 거점":100,
            "교통총점":38.0,
            "백화점":100,
            "아울렛몰":0,
            "대형마트":0,
            "은행":70,
            "병원":0,
            "종합병원":100,
            "공원":0,
            "혐오시설":0,
            "인프라총점":57.0,
            "초등학군":89.98,
            "중학군":44.62,
            "학군총점":53.692,
            "인구수":11.01,
            "인구증감":-3.42,
            "인구총점":6.681,
            "일자리":5.71,
            "소득수준":61.24,
            "일자리총점":22.369,
            "가치 총점":40.7826,
            "매매실거래년":20200618.0,
            "매매실거래가":11750.0,
            "전세실거래년":20181112.0,
            "전세실거래가":8000.0,
            "전세가율":68.09,
            "장기전세가율평균":70.04,
            "전세가율거품지수":1.95,
            "검색코드":111342,
            "세대수":70.0,
            "준공년월":"1983-12-23",
            "준공년차":40.0,
            "가까운역이름":"남포",
            "가까운역거리":1277.22,
            "역세권여부":"비역세권",
            "30분이내주요거점역":3,
            "30분거점역이름":"['자갈치', '남포', '부산']",
            "1시간이내주요거점역":11,
            "1시간거점역이름":"['하단', '자갈치', '남포', '부산', '범일', '서면', '부전', '온천장', '부산대', '경성대·부경대', '사상']",
            "3km이내백화점수":1,
            "5km이내아울렛몰수":0,
            "1km이내대형먀트수":0,
            "500m이내은행수":3,
            "500m이내병원수":0,
            "5km이내대형병원수":7,
            "500m이내공원수":0,
            "3km이내혐오시설수":0,
            "초등학교학업성취도":89.98,
            "중학교학업성취도":73.5,
            "용적률":0,
            "건폐율":0,
            "Y":35.086642,
            "X":129.037487,
            "rank":47.0,
            "area_info":"22평(75.6), 25평(82.8), 27평(90.18), 27평(91.17)",
            "last_sales":"2020-06-18,11750.0,22평(75.6)",
            "rank_history":[
                [
                    "202203",
                    47
                ],
                [
                    "202202",
                    9999
                ]
            ],
            "rank_gap":9999
        },
        {
            "index":292,
            "아파트명":"조양비취맨션",
            "투자타입":"재건축",
            "전용면적(m2)":"55.8",
            "전용면적(평)":"16평",
            "법정동주소":"부산시 영도구 동삼동 656",
            "도로명주소":"부산시 영도구 절영로 504",
            "세대수":50,
            "입주년차":"--",
            "용적률점수":80,
            "건폐율점수":40,
            "세대당주차수":"--",
            "난방방식":"--",
            "공급면적":50,
            "전용률":80,
            "욕실수":"--",
            "현관타입":"--",
            "주거총점":61.5,
            "지역구공급총점":0.0,
            "역세권":0,
            "30분내 이동가능 거점":0,
            "1시간내 이동가능 거점":50,
            "교통총점":10.0,
            "백화점":0,
            "아울렛몰":0,
            "대형마트":0,
            "은행":0,
            "병원":0,
            "종합병원":100,
            "공원":100,
            "혐오시설":0,
            "인프라총점":23.0,
            "초등학군":90.0,
            "중학군":48.3,
            "학군총점":56.64,
            "인구수":11.01,
            "인구증감":-3.42,
            "인구총점":6.681,
            "일자리":5.71,
            "소득수준":61.24,
            "일자리총점":22.369,
            "가치 총점":40.767,
            "매매실거래년":20211117.0,
            "매매실거래가":12000.0,
            "전세실거래년":20220211.0,
            "전세실거래가":6000.0,
            "전세가율":54.55,
            "장기전세가율평균":70.04,
            "전세가율거품지수":15.49,
            "검색코드":7871,
            "세대수":630.0,
            "준공년월":"1985-12-01",
            "준공년차":38.0,
            "가까운역이름":"남포",
            "가까운역거리":4437.17,
            "역세권여부":"비역세권",
            "30분이내주요거점역":0,
            "30분거점역이름":"[]",
            "1시간이내주요거점역":5,
            "1시간거점역이름":"['자갈치', '남포', '부산', '범일', '서면']",
            "3km이내백화점수":0,
            "5km이내아울렛몰수":0,
            "1km이내대형먀트수":0,
            "500m이내은행수":0,
            "500m이내병원수":0,
            "5km이내대형병원수":2,
            "500m이내공원수":3,
            "3km이내혐오시설수":0,
            "초등학교학업성취도":90.0,
            "중학교학업성취도":80.5,
            "용적률":154,
            "건폐율":38,
            "Y":35.071726,
            "X":129.071539,
            "rank":48.0,
            "area_info":"16평(55.8), 17평(59.4), 18평(61.2), 19평(63.36), 20평(66.15), 20평(68.4), 22평(73.44), 27평(91.8)",
            "last_sales":"2021-11-17,12000.0,20평(66.15)",
            "rank_history":[
                [
                    "202203",
                    48
                ],
                [
                    "202202",
                    18
                ],
                [
                    "202201",
                    18
                ]
            ],
            "rank_gap":-30
        },
        {
            "index":423,
            "아파트명":"동산",
            "투자타입":"재건축",
            "전용면적(m2)":"90.05",
            "전용면적(평)":"27평",
            "법정동주소":"부산시 영도구 영선동4가 1106",
            "도로명주소":"부산시 영도구 절영로 239",
            "세대수":0,
            "입주년차":"--",
            "용적률점수":0,
            "건폐율점수":40,
            "세대당주차수":"--",
            "난방방식":"--",
            "공급면적":70,
            "전용률":80,
            "욕실수":"--",
            "현관타입":"--",
            "주거총점":15.5,
            "지역구공급총점":0.0,
            "역세권":0,
            "30분내 이동가능 거점":20,
            "1시간내 이동가능 거점":100,
            "교통총점":26.0,
            "백화점":100,
            "아울렛몰":0,
            "대형마트":0,
            "은행":0,
            "병원":0,
            "종합병원":100,
            "공원":0,
            "혐오시설":0,
            "인프라총점":50.0,
            "초등학군":89.98,
            "중학군":51.94,
            "학군총점":59.548,
            "인구수":11.01,
            "인구증감":-3.42,
            "인구총점":6.681,
            "일자리":5.71,
            "소득수준":61.24,
            "일자리총점":22.369,
            "가치 총점":40.6394,
            "매매실거래년":20201026.0,
            "매매실거래가":19000.0,
            "전세실거래년":null,
            "전세실거래가":null,
            "전세가율":null,
            "장기전세가율평균":70.04,
            "전세가율거품지수":null,
            "검색코드":107512,
            "세대수":52.0,
            "준공년월":"1990-07-02",
            "준공년차":33.0,
            "가까운역이름":"남포",
            "가까운역거리":2578.0,
            "역세권여부":"비역세권",
            "30분이내주요거점역":1,
            "30분거점역이름":"['남포']",
            "1시간이내주요거점역":10,
            "1시간거점역이름":"['하단', '자갈치', '남포', '부산', '범일', '서면', '부전', '온천장', '부산대', '경성대·부경대']",
            "3km이내백화점수":1,
            "5km이내아울렛몰수":0,
            "1km이내대형먀트수":0,
            "500m이내은행수":0,
            "500m이내병원수":0,
            "5km이내대형병원수":5,
            "500m이내공원수":0,
            "3km이내혐오시설수":0,
            "초등학교학업성취도":89.98,
            "중학교학업성취도":78.7,
            "용적률":260,
            "건폐율":38,
            "Y":35.077112,
            "X":129.047267,
            "rank":49.0,
            "area_info":"27평(90.05), 29평(99.16), 34평(115.69), 36평(120.34)",
            "last_sales":"2020-10-26,19000.0,36평(120.34)",
            "rank_history":[
                [
                    "202203",
                    49
                ],
                [
                    "202202",
                    9999
                ]
            ],
            "rank_gap":9999
        },
        {
            "index":441,
            "아파트명":"영선미니",
            "투자타입":"재건축",
            "전용면적(m2)":"65.65",
            "전용면적(평)":"19평",
            "법정동주소":"부산시 영도구 영선동4가 890",
            "도로명주소":"부산시 영도구 향토길 14",
            "세대수":0,
            "입주년차":"--",
            "용적률점수":0,
            "건폐율점수":0,
            "세대당주차수":"--",
            "난방방식":"--",
            "공급면적":50,
            "전용률":100,
            "욕실수":"--",
            "현관타입":"--",
            "주거총점":7.5,
            "지역구공급총점":0.0,
            "역세권":0,
            "30분내 이동가능 거점":60,
            "1시간내 이동가능 거점":100,
            "교통총점":38.0,
            "백화점":100,
            "아울렛몰":0,
            "대형마트":0,
            "은행":0,
            "병원":0,
            "종합병원":100,
            "공원":0,
            "혐오시설":0,
            "인프라총점":50.0,
            "초등학군":89.98,
            "중학군":51.94,
            "학군총점":59.548,
            "인구수":11.01,
            "인구증감":-3.42,
            "인구총점":6.681,
            "일자리":5.71,
            "소득수준":61.24,
            "일자리총점":22.369,
            "가치 총점":40.4394,
            "매매실거래년":"18000101",
            "매매실거래가":null,
            "전세실거래년":null,
            "전세실거래가":null,
            "전세가율":null,
            "장기전세가율평균":70.04,
            "전세가율거품지수":null,
            "검색코드":7907,
            "세대수":246.0,
            "준공년월":"1977-02-16",
            "준공년차":46.0,
            "가까운역이름":"남포",
            "가까운역거리":2292.75,
            "역세권여부":"비역세권",
            "30분이내주요거점역":3,
            "30분거점역이름":"['자갈치', '남포', '부산']",
            "1시간이내주요거점역":10,
            "1시간거점역이름":"['하단', '자갈치', '남포', '부산', '범일', '서면', '부전', '온천장', '부산대', '경성대·부경대']",
            "3km이내백화점수":1,
            "5km이내아울렛몰수":0,
            "1km이내대형먀트수":0,
            "500m이내은행수":0,
            "500m이내병원수":0,
            "5km이내대형병원수":6,
            "500m이내공원수":0,
            "3km이내혐오시설수":0,
            "초등학교학업성취도":89.98,
            "중학교학업성취도":78.7,
            "용적률":280,
            "건폐율":0,
            "Y":35.07944,
            "X":129.045948,
            "rank":50.0,
            "area_info":"19평(65.65)",
            "last_sales":"1800-01-01,nan,19평(65.65)",
            "rank_history":[
                [
                    "202203",
                    50
                ],
                [
                    "202202",
                    32
                ],
                [
                    "202201",
                    34
                ]
            ],
            "rank_gap":-18
        },
        {
            "index":399,
            "아파트명":"영광그린파크",
            "투자타입":"일반",
            "전용면적(m2)":"64.98",
            "전용면적(평)":"19평",
            "법정동주소":"부산시 영도구 신선동2가 181-30",
            "도로명주소":"부산시 영도구 중복길 270",
            "세대수":0,
            "입주년차":0,
            "용적률점수":"--",
            "건폐율점수":"--",
            "세대당주차수":0,
            "난방방식":30,
            "공급면적":"--",
            "전용률":"--",
            "욕실수":50,
            "현관타입":100,
            "주거총점":18.0,
            "지역구공급총점":0.0,
            "역세권":0,
            "30분내 이동가능 거점":40,
            "1시간내 이동가능 거점":100,
            "교통총점":32.0,
            "백화점":100,
            "아울렛몰":0,
            "대형마트":0,
            "은행":0,
            "병원":0,
            "종합병원":100,
            "공원":0,
            "혐오시설":0,
            "인프라총점":50.0,
            "초등학군":89.98,
            "중학군":44.58,
            "학군총점":53.66,
            "인구수":11.01,
            "인구증감":-3.42,
            "인구총점":6.681,
            "일자리":5.71,
            "소득수준":61.24,
            "일자리총점":22.369,
            "가치 총점":40.398,
            "매매실거래년":20210910.0,
            "매매실거래가":8400.0,
            "전세실거래년":20201030.0,
            "전세실거래가":5000.0,
            "전세가율":59.52,
            "장기전세가율평균":70.04,
            "전세가율거품지수":10.52,
            "검색코드":11457,
            "세대수":209.0,
            "준공년월":"1993-12-30",
            "준공년차":30.0,
            "가까운역이름":"남포",
            "가까운역거리":1941.99,
            "역세권여부":"비역세권",
            "30분이내주요거점역":2,
            "30분거점역이름":"['자갈치', '남포']",
            "1시간이내주요거점역":10,
            "1시간거점역이름":"['하단', '자갈치', '남포', '부산', '범일', '서면', '부전', '온천장', '부산대', '경성대·부경대']",
            "3km이내백화점수":1,
            "5km이내아울렛몰수":0,
            "1km이내대형먀트수":0,
            "500m이내은행수":0,
            "500m이내병원수":0,
            "5km이내대형병원수":7,
            "500m이내공원수":0,
            "3km이내혐오시설수":0,
            "초등학교학업성취도":89.98,
            "중학교학업성취도":70.5,
            "용적률":250,
            "건폐율":25,
            "Y":35.084155,
            "X":129.047895,
            "rank":51.0,
            "area_info":"19평(64.98), 25평(84.42), 30평(99.58), 31평(103.73), 34평(114.95)",
            "last_sales":"2021-09-10,8400.0,19평(64.98)",
            "rank_history":[
                [
                    "202203",
                    51
                ],
                [
                    "202202",
                    25
                ],
                [
                    "202201",
                    28
                ]
            ],
            "rank_gap":-26
        },
        {
            "index":518,
            "아파트명":"청학삼창",
            "투자타입":"일반",
            "전용면적(m2)":"58.46",
            "전용면적(평)":"17평",
            "법정동주소":"부산시 영도구 청학동 48",
            "도로명주소":"부산시 영도구 광암길 6",
            "세대수":0,
            "입주년차":0,
            "용적률점수":"--",
            "건폐율점수":"--",
            "세대당주차수":0,
            "난방방식":30,
            "공급면적":"--",
            "전용률":"--",
            "욕실수":50,
            "현관타입":100,
            "주거총점":18.0,
            "지역구공급총점":0.0,
            "역세권":0,
            "30분내 이동가능 거점":40,
            "1시간내 이동가능 거점":80,
            "교통총점":28.0,
            "백화점":100,
            "아울렛몰":0,
            "대형마트":0,
            "은행":0,
            "병원":0,
            "종합병원":100,
            "공원":0,
            "혐오시설":-50,
            "인프라총점":49.0,
            "초등학군":90.01,
            "중학군":48.1,
            "학군총점":56.482,
            "인구수":11.01,
            "인구증감":-3.42,
            "인구총점":6.681,
            "일자리":5.71,
            "소득수준":61.24,
            "일자리총점":22.369,
            "가치 총점":40.3446,
            "매매실거래년":20150930.0,
            "매매실거래가":19000.0,
            "전세실거래년":null,
            "전세실거래가":null,
            "전세가율":null,
            "장기전세가율평균":70.04,
            "전세가율거품지수":null,
            "검색코드":7918,
            "세대수":175.0,
            "준공년월":"1995-12-29",
            "준공년차":28.0,
            "가까운역이름":"남포",
            "가까운역거리":2969.22,
            "역세권여부":"비역세권",
            "30분이내주요거점역":2,
            "30분거점역이름":"['자갈치', '남포']",
            "1시간이내주요거점역":8,
            "1시간거점역이름":"['하단', '자갈치', '남포', '부산', '범일', '서면', '온천장', '경성대·부경대']",
            "3km이내백화점수":1,
            "5km이내아울렛몰수":0,
            "1km이내대형먀트수":0,
            "500m이내은행수":0,
            "500m이내병원수":0,
            "5km이내대형병원수":8,
            "500m이내공원수":0,
            "3km이내혐오시설수":1,
            "초등학교학업성취도":90.01,
            "중학교학업성취도":78.5,
            "용적률":280,
            "건폐율":27,
            "Y":35.092249,
            "X":129.066631,
            "rank":52.0,
            "area_info":"17평(58.46), 22평(74.66), 22평(75.22), 30평(100.53), 31평(103.15), 32평(106.73)",
            "last_sales":"2015-09-30,19000.0,32평(106.73)",
            "rank_history":[
                [
                    "202203",
                    52
                ],
                [
                    "202202",
                    24
                ],
                [
                    "202201",
                    26
                ]
            ],
            "rank_gap":-28
        },
        {
            "index":398,
            "아파트명":"신선",
            "투자타입":"재건축",
            "전용면적(m2)":"36.36",
            "전용면적(평)":"10평",
            "법정동주소":"부산시 영도구 신선동2가 141-1",
            "도로명주소":"부산시 영도구 중복길 384",
            "세대수":0,
            "입주년차":"--",
            "용적률점수":0,
            "건폐율점수":0,
            "세대당주차수":"--",
            "난방방식":"--",
            "공급면적":50,
            "전용률":100,
            "욕실수":"--",
            "현관타입":"--",
            "주거총점":7.5,
            "지역구공급총점":0.0,
            "역세권":0,
            "30분내 이동가능 거점":40,
            "1시간내 이동가능 거점":100,
            "교통총점":32.0,
            "백화점":100,
            "아울렛몰":0,
            "대형마트":0,
            "은행":0,
            "병원":0,
            "종합병원":100,
            "공원":0,
            "혐오시설":0,
            "인프라총점":50.0,
            "초등학군":89.98,
            "중학군":49.96,
            "학군총점":57.964,
            "인구수":11.01,
            "인구증감":-3.42,
            "인구총점":6.681,
            "일자리":5.71,
            "소득수준":61.24,
            "일자리총점":22.369,
            "가치 총점":39.0642,
            "매매실거래년":20220117.0,
            "매매실거래가":4000.0,
            "전세실거래년":null,
            "전세실거래가":null,
            "전세가율":null,
            "장기전세가율평균":70.04,
            "전세가율거품지수":null,
            "검색코드":16133,
            "세대수":220.0,
            "준공년월":"1970-01-01",
            "준공년차":53.0,
            "가까운역이름":"남포",
            "가까운역거리":1778.22,
            "역세권여부":"비역세권",
            "30분이내주요거점역":2,
            "30분거점역이름":"['자갈치', '남포']",
            "1시간이내주요거점역":10,
            "1시간거점역이름":"['하단', '자갈치', '남포', '부산', '범일', '서면', '부전', '온천장', '부산대', '경성대·부경대']",
            "3km이내백화점수":1,
            "5km이내아울렛몰수":0,
            "1km이내대형먀트수":0,
            "500m이내은행수":0,
            "500m이내병원수":0,
            "5km이내대형병원수":8,
            "500m이내공원수":0,
            "3km이내혐오시설수":0,
            "초등학교학업성취도":89.98,
            "중학교학업성취도":82.4,
            "용적률":0,
            "건폐율":0,
            "Y":35.0862,
            "X":129.048052,
            "rank":53.0,
            "area_info":"10평(36.36)",
            "last_sales":"2022-01-17,4000.0,10평(36.36)",
            "rank_history":[
                [
                    "202203",
                    53
                ],
                [
                    "202202",
                    30
                ],
                [
                    "202201",
                    31
                ]
            ],
            "rank_gap":-23
        },
        {
            "index":98,
            "아파트명":"대성베른시티",
            "투자타입":"일반",
            "전용면적(m2)":"82.44",
            "전용면적(평)":"24평",
            "법정동주소":"부산시 영도구 동삼동 219-146",
            "도로명주소":"부산시 영도구 동삼북로 19",
            "세대수":0,
            "입주년차":100,
            "용적률점수":"--",
            "건폐율점수":"--",
            "세대당주차수":30,
            "난방방식":30,
            "공급면적":"--",
            "전용률":"--",
            "욕실수":100,
            "현관타입":100,
            "주거총점":47.5,
            "지역구공급총점":0.0,
            "역세권":0,
            "30분내 이동가능 거점":20,
            "1시간내 이동가능 거점":70,
            "교통총점":20.0,
            "백화점":0,
            "아울렛몰":0,
            "대형마트":0,
            "은행":20,
            "병원":0,
            "종합병원":100,
            "공원":100,
            "혐오시설":-50,
            "인프라총점":24.0,
            "초등학군":89.93,
            "중학군":48.1,
            "학군총점":56.466,
            "인구수":11.01,
            "인구증감":-3.42,
            "인구총점":6.681,
            "일자리":5.71,
            "소득수준":61.24,
            "일자리총점":22.369,
            "가치 총점":39.0148,
            "매매실거래년":20210805.0,
            "매매실거래가":26000.0,
            "전세실거래년":null,
            "전세실거래가":null,
            "전세가율":null,
            "장기전세가율평균":70.04,
            "전세가율거품지수":null,
            "검색코드":127624,
            "세대수":54.0,
            "준공년월":"2019-03-18",
            "준공년차":4.0,
            "가까운역이름":"남포",
            "가까운역거리":3695.93,
            "역세권여부":"비역세권",
            "30분이내주요거점역":1,
            "30분거점역이름":"['남포']",
            "1시간이내주요거점역":7,
            "1시간거점역이름":"['하단', '자갈치', '남포', '부산', '범일', '서면', '부전']",
            "3km이내백화점수":0,
            "5km이내아울렛몰수":0,
            "1km이내대형먀트수":0,
            "500m이내은행수":2,
            "500m이내병원수":0,
            "5km이내대형병원수":4,
            "500m이내공원수":3,
            "3km이내혐오시설수":1,
            "초등학교학업성취도":89.93,
            "중학교학업성취도":78.5,
            "용적률":198,
            "건폐율":35,
            "Y":35.082852,
            "X":129.070952,
            "rank":54.0,
            "area_info":"24평(82.44), 25평(85.75), 26평(86.63), 26평(87.74), 26평(88.86), 26평(88.25), 27평(89.36), 27평(89.55), 26평(89.21), 27평(90.05), 45평(148.92)",
            "last_sales":"2021-08-05,26000.0,27평(89.36)",
            "rank_history":[
                [
                    "202203",
                    54
                ],
                [
                    "202202",
                    9999
                ]
            ],
            "rank_gap":9999
        },
        {
            "index":143,
            "아파트명":"롯데캐슬블루오션",
            "투자타입":"일반",
            "전용면적(m2)":"81.07",
            "전용면적(평)":"24평",
            "법정동주소":"부산시 영도구 동삼동 1189",
            "도로명주소":"부산시 영도구 절영로 524",
            "세대수":30,
            "입주년차":80,
            "용적률점수":"--",
            "건폐율점수":"--",
            "세대당주차수":30,
            "난방방식":30,
            "공급면적":"--",
            "전용률":"--",
            "욕실수":100,
            "현관타입":100,
            "주거총점":54.0,
            "지역구공급총점":0.0,
            "역세권":0,
            "30분내 이동가능 거점":0,
            "1시간내 이동가능 거점":60,
            "교통총점":12.0,
            "백화점":0,
            "아울렛몰":0,
            "대형마트":0,
            "은행":0,
            "병원":0,
            "종합병원":100,
            "공원":80,
            "혐오시설":0,
            "인프라총점":22.4,
            "초등학군":90.0,
            "중학군":48.3,
            "학군총점":56.64,
            "인구수":11.01,
            "인구증감":-3.42,
            "인구총점":6.681,
            "일자리":5.71,
            "소득수준":61.24,
            "일자리총점":22.369,
            "가치 총점":39.012,
            "매매실거래년":20211205.0,
            "매매실거래가":34500.0,
            "전세실거래년":20220111.0,
            "전세실거래가":27000.0,
            "전세가율":78.26,
            "장기전세가율평균":70.04,
            "전세가율거품지수":-8.22,
            "검색코드":110399,
            "세대수":381.0,
            "준공년월":"2017-08-29",
            "준공년차":6.0,
            "가까운역이름":"남포",
            "가까운역거리":4519.25,
            "역세권여부":"비역세권",
            "30분이내주요거점역":0,
            "30분거점역이름":"[]",
            "1시간이내주요거점역":6,
            "1시간거점역이름":"['자갈치', '남포', '부산', '범일', '서면', '부전']",
            "3km이내백화점수":0,
            "5km이내아울렛몰수":0,
            "1km이내대형먀트수":0,
            "500m이내은행수":0,
            "500m이내병원수":0,
            "5km이내대형병원수":2,
            "500m이내공원수":1,
            "3km이내혐오시설수":0,
            "초등학교학업성취도":90.0,
            "중학교학업성취도":80.5,
            "용적률":249,
            "건폐율":19,
            "Y":35.072587,
            "X":129.073588,
            "rank":55.0,
            "area_info":"24평(81.07), 28평(94.75), 30평(101.09), 34평(112.54), 34평(113.82), 43평(142.64), 46평(152.27), 50평(167.13)",
            "last_sales":"2021-12-05,34500.0,24평(81.07)",
            "rank_history":[
                [
                    "202203",
                    55
                ],
                [
                    "202202",
                    20
                ],
                [
                    "202201",
                    20
                ]
            ],
            "rank_gap":-35
        },
        {
            "index":440,
            "아파트명":"영선",
            "투자타입":"재건축",
            "전용면적(m2)":"36.36",
            "전용면적(평)":"10평",
            "법정동주소":"부산시 영도구 영선동4가 1278",
            "도로명주소":"부산시 영도구 절영로 227",
            "세대수":0,
            "입주년차":"--",
            "용적률점수":0,
            "건폐율점수":0,
            "세대당주차수":"--",
            "난방방식":"--",
            "공급면적":50,
            "전용률":100,
            "욕실수":"--",
            "현관타입":"--",
            "주거총점":7.5,
            "지역구공급총점":0.0,
            "역세권":0,
            "30분내 이동가능 거점":20,
            "1시간내 이동가능 거점":100,
            "교통총점":26.0,
            "백화점":100,
            "아울렛몰":0,
            "대형마트":0,
            "은행":0,
            "병원":0,
            "종합병원":100,
            "공원":0,
            "혐오시설":0,
            "인프라총점":50.0,
            "초등학군":89.98,
            "중학군":51.94,
            "학군총점":59.548,
            "인구수":11.01,
            "인구증감":-3.42,
            "인구총점":6.681,
            "일자리":5.71,
            "소득수준":61.24,
            "일자리총점":22.369,
            "가치 총점":38.6394,
            "매매실거래년":20200612.0,
            "매매실거래가":19500.0,
            "전세실거래년":null,
            "전세실거래가":null,
            "전세가율":null,
            "장기전세가율평균":70.04,
            "전세가율거품지수":null,
            "검색코드":7906,
            "세대수":240.0,
            "준공년월":"1969-01-01",
            "준공년차":54.0,
            "가까운역이름":"남포",
            "가까운역거리":2462.42,
            "역세권여부":"비역세권",
            "30분이내주요거점역":1,
            "30분거점역이름":"['남포']",
            "1시간이내주요거점역":10,
            "1시간거점역이름":"['하단', '자갈치', '남포', '부산', '범일', '서면', '부전', '온천장', '부산대', '경성대·부경대']",
            "3km이내백화점수":1,
            "5km이내아울렛몰수":0,
            "1km이내대형먀트수":0,
            "500m이내은행수":0,
            "500m이내병원수":0,
            "5km이내대형병원수":5,
            "500m이내공원수":0,
            "3km이내혐오시설수":0,
            "초등학교학업성취도":89.98,
            "중학교학업성취도":78.7,
            "용적률":280,
            "건폐율":0,
            "Y":35.07799,
            "X":129.04657,
            "rank":56.0,
            "area_info":"10평(36.36)",
            "last_sales":"2020-06-12,19500.0,10평(36.36)",
            "rank_history":[
                [
                    "202203",
                    56
                ],
                [
                    "202202",
                    32
                ],
                [
                    "202201",
                    34
                ]
            ],
            "rank_gap":-24
        },
        {
            "index":291,
            "아파트명":"절영",
            "투자타입":"일반",
            "전용면적(m2)":"65.78",
            "전용면적(평)":"19평",
            "법정동주소":"부산시 영도구 동삼동 510-2",
            "도로명주소":"부산시 영도구 와치로 231",
            "세대수":90,
            "입주년차":0,
            "용적률점수":"--",
            "건폐율점수":"--",
            "세대당주차수":0,
            "난방방식":30,
            "공급면적":"--",
            "전용률":"--",
            "욕실수":50,
            "현관타입":100,
            "주거총점":49.5,
            "지역구공급총점":0.0,
            "역세권":0,
            "30분내 이동가능 거점":0,
            "1시간내 이동가능 거점":60,
            "교통총점":12.0,
            "백화점":0,
            "아울렛몰":0,
            "대형마트":0,
            "은행":0,
            "병원":0,
            "종합병원":100,
            "공원":100,
            "혐오시설":0,
            "인프라총점":23.0,
            "초등학군":90.0,
            "중학군":48.1,
            "학군총점":56.48,
            "인구수":11.01,
            "인구증감":-3.42,
            "인구총점":6.681,
            "일자리":5.71,
            "소득수준":61.24,
            "일자리총점":22.369,
            "가치 총점":38.019,
            "매매실거래년":20220207.0,
            "매매실거래가":14400.0,
            "전세실거래년":20220215.0,
            "전세실거래가":9200.0,
            "전세가율":63.89,
            "장기전세가율평균":70.04,
            "전세가율거품지수":6.15,
            "검색코드":7870,
            "세대수":1340.0,
            "준공년월":"1995-10-20",
            "준공년차":28.0,
            "가까운역이름":"남포",
            "가까운역거리":3910.83,
            "역세권여부":"비역세권",
            "30분이내주요거점역":0,
            "30분거점역이름":"[]",
            "1시간이내주요거점역":6,
            "1시간거점역이름":"['하단', '자갈치', '남포', '부산', '범일', '서면']",
            "3km이내백화점수":0,
            "5km이내아울렛몰수":0,
            "1km이내대형먀트수":0,
            "500m이내은행수":0,
            "500m이내병원수":0,
            "5km이내대형병원수":4,
            "500m이내공원수":4,
            "3km이내혐오시설수":0,
            "초등학교학업성취도":90.0,
            "중학교학업성취도":78.5,
            "용적률":0,
            "건폐율":0,
            "Y":35.075115,
            "X":129.067472,
            "rank":57.0,
            "area_info":"19평(65.78)",
            "last_sales":"2022-02-07,14400.0,19평(65.78)",
            "rank_history":[
                [
                    "202203",
                    57
                ],
                [
                    "202202",
                    23
                ],
                [
                    "202201",
                    22
                ]
            ],
            "rank_gap":-34
        },
        {
            "index":243,
            "아파트명":"영도일동미라주브라이튼1단지",
            "투자타입":"일반",
            "전용면적(m2)":"83.36",
            "전용면적(평)":"25평",
            "법정동주소":"부산시 영도구 동삼동 1170",
            "도로명주소":"부산시 영도구 동삼북로 20",
            "세대수":0,
            "입주년차":80,
            "용적률점수":"--",
            "건폐율점수":"--",
            "세대당주차수":30,
            "난방방식":30,
            "공급면적":"--",
            "전용률":"--",
            "욕실수":100,
            "현관타입":100,
            "주거총점":43.5,
            "지역구공급총점":0.0,
            "역세권":0,
            "30분내 이동가능 거점":20,
            "1시간내 이동가능 거점":70,
            "교통총점":20.0,
            "백화점":0,
            "아울렛몰":0,
            "대형마트":0,
            "은행":20,
            "병원":0,
            "종합병원":100,
            "공원":100,
            "혐오시설":-50,
            "인프라총점":24.0,
            "초등학군":89.93,
            "중학군":48.1,
            "학군총점":56.466,
            "인구수":11.01,
            "인구증감":-3.42,
            "인구총점":6.681,
            "일자리":5.71,
            "소득수준":61.24,
            "일자리총점":22.369,
            "가치 총점":38.0148,
            "매매실거래년":20220108.0,
            "매매실거래가":32500.0,
            "전세실거래년":20211217.0,
            "전세실거래가":27000.0,
            "전세가율":83.08,
            "장기전세가율평균":70.04,
            "전세가율거품지수":-13.04,
            "검색코드":105897,
            "세대수":249.0,
            "준공년월":"2014-12-31",
            "준공년차":9.0,
            "가까운역이름":"남포",
            "가까운역거리":3679.66,
            "역세권여부":"비역세권",
            "30분이내주요거점역":1,
            "30분거점역이름":"['남포']",
            "1시간이내주요거점역":7,
            "1시간거점역이름":"['하단', '자갈치', '남포', '부산', '범일', '서면', '부전']",
            "3km이내백화점수":0,
            "5km이내아울렛몰수":0,
            "1km이내대형먀트수":0,
            "500m이내은행수":2,
            "500m이내병원수":0,
            "5km이내대형병원수":4,
            "500m이내공원수":3,
            "3km이내혐오시설수":1,
            "초등학교학업성취도":89.93,
            "중학교학업성취도":78.5,
            "용적률":227,
            "건폐율":24,
            "Y":35.082345,
            "X":129.070428,
            "rank":58.0,
            "area_info":"25평(83.36), 31평(102.49), 35평(116.33)",
            "last_sales":"2022-01-08,32500.0,25평(83.36)",
            "rank_history":[
                [
                    "202203",
                    58
                ],
                [
                    "202202",
                    26
                ],
                [
                    "202201",
                    25
                ]
            ],
            "rank_gap":-32
        },
        {
            "index":516,
            "아파트명":"청운",
            "투자타입":"재건축",
            "전용면적(m2)":"43.53",
            "전용면적(평)":"13평",
            "법정동주소":"부산시 영도구 청학동 460-2",
            "도로명주소":"부산시 영도구 와치로 23",
            "세대수":0,
            "입주년차":"--",
            "용적률점수":0,
            "건폐율점수":0,
            "세대당주차수":"--",
            "난방방식":"--",
            "공급면적":50,
            "전용률":80,
            "욕실수":"--",
            "현관타입":"--",
            "주거총점":6.5,
            "지역구공급총점":0.0,
            "역세권":0,
            "30분내 이동가능 거점":0,
            "1시간내 이동가능 거점":60,
            "교통총점":12.0,
            "백화점":100,
            "아울렛몰":0,
            "대형마트":0,
            "은행":70,
            "병원":0,
            "종합병원":100,
            "공원":0,
            "혐오시설":0,
            "인프라총점":57.0,
            "초등학군":89.99,
            "중학군":49.96,
            "학군총점":57.966,
            "인구수":11.01,
            "인구증감":-3.42,
            "인구총점":6.681,
            "일자리":5.71,
            "소득수준":61.24,
            "일자리총점":22.369,
            "가치 총점":37.9148,
            "매매실거래년":20211229.0,
            "매매실거래가":3400.0,
            "전세실거래년":null,
            "전세실거래가":null,
            "전세가율":null,
            "장기전세가율평균":70.04,
            "전세가율거품지수":null,
            "검색코드":109550,
            "세대수":79.0,
            "준공년월":"1977-10-25",
            "준공년차":46.0,
            "가까운역이름":"남포",
            "가까운역거리":2381.38,
            "역세권여부":"비역세권",
            "30분이내주요거점역":0,
            "30분거점역이름":"[]",
            "1시간이내주요거점역":6,
            "1시간거점역이름":"['하단', '자갈치', '남포', '부산', '범일', '서면']",
            "3km이내백화점수":1,
            "5km이내아울렛몰수":0,
            "1km이내대형먀트수":0,
            "500m이내은행수":3,
            "500m이내병원수":0,
            "5km이내대형병원수":6,
            "500m이내공원수":0,
            "3km이내혐오시설수":0,
            "초등학교학업성취도":89.99,
            "중학교학업성취도":82.4,
            "용적률":0,
            "건폐율":0,
            "Y":35.089541,
            "X":129.058831,
            "rank":59.0,
            "area_info":"13평(43.53), 13평(43.54)",
            "last_sales":"2021-12-29,3400.0,13평(43.53)",
            "rank_history":[
                [
                    "202203",
                    59
                ],
                [
                    "202202",
                    9999
                ]
            ],
            "rank_gap":9999
        },
        {
            "index":94,
            "아파트명":"국제마마뉴비치타운",
            "투자타입":"일반",
            "전용면적(m2)":"104.61",
            "전용면적(평)":"31평",
            "법정동주소":"부산시 영도구 동삼동 510-33",
            "도로명주소":"부산시 영도구 중리로 32",
            "세대수":50,
            "입주년차":0,
            "용적률점수":"--",
            "건폐율점수":"--",
            "세대당주차수":60,
            "난방방식":30,
            "공급면적":"--",
            "전용률":"--",
            "욕실수":100,
            "현관타입":100,
            "주거총점":49.5,
            "지역구공급총점":0.0,
            "역세권":0,
            "30분내 이동가능 거점":0,
            "1시간내 이동가능 거점":50,
            "교통총점":10.0,
            "백화점":0,
            "아울렛몰":0,
            "대형마트":0,
            "은행":0,
            "병원":0,
            "종합병원":100,
            "공원":100,
            "혐오시설":0,
            "인프라총점":23.0,
            "초등학군":90.0,
            "중학군":48.3,
            "학군총점":56.64,
            "인구수":11.01,
            "인구증감":-3.42,
            "인구총점":6.681,
            "일자리":5.71,
            "소득수준":61.24,
            "일자리총점":22.369,
            "가치 총점":37.767,
            "매매실거래년":20220217.0,
            "매매실거래가":20500.0,
            "전세실거래년":20210824.0,
            "전세실거래가":18000.0,
            "전세가율":87.8,
            "장기전세가율평균":70.04,
            "전세가율거품지수":-17.76,
            "검색코드":7776,
            "세대수":522.0,
            "준공년월":"1995-07-03",
            "준공년차":28.0,
            "가까운역이름":"남포",
            "가까운역거리":4204.03,
            "역세권여부":"비역세권",
            "30분이내주요거점역":0,
            "30분거점역이름":"[]",
            "1시간이내주요거점역":5,
            "1시간거점역이름":"['자갈치', '남포', '부산', '범일', '서면']",
            "3km이내백화점수":0,
            "5km이내아울렛몰수":0,
            "1km이내대형먀트수":0,
            "500m이내은행수":0,
            "500m이내병원수":0,
            "5km이내대형병원수":2,
            "500m이내공원수":4,
            "3km이내혐오시설수":0,
            "초등학교학업성취도":90.0,
            "중학교학업성취도":80.5,
            "용적률":0,
            "건폐율":0,
            "Y":35.072997,
            "X":129.069494,
            "rank":60.0,
            "area_info":"31평(104.61), 41평(137.8), 43평(142.79), 51평(170.44)",
            "last_sales":"2022-02-17,20500.0,31평(104.61)",
            "rank_history":[
                [
                    "202203",
                    60
                ],
                [
                    "202202",
                    22
                ],
                [
                    "202201",
                    21
                ]
            ],
            "rank_gap":-38
        },
        {
            "index":246,
            "아파트명":"영도일동미라주브라이튼2단지",
            "투자타입":"일반",
            "전용면적(m2)":"87.27",
            "전용면적(평)":"26평",
            "법정동주소":"부산시 영도구 동삼동 1171",
            "도로명주소":"부산시 영도구 동삼로 98",
            "세대수":0,
            "입주년차":80,
            "용적률점수":"--",
            "건폐율점수":"--",
            "세대당주차수":30,
            "난방방식":30,
            "공급면적":"--",
            "전용률":"--",
            "욕실수":100,
            "현관타입":100,
            "주거총점":43.5,
            "지역구공급총점":0.0,
            "역세권":0,
            "30분내 이동가능 거점":20,
            "1시간내 이동가능 거점":60,
            "교통총점":18.0,
            "백화점":0,
            "아울렛몰":0,
            "대형마트":0,
            "은행":20,
            "병원":0,
            "종합병원":100,
            "공원":100,
            "혐오시설":-50,
            "인프라총점":24.0,
            "초등학군":89.98,
            "중학군":48.1,
            "학군총점":56.476,
            "인구수":11.01,
            "인구증감":-3.42,
            "인구총점":6.681,
            "일자리":5.71,
            "소득수준":61.24,
            "일자리총점":22.369,
            "가치 총점":37.7178,
            "매매실거래년":20210718.0,
            "매매실거래가":30500.0,
            "전세실거래년":20210529.0,
            "전세실거래가":21000.0,
            "전세가율":68.85,
            "장기전세가율평균":70.04,
            "전세가율거품지수":1.19,
            "검색코드":105898,
            "세대수":63.0,
            "준공년월":"2014-12-31",
            "준공년차":9.0,
            "가까운역이름":"남포",
            "가까운역거리":3778.98,
            "역세권여부":"비역세권",
            "30분이내주요거점역":1,
            "30분거점역이름":"['남포']",
            "1시간이내주요거점역":6,
            "1시간거점역이름":"['하단', '자갈치', '남포', '부산', '범일', '서면']",
            "3km이내백화점수":0,
            "5km이내아울렛몰수":0,
            "1km이내대형먀트수":0,
            "500m이내은행수":2,
            "500m이내병원수":0,
            "5km이내대형병원수":4,
            "500m이내공원수":2,
            "3km이내혐오시설수":1,
            "초등학교학업성취도":89.98,
            "중학교학업성취도":78.5,
            "용적률":180,
            "건폐율":29,
            "Y":35.081868,
            "X":129.071354,
            "rank":61.0,
            "area_info":"26평(87.27), 32평(107.33)",
            "last_sales":"2021-07-18,30500.0,26평(87.27)",
            "rank_history":[
                [
                    "202203",
                    61
                ],
                [
                    "202202",
                    9999
                ]
            ],
            "rank_gap":9999
        },
        {
            "index":392,
            "아파트명":"샛별",
            "투자타입":"재건축",
            "전용면적(m2)":"47.9",
            "전용면적(평)":"14평",
            "법정동주소":"부산시 영도구 신선동2가 177-22",
            "도로명주소":"부산시 영도구 중복길 306",
            "세대수":0,
            "입주년차":"--",
            "용적률점수":0,
            "건폐율점수":0,
            "세대당주차수":"--",
            "난방방식":"--",
            "공급면적":50,
            "전용률":80,
            "욕실수":"--",
            "현관타입":"--",
            "주거총점":6.5,
            "지역구공급총점":0.0,
            "역세권":0,
            "30분내 이동가능 거점":40,
            "1시간내 이동가능 거점":100,
            "교통총점":32.0,
            "백화점":100,
            "아울렛몰":0,
            "대형마트":0,
            "은행":0,
            "병원":0,
            "종합병원":100,
            "공원":0,
            "혐오시설":0,
            "인프라총점":50.0,
            "초등학군":89.98,
            "중학군":44.58,
            "학군총점":53.66,
            "인구수":11.01,
            "인구증감":-3.42,
            "인구총점":6.681,
            "일자리":5.71,
            "소득수준":61.24,
            "일자리총점":22.369,
            "가치 총점":37.523,
            "매매실거래년":20210915.0,
            "매매실거래가":7200.0,
            "전세실거래년":20210219.0,
            "전세실거래가":2000.0,
            "전세가율":27.78,
            "장기전세가율평균":70.04,
            "전세가율거품지수":42.26,
            "검색코드":109004,
            "세대수":62.0,
            "준공년월":"1981-12-24",
            "준공년차":42.0,
            "가까운역이름":"남포",
            "가까운역거리":1860.6,
            "역세권여부":"비역세권",
            "30분이내주요거점역":2,
            "30분거점역이름":"['자갈치', '남포']",
            "1시간이내주요거점역":10,
            "1시간거점역이름":"['하단', '자갈치', '남포', '부산', '범일', '서면', '부전', '온천장', '부산대', '경성대·부경대']",
            "3km이내백화점수":1,
            "5km이내아울렛몰수":0,
            "1km이내대형먀트수":0,
            "500m이내은행수":0,
            "500m이내병원수":0,
            "5km이내대형병원수":7,
            "500m이내공원수":0,
            "3km이내혐오시설수":0,
            "초등학교학업성취도":89.98,
            "중학교학업성취도":70.5,
            "용적률":0,
            "건폐율":0,
            "Y":35.084622,
            "X":129.047171,
            "rank":62.0,
            "area_info":"14평(47.9), 14평(47.82), 15평(51.73), 15평(51.64), 15평(52.16), 15평(52.43)",
            "last_sales":"2021-09-15,7200.0,14평(47.9)",
            "rank_history":[
                [
                    "202203",
                    62
                ],
                [
                    "202202",
                    9999
                ]
            ],
            "rank_gap":9999
        },
        {
            "index":490,
            "아파트명":"영광마린타워",
            "투자타입":"일반",
            "전용면적(m2)":"90.71",
            "전용면적(평)":"27평",
            "법정동주소":"부산시 영도구 청학동 419",
            "도로명주소":"부산시 영도구 청학서로 1",
            "세대수":0,
            "입주년차":0,
            "용적률점수":"--",
            "건폐율점수":"--",
            "세대당주차수":0,
            "난방방식":30,
            "공급면적":"--",
            "전용률":"--",
            "욕실수":50,
            "현관타입":10,
            "주거총점":9.0,
            "지역구공급총점":0.0,
            "역세권":0,
            "30분내 이동가능 거점":0,
            "1시간내 이동가능 거점":70,
            "교통총점":14.0,
            "백화점":100,
            "아울렛몰":0,
            "대형마트":0,
            "은행":0,
            "병원":0,
            "종합병원":100,
            "공원":0,
            "혐오시설":0,
            "인프라총점":50.0,
            "초등학군":89.99,
            "중학군":49.96,
            "학군총점":57.966,
            "인구수":11.01,
            "인구증감":-3.42,
            "인구총점":6.681,
            "일자리":5.71,
            "소득수준":61.24,
            "일자리총점":22.369,
            "가치 총점":36.7398,
            "매매실거래년":20220118.0,
            "매매실거래가":8800.0,
            "전세실거래년":20160319.0,
            "전세실거래가":6000.0,
            "전세가율":68.18,
            "장기전세가율평균":70.04,
            "전세가율거품지수":1.86,
            "검색코드":13215,
            "세대수":102.0,
            "준공년월":"1995-06-30",
            "준공년차":28.0,
            "가까운역이름":"남포",
            "가까운역거리":2132.44,
            "역세권여부":"비역세권",
            "30분이내주요거점역":0,
            "30분거점역이름":"[]",
            "1시간이내주요거점역":7,
            "1시간거점역이름":"['하단', '자갈치', '남포', '부산', '범일', '서면', '부전']",
            "3km이내백화점수":1,
            "5km이내아울렛몰수":0,
            "1km이내대형먀트수":0,
            "500m이내은행수":0,
            "500m이내병원수":0,
            "5km이내대형병원수":9,
            "500m이내공원수":0,
            "3km이내혐오시설수":0,
            "초등학교학업성취도":89.99,
            "중학교학업성취도":82.4,
            "용적률":321,
            "건폐율":32,
            "Y":35.09137,
            "X":129.056771,
            "rank":63.0,
            "area_info":"27평(90.71), 31평(102.59), 36평(120.77)",
            "last_sales":"2022-01-18,8800.0,27평(90.71)",
            "rank_history":[
                [
                    "202203",
                    63
                ],
                [
                    "202202",
                    29
                ],
                [
                    "202201",
                    32
                ]
            ],
            "rank_gap":-34
        },
        {
            "index":116,
            "아파트명":"도시개발2단지",
            "투자타입":"일반",
            "전용면적(m2)":"40.38",
            "전용면적(평)":"12평",
            "법정동주소":"부산시 영도구 동삼동 510",
            "도로명주소":"부산시 영도구 와치로 211",
            "세대수":90,
            "입주년차":0,
            "용적률점수":"--",
            "건폐율점수":"--",
            "세대당주차수":0,
            "난방방식":80,
            "공급면적":"--",
            "전용률":"--",
            "욕실수":50,
            "현관타입":10,
            "주거총점":45.5,
            "지역구공급총점":0.0,
            "역세권":0,
            "30분내 이동가능 거점":0,
            "1시간내 이동가능 거점":60,
            "교통총점":12.0,
            "백화점":0,
            "아울렛몰":0,
            "대형마트":0,
            "은행":0,
            "병원":0,
            "종합병원":100,
            "공원":100,
            "혐오시설":0,
            "인프라총점":23.0,
            "초등학군":89.85,
            "중학군":45.42,
            "학군총점":54.306,
            "인구수":11.01,
            "인구증감":-3.42,
            "인구총점":6.681,
            "일자리":5.71,
            "소득수준":61.24,
            "일자리총점":22.369,
            "가치 총점":36.3668,
            "매매실거래년":"18000101",
            "매매실거래가":null,
            "전세실거래년":null,
            "전세실거래가":null,
            "전세가율":null,
            "장기전세가율평균":70.04,
            "전세가율거품지수":null,
            "검색코드":16108,
            "세대수":1120.0,
            "준공년월":"1995-10-20",
            "준공년차":28.0,
            "가까운역이름":"남포",
            "가까운역거리":3699.68,
            "역세권여부":"비역세권",
            "30분이내주요거점역":0,
            "30분거점역이름":"[]",
            "1시간이내주요거점역":6,
            "1시간거점역이름":"['하단', '자갈치', '남포', '부산', '범일', '서면']",
            "3km이내백화점수":0,
            "5km이내아울렛몰수":0,
            "1km이내대형먀트수":0,
            "500m이내은행수":0,
            "500m이내병원수":0,
            "5km이내대형병원수":4,
            "500m이내공원수":3,
            "3km이내혐오시설수":0,
            "초등학교학업성취도":89.85,
            "중학교학업성취도":74.3,
            "용적률":0,
            "건폐율":0,
            "Y":35.075621,
            "X":129.064929,
            "rank":64.0,
            "area_info":"12평(40.38)",
            "last_sales":"1800-01-01,nan,12평(40.38)",
            "rank_history":[
                [
                    "202203",
                    64
                ],
                [
                    "202202",
                    31
                ],
                [
                    "202201",
                    29
                ]
            ],
            "rank_gap":-33
        },
        {
            "index":133,
            "아파트명":"동삼그린힐",
            "투자타입":"일반",
            "전용면적(m2)":"56.84",
            "전용면적(평)":"17평",
            "법정동주소":"부산시 영도구 동삼동 1123",
            "도로명주소":"부산시 영도구 상리로 1",
            "세대수":100,
            "입주년차":0,
            "용적률점수":"--",
            "건폐율점수":"--",
            "세대당주차수":0,
            "난방방식":30,
            "공급면적":"--",
            "전용률":"--",
            "욕실수":50,
            "현관타입":10,
            "주거총점":44.0,
            "지역구공급총점":0.0,
            "역세권":0,
            "30분내 이동가능 거점":0,
            "1시간내 이동가능 거점":60,
            "교통총점":12.0,
            "백화점":0,
            "아울렛몰":0,
            "대형마트":0,
            "은행":0,
            "병원":0,
            "종합병원":100,
            "공원":100,
            "혐오시설":-50,
            "인프라총점":22.0,
            "초등학군":89.93,
            "중학군":48.1,
            "학군총점":56.466,
            "인구수":11.01,
            "인구증감":-3.42,
            "인구총점":6.681,
            "일자리":5.71,
            "소득수준":61.24,
            "일자리총점":22.369,
            "가치 총점":36.3398,
            "매매실거래년":20220214.0,
            "매매실거래가":16000.0,
            "전세실거래년":20220129.0,
            "전세실거래가":7500.0,
            "전세가율":56.82,
            "장기전세가율평균":70.04,
            "전세가율거품지수":13.22,
            "검색코드":7801,
            "세대수":4056.0,
            "준공년월":"1993-09-22",
            "준공년차":30.0,
            "가까운역이름":"남포",
            "가까운역거리":3212.37,
            "역세권여부":"비역세권",
            "30분이내주요거점역":0,
            "30분거점역이름":"[]",
            "1시간이내주요거점역":6,
            "1시간거점역이름":"['자갈치', '남포', '부산', '범일', '서면', '부전']",
            "3km이내백화점수":0,
            "5km이내아울렛몰수":0,
            "1km이내대형먀트수":0,
            "500m이내은행수":0,
            "500m이내병원수":0,
            "5km이내대형병원수":6,
            "500m이내공원수":4,
            "3km이내혐오시설수":1,
            "초등학교학업성취도":89.93,
            "중학교학업성취도":78.5,
            "용적률":140,
            "건폐율":13,
            "Y":35.085192,
            "X":129.06644,
            "rank":65.0,
            "area_info":"17평(56.84), 18평(59.85), 20평(68.73), 21평(72.38), 24평(80.24)",
            "last_sales":"2022-02-14,16000.0,24평(80.24)",
            "rank_history":[
                [
                    "202203",
                    65
                ],
                [
                    "202202",
                    28
                ],
                [
                    "202201",
                    13
                ]
            ],
            "rank_gap":-37
        },
        {
            "index":239,
            "아파트명":"영도경동리인",
            "투자타입":"일반",
            "전용면적(m2)":"88.5",
            "전용면적(평)":"26평",
            "법정동주소":"부산시 영도구 동삼동 1190",
            "도로명주소":"부산시 영도구 절영로490번길 18",
            "세대수":0,
            "입주년차":80,
            "용적률점수":"--",
            "건폐율점수":"--",
            "세대당주차수":30,
            "난방방식":30,
            "공급면적":"--",
            "전용률":"--",
            "욕실수":100,
            "현관타입":100,
            "주거총점":43.5,
            "지역구공급총점":0.0,
            "역세권":0,
            "30분내 이동가능 거점":0,
            "1시간내 이동가능 거점":50,
            "교통총점":10.0,
            "백화점":0,
            "아울렛몰":0,
            "대형마트":0,
            "은행":0,
            "병원":0,
            "종합병원":100,
            "공원":100,
            "혐오시설":0,
            "인프라총점":23.0,
            "초등학군":90.0,
            "중학군":48.3,
            "학군총점":56.64,
            "인구수":11.01,
            "인구증감":-3.42,
            "인구총점":6.681,
            "일자리":5.71,
            "소득수준":61.24,
            "일자리총점":22.369,
            "가치 총점":36.267,
            "매매실거래년":20220104.0,
            "매매실거래가":25650.0,
            "전세실거래년":20211021.0,
            "전세실거래가":21000.0,
            "전세가율":81.87,
            "장기전세가율평균":70.04,
            "전세가율거품지수":-11.83,
            "검색코드":111525,
            "세대수":123.0,
            "준공년월":"2017-12-15",
            "준공년차":6.0,
            "가까운역이름":"남포",
            "가까운역거리":4465.0,
            "역세권여부":"비역세권",
            "30분이내주요거점역":0,
            "30분거점역이름":"[]",
            "1시간이내주요거점역":5,
            "1시간거점역이름":"['자갈치', '남포', '부산', '범일', '서면']",
            "3km이내백화점수":0,
            "5km이내아울렛몰수":0,
            "1km이내대형먀트수":0,
            "500m이내은행수":0,
            "500m이내병원수":0,
            "5km이내대형병원수":2,
            "500m이내공원수":2,
            "3km이내혐오시설수":0,
            "초등학교학업성취도":90.0,
            "중학교학업성취도":80.5,
            "용적률":217,
            "건폐율":36,
            "Y":35.070209,
            "X":129.070265,
            "rank":66.0,
            "area_info":"26평(88.5)",
            "last_sales":"2022-01-04,25650.0,26평(88.5)",
            "rank_history":[
                [
                    "202203",
                    66
                ],
                [
                    "202202",
                    27
                ],
                [
                    "202201",
                    30
                ]
            ],
            "rank_gap":-39
        },
        {
            "index":456,
            "아파트명":"동해",
            "투자타입":"재건축",
            "전용면적(m2)":"45.0",
            "전용면적(평)":"13평",
            "법정동주소":"부산시 영도구 청학동 152-9",
            "도로명주소":"부산시 영도구 청학남로29번길 26",
            "세대수":0,
            "입주년차":"--",
            "용적률점수":0,
            "건폐율점수":0,
            "세대당주차수":"--",
            "난방방식":"--",
            "공급면적":50,
            "전용률":80,
            "욕실수":"--",
            "현관타입":"--",
            "주거총점":6.5,
            "지역구공급총점":0.0,
            "역세권":0,
            "30분내 이동가능 거점":0,
            "1시간내 이동가능 거점":70,
            "교통총점":14.0,
            "백화점":100,
            "아울렛몰":0,
            "대형마트":0,
            "은행":0,
            "병원":0,
            "종합병원":100,
            "공원":0,
            "혐오시설":-50,
            "인프라총점":49.0,
            "초등학군":89.99,
            "중학군":49.96,
            "학군총점":57.966,
            "인구수":11.01,
            "인구증감":-3.42,
            "인구총점":6.681,
            "일자리":5.71,
            "소득수준":61.24,
            "일자리총점":22.369,
            "가치 총점":35.8148,
            "매매실거래년":"18000101",
            "매매실거래가":null,
            "전세실거래년":null,
            "전세실거래가":null,
            "전세가율":null,
            "장기전세가율평균":70.04,
            "전세가율거품지수":null,
            "검색코드":144083,
            "세대수":55.0,
            "준공년월":"1984-12-27",
            "준공년차":39.0,
            "가까운역이름":"남포",
            "가까운역거리":2560.38,
            "역세권여부":"비역세권",
            "30분이내주요거점역":0,
            "30분거점역이름":"[]",
            "1시간이내주요거점역":7,
            "1시간거점역이름":"['하단', '자갈치', '남포', '부산', '범일', '서면', '부전']",
            "3km이내백화점수":1,
            "5km이내아울렛몰수":0,
            "1km이내대형먀트수":0,
            "500m이내은행수":0,
            "500m이내병원수":0,
            "5km이내대형병원수":7,
            "500m이내공원수":0,
            "3km이내혐오시설수":1,
            "초등학교학업성취도":89.99,
            "중학교학업성취도":82.4,
            "용적률":0,
            "건폐율":0,
            "Y":35.090955,
            "X":129.061565,
            "rank":67.0,
            "area_info":"13평(45.0), 14평(49.15), 14평(49.32), 15평(50.4), 16평(52.93), 16평(53.47), 16평(53.73), 16평(54.55), 17평(56.64), 17평(57.69), 17평(57.68), 17평(58.29), 17평(59.4), 19평(64.38), 20평(68.54), 22평(73.66)",
            "last_sales":"1800-01-01,nan,13평(45.0)",
            "rank_history":[
                [
                    "202203",
                    67
                ],
                [
                    "202202",
                    9999
                ]
            ],
            "rank_gap":9999
        },
        {
            "index":151,
            "아파트명":"반도보라비치타운",
            "투자타입":"일반",
            "전용면적(m2)":"103.31",
            "전용면적(평)":"31평",
            "법정동주소":"부산시 영도구 동삼동 1124-2",
            "도로명주소":"부산시 영도구 함지로 19",
            "세대수":30,
            "입주년차":0,
            "용적률점수":"--",
            "건폐율점수":"--",
            "세대당주차수":30,
            "난방방식":30,
            "공급면적":"--",
            "전용률":"--",
            "욕실수":100,
            "현관타입":100,
            "주거총점":38.0,
            "지역구공급총점":0.0,
            "역세권":0,
            "30분내 이동가능 거점":20,
            "1시간내 이동가능 거점":70,
            "교통총점":20.0,
            "백화점":0,
            "아울렛몰":0,
            "대형마트":0,
            "은행":0,
            "병원":0,
            "종합병원":100,
            "공원":80,
            "혐오시설":0,
            "인프라총점":22.4,
            "초등학군":90.04,
            "중학군":45.42,
            "학군총점":54.344,
            "인구수":11.01,
            "인구증감":-3.42,
            "인구총점":6.681,
            "일자리":5.71,
            "소득수준":61.24,
            "일자리총점":22.369,
            "가치 총점":35.5232,
            "매매실거래년":20211215.0,
            "매매실거래가":25200.0,
            "전세실거래년":20211022.0,
            "전세실거래가":17000.0,
            "전세가율":67.46,
            "장기전세가율평균":70.04,
            "전세가율거품지수":2.58,
            "검색코드":7818,
            "세대수":320.0,
            "준공년월":"1994-11-14",
            "준공년차":29.0,
            "가까운역이름":"남포",
            "가까운역거리":3742.64,
            "역세권여부":"비역세권",
            "30분이내주요거점역":1,
            "30분거점역이름":"['남포']",
            "1시간이내주요거점역":7,
            "1시간거점역이름":"['하단', '자갈치', '남포', '부산', '범일', '서면', '부전']",
            "3km이내백화점수":0,
            "5km이내아울렛몰수":0,
            "1km이내대형먀트수":0,
            "500m이내은행수":0,
            "500m이내병원수":0,
            "5km이내대형병원수":5,
            "500m이내공원수":1,
            "3km이내혐오시설수":0,
            "초등학교학업성취도":90.04,
            "중학교학업성취도":74.3,
            "용적률":194,
            "건폐율":13,
            "Y":35.071616,
            "X":129.06042,
            "rank":68.0,
            "area_info":"31평(103.31), 42평(140.8), 47평(156.71)",
            "last_sales":"2021-12-15,25200.0,31평(103.31)",
            "rank_history":[
                [
                    "202203",
                    68
                ],
                [
                    "202202",
                    34
                ],
                [
                    "202201",
                    36
                ]
            ],
            "rank_gap":-34
        },
        {
            "index":240,
            "아파트명":"영도벽산비치타운",
            "투자타입":"일반",
            "전용면적(m2)":"103.74",
            "전용면적(평)":"31평",
            "법정동주소":"부산시 영도구 동삼동 510-27",
            "도로명주소":"부산시 영도구 와치로 266",
            "세대수":50,
            "입주년차":0,
            "용적률점수":"--",
            "건폐율점수":"--",
            "세대당주차수":0,
            "난방방식":30,
            "공급면적":"--",
            "전용률":"--",
            "욕실수":100,
            "현관타입":100,
            "주거총점":40.5,
            "지역구공급총점":0.0,
            "역세권":0,
            "30분내 이동가능 거점":0,
            "1시간내 이동가능 거점":50,
            "교통총점":10.0,
            "백화점":0,
            "아울렛몰":0,
            "대형마트":0,
            "은행":0,
            "병원":0,
            "종합병원":100,
            "공원":100,
            "혐오시설":0,
            "인프라총점":23.0,
            "초등학군":90.0,
            "중학군":48.1,
            "학군총점":56.48,
            "인구수":11.01,
            "인구증감":-3.42,
            "인구총점":6.681,
            "일자리":5.71,
            "소득수준":61.24,
            "일자리총점":22.369,
            "가치 총점":35.469,
            "매매실거래년":20211231.0,
            "매매실거래가":30600.0,
            "전세실거래년":20210831.0,
            "전세실거래가":20000.0,
            "전세가율":78.43,
            "장기전세가율평균":70.04,
            "전세가율거품지수":-8.39,
            "검색코드":7832,
            "세대수":414.0,
            "준공년월":"1995-06-10",
            "준공년차":28.0,
            "가까운역이름":"남포",
            "가까운역거리":4079.4,
            "역세권여부":"비역세권",
            "30분이내주요거점역":0,
            "30분거점역이름":"[]",
            "1시간이내주요거점역":5,
            "1시간거점역이름":"['자갈치', '남포', '부산', '범일', '서면']",
            "3km이내백화점수":0,
            "5km이내아울렛몰수":0,
            "1km이내대형먀트수":0,
            "500m이내은행수":0,
            "500m이내병원수":0,
            "5km이내대형병원수":3,
            "500m이내공원수":4,
            "3km이내혐오시설수":0,
            "초등학교학업성취도":90.0,
            "중학교학업성취도":78.5,
            "용적률":258,
            "건폐율":19,
            "Y":35.074701,
            "X":129.069462,
            "rank":69.0,
            "area_info":"31평(103.74), 41평(138.8), 49평(163.04)",
            "last_sales":"2021-12-31,30600.0,41평(138.8)",
            "rank_history":[
                [
                    "202203",
                    69
                ],
                [
                    "202202",
                    33
                ],
                [
                    "202201",
                    27
                ]
            ],
            "rank_gap":-36
        },
        {
            "index":132,
            "아파트명":"동삼1지구도개공",
            "투자타입":"일반",
            "전용면적(m2)":"38.78",
            "전용면적(평)":"11평",
            "법정동주소":"부산시 영도구 동삼동 1124-6",
            "도로명주소":"부산시 영도구 함지로 35",
            "세대수":50,
            "입주년차":0,
            "용적률점수":"--",
            "건폐율점수":"--",
            "세대당주차수":0,
            "난방방식":80,
            "공급면적":"--",
            "전용률":"--",
            "욕실수":50,
            "현관타입":10,
            "주거총점":31.5,
            "지역구공급총점":0.0,
            "역세권":0,
            "30분내 이동가능 거점":20,
            "1시간내 이동가능 거점":70,
            "교통총점":20.0,
            "백화점":0,
            "아울렛몰":0,
            "대형마트":0,
            "은행":0,
            "병원":0,
            "종합병원":100,
            "공원":100,
            "혐오시설":0,
            "인프라총점":23.0,
            "초등학군":90.04,
            "중학군":45.42,
            "학군총점":54.344,
            "인구수":11.01,
            "인구증감":-3.42,
            "인구총점":6.681,
            "일자리":5.71,
            "소득수준":61.24,
            "일자리총점":22.369,
            "가치 총점":34.0782,
            "매매실거래년":"18000101",
            "매매실거래가":null,
            "전세실거래년":null,
            "전세실거래가":null,
            "전세가율":null,
            "장기전세가율평균":70.04,
            "전세가율거품지수":null,
            "검색코드":16114,
            "세대수":400.0,
            "준공년월":"1994-05-06",
            "준공년차":29.0,
            "가까운역이름":"남포",
            "가까운역거리":3820.25,
            "역세권여부":"비역세권",
            "30분이내주요거점역":1,
            "30분거점역이름":"['남포']",
            "1시간이내주요거점역":7,
            "1시간거점역이름":"['하단', '자갈치', '남포', '부산', '범일', '서면', '부전']",
            "3km이내백화점수":0,
            "5km이내아울렛몰수":0,
            "1km이내대형먀트수":0,
            "500m이내은행수":0,
            "500m이내병원수":0,
            "5km이내대형병원수":4,
            "500m이내공원수":3,
            "3km이내혐오시설수":0,
            "초등학교학업성취도":90.04,
            "중학교학업성취도":74.3,
            "용적률":129,
            "건폐율":13,
            "Y":35.072326,
            "X":129.062764,
            "rank":70.0,
            "area_info":"11평(38.78)",
            "last_sales":"1800-01-01,nan,11평(38.78)",
            "rank_history":[
                [
                    "202203",
                    70
                ],
                [
                    "202202",
                    37
                ],
                [
                    "202201",
                    38
                ]
            ],
            "rank_gap":-33
        },
        {
            "index":258,
            "아파트명":"유림노르웨이숲비치",
            "투자타입":"일반",
            "전용면적(m2)":"77.25",
            "전용면적(평)":"23평",
            "법정동주소":"부산시 영도구 동삼동 1145",
            "도로명주소":"부산시 영도구 태종로 705",
            "세대수":0,
            "입주년차":40,
            "용적률점수":"--",
            "건폐율점수":"--",
            "세대당주차수":30,
            "난방방식":30,
            "공급면적":"--",
            "전용률":"--",
            "욕실수":100,
            "현관타입":100,
            "주거총점":35.5,
            "지역구공급총점":0.0,
            "역세권":0,
            "30분내 이동가능 거점":0,
            "1시간내 이동가능 거점":60,
            "교통총점":12.0,
            "백화점":0,
            "아울렛몰":0,
            "대형마트":0,
            "은행":0,
            "병원":0,
            "종합병원":100,
            "공원":0,
            "혐오시설":0,
            "인프라총점":20.0,
            "초등학군":90.0,
            "중학군":48.3,
            "학군총점":56.64,
            "인구수":11.01,
            "인구증감":-3.42,
            "인구총점":6.681,
            "일자리":5.71,
            "소득수준":61.24,
            "일자리총점":22.369,
            "가치 총점":33.667,
            "매매실거래년":20220105.0,
            "매매실거래가":31200.0,
            "전세실거래년":20210514.0,
            "전세실거래가":18000.0,
            "전세가율":94.74,
            "장기전세가율평균":70.04,
            "전세가율거품지수":-24.7,
            "검색코드":19789,
            "세대수":143.0,
            "준공년월":"2005-08-31",
            "준공년차":18.0,
            "가까운역이름":"남포",
            "가까운역거리":4783.04,
            "역세권여부":"비역세권",
            "30분이내주요거점역":0,
            "30분거점역이름":"[]",
            "1시간이내주요거점역":6,
            "1시간거점역이름":"['하단', '자갈치', '남포', '부산', '범일', '서면']",
            "3km이내백화점수":0,
            "5km이내아울렛몰수":0,
            "1km이내대형먀트수":0,
            "500m이내은행수":0,
            "500m이내병원수":0,
            "5km이내대형병원수":2,
            "500m이내공원수":0,
            "3km이내혐오시설수":0,
            "초등학교학업성취도":90.0,
            "중학교학업성취도":80.5,
            "용적률":294,
            "건폐율":27,
            "Y":35.072165,
            "X":129.076851,
            "rank":71.0,
            "area_info":"23평(77.25), 32평(108.69), 32평(108.58)",
            "last_sales":"2022-01-05,31200.0,32평(108.69)",
            "rank_history":[
                [
                    "202203",
                    71
                ],
                [
                    "202202",
                    35
                ],
                [
                    "202201",
                    37
                ]
            ],
            "rank_gap":-36
        },
        {
            "index":210,
            "아파트명":"삼창파크타운(402-4)",
            "투자타입":"재건축",
            "전용면적(m2)":"75.45",
            "전용면적(평)":"22평",
            "법정동주소":"부산시 영도구 동삼동 402-4",
            "도로명주소":"부산시 영도구 절영로 551",
            "세대수":0,
            "입주년차":"--",
            "용적률점수":20,
            "건폐율점수":80,
            "세대당주차수":"--",
            "난방방식":"--",
            "공급면적":50,
            "전용률":60,
            "욕실수":"--",
            "현관타입":"--",
            "주거총점":29.5,
            "지역구공급총점":0.0,
            "역세권":0,
            "30분내 이동가능 거점":0,
            "1시간내 이동가능 거점":50,
            "교통총점":10.0,
            "백화점":0,
            "아울렛몰":0,
            "대형마트":0,
            "은행":0,
            "병원":0,
            "종합병원":100,
            "공원":100,
            "혐오시설":0,
            "인프라총점":23.0,
            "초등학군":90.0,
            "중학군":48.1,
            "학군총점":56.48,
            "인구수":11.01,
            "인구증감":-3.42,
            "인구총점":6.681,
            "일자리":5.71,
            "소득수준":61.24,
            "일자리총점":22.369,
            "가치 총점":32.719,
            "매매실거래년":20210915.0,
            "매매실거래가":13000.0,
            "전세실거래년":20151016.0,
            "전세실거래가":9000.0,
            "전세가율":69.23,
            "장기전세가율평균":70.04,
            "전세가율거품지수":0.81,
            "검색코드":7863,
            "세대수":183.0,
            "준공년월":"1990-12-07",
            "준공년차":33.0,
            "가까운역이름":"남포",
            "가까운역거리":4313.08,
            "역세권여부":"비역세권",
            "30분이내주요거점역":0,
            "30분거점역이름":"[]",
            "1시간이내주요거점역":5,
            "1시간거점역이름":"['자갈치', '남포', '부산', '범일', '서면']",
            "3km이내백화점수":0,
            "5km이내아울렛몰수":0,
            "1km이내대형먀트수":0,
            "500m이내은행수":0,
            "500m이내병원수":0,
            "5km이내대형병원수":2,
            "500m이내공원수":4,
            "3km이내혐오시설수":0,
            "초등학교학업성취도":90.0,
            "중학교학업성취도":78.5,
            "용적률":208,
            "건폐율":24,
            "Y":35.074699,
            "X":129.072718,
            "rank":72.0,
            "area_info":"22평(75.45), 26평(86.01), 26평(88.11), 28평(94.46), 31평(102.65), 31평(103.09), 36평(121.12), 41평(137.72), 48평(160.92)",
            "last_sales":"2021-09-15,13000.0,22평(75.45)",
            "rank_history":[
                [
                    "202203",
                    72
                ],
                [
                    "202202",
                    36
                ],
                [
                    "202201",
                    35
                ]
            ],
            "rank_gap":-36
        },
        {
            "index":82,
            "아파트명":"경전",
            "투자타입":"일반",
            "전용면적(m2)":"58.11",
            "전용면적(평)":"17평",
            "법정동주소":"부산시 영도구 동삼동 265",
            "도로명주소":"부산시 영도구 동삼동로 10",
            "세대수":0,
            "입주년차":0,
            "용적률점수":"--",
            "건폐율점수":"--",
            "세대당주차수":0,
            "난방방식":30,
            "공급면적":"--",
            "전용률":"--",
            "욕실수":50,
            "현관타입":100,
            "주거총점":18.0,
            "지역구공급총점":0.0,
            "역세권":0,
            "30분내 이동가능 거점":20,
            "1시간내 이동가능 거점":70,
            "교통총점":20.0,
            "백화점":0,
            "아울렛몰":0,
            "대형마트":0,
            "은행":20,
            "병원":0,
            "종합병원":100,
            "공원":80,
            "혐오시설":-50,
            "인프라총점":23.4,
            "초등학군":89.98,
            "중학군":48.1,
            "학군총점":56.476,
            "인구수":11.01,
            "인구증감":-3.42,
            "인구총점":6.681,
            "일자리":5.71,
            "소득수준":61.24,
            "일자리총점":22.369,
            "가치 총점":31.4628,
            "매매실거래년":20211102.0,
            "매매실거래가":27000.0,
            "전세실거래년":null,
            "전세실거래가":null,
            "전세가율":null,
            "장기전세가율평균":70.04,
            "전세가율거품지수":null,
            "검색코드":7728,
            "세대수":224.0,
            "준공년월":"1993-10-14",
            "준공년차":30.0,
            "가까운역이름":"남포",
            "가까운역거리":3846.66,
            "역세권여부":"비역세권",
            "30분이내주요거점역":1,
            "30분거점역이름":"['남포']",
            "1시간이내주요거점역":7,
            "1시간거점역이름":"['하단', '자갈치', '남포', '부산', '범일', '서면', '부전']",
            "3km이내백화점수":0,
            "5km이내아울렛몰수":0,
            "1km이내대형먀트수":0,
            "500m이내은행수":2,
            "500m이내병원수":0,
            "5km이내대형병원수":4,
            "500m이내공원수":1,
            "3km이내혐오시설수":1,
            "초등학교학업성취도":89.98,
            "중학교학업성취도":78.5,
            "용적률":307,
            "건폐율":24,
            "Y":35.080767,
            "X":129.07146,
            "rank":73.0,
            "area_info":"17평(58.11), 17평(59.17), 19평(65.68), 20평(67.35), 26평(85.99), 27평(91.83), 28평(93.19), 29평(96.45), 29평(97.24), 30평(100.14), 38평(125.76), 41평(138.79)",
            "last_sales":"2021-11-02,27000.0,41평(138.79)",
            "rank_history":[
                [
                    "202203",
                    73
                ],
                [
                    "202202",
                    40
                ],
                [
                    "202201",
                    41
                ]
            ],
            "rank_gap":-33
        },
        {
            "index":261,
            "아파트명":"전원파크맨션(가동)",
            "투자타입":"재건축",
            "전용면적(m2)":"65.41",
            "전용면적(평)":"19평",
            "법정동주소":"부산시 영도구 동삼동 557",
            "도로명주소":"부산시 영도구 중리북로 10",
            "세대수":0,
            "입주년차":"--",
            "용적률점수":20,
            "건폐율점수":40,
            "세대당주차수":"--",
            "난방방식":"--",
            "공급면적":50,
            "전용률":80,
            "욕실수":"--",
            "현관타입":"--",
            "주거총점":22.5,
            "지역구공급총점":0.0,
            "역세권":0,
            "30분내 이동가능 거점":0,
            "1시간내 이동가능 거점":50,
            "교통총점":10.0,
            "백화점":0,
            "아울렛몰":0,
            "대형마트":0,
            "은행":0,
            "병원":0,
            "종합병원":100,
            "공원":100,
            "혐오시설":0,
            "인프라총점":23.0,
            "초등학군":90.04,
            "중학군":48.3,
            "학군총점":56.648,
            "인구수":11.01,
            "인구증감":-3.42,
            "인구총점":6.681,
            "일자리":5.71,
            "소득수준":61.24,
            "일자리총점":22.369,
            "가치 총점":31.0194,
            "매매실거래년":20161221.0,
            "매매실거래가":12500.0,
            "전세실거래년":null,
            "전세실거래가":null,
            "전세가율":null,
            "장기전세가율평균":70.04,
            "전세가율거품지수":null,
            "검색코드":13491,
            "세대수":54.0,
            "준공년월":"1988-12-06",
            "준공년차":35.0,
            "가까운역이름":"남포",
            "가까운역거리":4259.04,
            "역세권여부":"비역세권",
            "30분이내주요거점역":0,
            "30분거점역이름":"[]",
            "1시간이내주요거점역":5,
            "1시간거점역이름":"['자갈치', '남포', '부산', '범일', '서면']",
            "3km이내백화점수":0,
            "5km이내아울렛몰수":0,
            "1km이내대형먀트수":0,
            "500m이내은행수":0,
            "500m이내병원수":0,
            "5km이내대형병원수":3,
            "500m이내공원수":2,
            "3km이내혐오시설수":0,
            "초등학교학업성취도":90.04,
            "중학교학업성취도":80.5,
            "용적률":218,
            "건폐율":36,
            "Y":35.070375,
            "X":129.067278,
            "rank":74.0,
            "area_info":"19평(65.41), 21평(69.73), 22평(75.3), 24평(80.2), 25평(85.74), 25평(85.78), 25평(85.81), 26평(86.48), 27평(89.48), 27평(91.48), 27평(91.7)",
            "last_sales":"2016-12-21,12500.0,27평(91.7)",
            "rank_history":[
                [
                    "202203",
                    74
                ],
                [
                    "202202",
                    9999
                ]
            ],
            "rank_gap":9999
        },
        {
            "index":140,
            "아파트명":"동삼한진로즈힐",
            "투자타입":"일반",
            "전용면적(m2)":"34.78",
            "전용면적(평)":"10평",
            "법정동주소":"부산시 영도구 동삼동 510-34",
            "도로명주소":"부산시 영도구 와치로 294",
            "세대수":0,
            "입주년차":40,
            "용적률점수":"--",
            "건폐율점수":"--",
            "세대당주차수":0,
            "난방방식":30,
            "공급면적":"--",
            "전용률":"--",
            "욕실수":50,
            "현관타입":50,
            "주거총점":21.0,
            "지역구공급총점":0.0,
            "역세권":0,
            "30분내 이동가능 거점":0,
            "1시간내 이동가능 거점":50,
            "교통총점":10.0,
            "백화점":0,
            "아울렛몰":0,
            "대형마트":0,
            "은행":0,
            "병원":0,
            "종합병원":100,
            "공원":100,
            "혐오시설":0,
            "인프라총점":23.0,
            "초등학군":90.0,
            "중학군":48.3,
            "학군총점":56.64,
            "인구수":11.01,
            "인구증감":-3.42,
            "인구총점":6.681,
            "일자리":5.71,
            "소득수준":61.24,
            "일자리총점":22.369,
            "가치 총점":30.642,
            "매매실거래년":20220120.0,
            "매매실거래가":22500.0,
            "전세실거래년":20171110.0,
            "전세실거래가":5000.0,
            "전세가율":66.67,
            "장기전세가율평균":70.04,
            "전세가율거품지수":3.37,
            "검색코드":11758,
            "세대수":270.0,
            "준공년월":"2004-12-27",
            "준공년차":19.0,
            "가까운역이름":"남포",
            "가까운역거리":4333.08,
            "역세권여부":"비역세권",
            "30분이내주요거점역":0,
            "30분거점역이름":"[]",
            "1시간이내주요거점역":5,
            "1시간거점역이름":"['자갈치', '남포', '부산', '범일', '서면']",
            "3km이내백화점수":0,
            "5km이내아울렛몰수":0,
            "1km이내대형먀트수":0,
            "500m이내은행수":0,
            "500m이내병원수":0,
            "5km이내대형병원수":2,
            "500m이내공원수":4,
            "3km이내혐오시설수":0,
            "초등학교학업성취도":90.0,
            "중학교학업성취도":80.5,
            "용적률":246,
            "건폐율":17,
            "Y":35.073284,
            "X":129.071647,
            "rank":75.0,
            "area_info":"10평(34.78), 16평(53.01), 24평(80.79)",
            "last_sales":"2022-01-20,22500.0,24평(80.79)",
            "rank_history":[
                [
                    "202203",
                    75
                ],
                [
                    "202202",
                    38
                ],
                [
                    "202201",
                    39
                ]
            ],
            "rank_gap":-37
        },
        {
            "index":325,
            "아파트명":"함지그린",
            "투자타입":"일반",
            "전용면적(m2)":"62.48",
            "전용면적(평)":"18평",
            "법정동주소":"부산시 영도구 동삼동 1124",
            "도로명주소":"부산시 영도구 함지로 8",
            "세대수":90,
            "입주년차":0,
            "용적률점수":"--",
            "건폐율점수":"--",
            "세대당주차수":0,
            "난방방식":30,
            "공급면적":"--",
            "전용률":"--",
            "욕실수":50,
            "현관타입":10,
            "주거총점":40.5,
            "지역구공급총점":0.0,
            "역세권":0,
            "30분내 이동가능 거점":20,
            "1시간내 이동가능 거점":70,
            "교통총점":20.0,
            "백화점":0,
            "아울렛몰":0,
            "대형마트":0,
            "은행":0,
            "병원":0,
            "종합병원":100,
            "공원":80,
            "혐오시설":0,
            "인프라총점":22.4,
            "초등학군":90.04,
            "중학군":20.88,
            "학군총점":34.712,
            "인구수":11.01,
            "인구증감":-3.42,
            "인구총점":6.681,
            "일자리":5.71,
            "소득수준":61.24,
            "일자리총점":22.369,
            "가치 총점":30.2586,
            "매매실거래년":20220210.0,
            "매매실거래가":22000.0,
            "전세실거래년":20220218.0,
            "전세실거래가":8925.0,
            "전세가율":35.0,
            "장기전세가율평균":70.04,
            "전세가율거품지수":35.04,
            "검색코드":7874,
            "세대수":1000.0,
            "준공년월":"1994-05-06",
            "준공년차":29.0,
            "가까운역이름":"남포",
            "가까운역거리":3896.7,
            "역세권여부":"비역세권",
            "30분이내주요거점역":1,
            "30분거점역이름":"['남포']",
            "1시간이내주요거점역":7,
            "1시간거점역이름":"['하단', '자갈치', '남포', '부산', '범일', '서면', '부전']",
            "3km이내백화점수":0,
            "5km이내아울렛몰수":0,
            "1km이내대형먀트수":0,
            "500m이내은행수":0,
            "500m이내병원수":0,
            "5km이내대형병원수":4,
            "500m이내공원수":1,
            "3km이내혐오시설수":0,
            "초등학교학업성취도":90.04,
            "중학교학업성취도":34.8,
            "용적률":174,
            "건폐율":0,
            "Y":35.071246,
            "X":129.062531,
            "rank":76.0,
            "area_info":"18평(62.48), 23평(78.3)",
            "last_sales":"2022-02-10,22000.0,23평(78.3)",
            "rank_history":[
                [
                    "202203",
                    76
                ],
                [
                    "202202",
                    41
                ],
                [
                    "202201",
                    33
                ]
            ],
            "rank_gap":-35
        },
        {
            "index":138,
            "아파트명":"동삼절영3차",
            "투자타입":"일반",
            "전용면적(m2)":"57.6",
            "전용면적(평)":"17평",
            "법정동주소":"부산시 영도구 동삼동 510-37",
            "도로명주소":"부산시 영도구 와치로 287",
            "세대수":30,
            "입주년차":0,
            "용적률점수":"--",
            "건폐율점수":"--",
            "세대당주차수":0,
            "난방방식":30,
            "공급면적":"--",
            "전용률":"--",
            "욕실수":50,
            "현관타입":10,
            "주거총점":19.5,
            "지역구공급총점":0.0,
            "역세권":0,
            "30분내 이동가능 거점":0,
            "1시간내 이동가능 거점":50,
            "교통총점":10.0,
            "백화점":0,
            "아울렛몰":0,
            "대형마트":0,
            "은행":0,
            "병원":0,
            "종합병원":100,
            "공원":100,
            "혐오시설":0,
            "인프라총점":23.0,
            "초등학군":90.0,
            "중학군":48.1,
            "학군총점":56.48,
            "인구수":11.01,
            "인구증감":-3.42,
            "인구총점":6.681,
            "일자리":5.71,
            "소득수준":61.24,
            "일자리총점":22.369,
            "가치 총점":30.219,
            "매매실거래년":20211231.0,
            "매매실거래가":12000.0,
            "전세실거래년":20220215.0,
            "전세실거래가":8500.0,
            "전세가율":70.83,
            "장기전세가율평균":70.04,
            "전세가율거품지수":-0.79,
            "검색코드":10012,
            "세대수":360.0,
            "준공년월":"1997-12-27",
            "준공년차":26.0,
            "가까운역이름":"남포",
            "가까운역거리":4282.5,
            "역세권여부":"비역세권",
            "30분이내주요거점역":0,
            "30분거점역이름":"[]",
            "1시간이내주요거점역":5,
            "1시간거점역이름":"['자갈치', '남포', '부산', '범일', '서면']",
            "3km이내백화점수":0,
            "5km이내아울렛몰수":0,
            "1km이내대형먀트수":0,
            "500m이내은행수":0,
            "500m이내병원수":0,
            "5km이내대형병원수":2,
            "500m이내공원수":4,
            "3km이내혐오시설수":0,
            "초등학교학업성취도":90.0,
            "중학교학업성취도":78.5,
            "용적률":245,
            "건폐율":16,
            "Y":35.074229,
            "X":129.071857,
            "rank":77.0,
            "area_info":"17평(57.6), 17평(57.38)",
            "last_sales":"2021-12-31,12000.0,17평(57.6)",
            "rank_history":[
                [
                    "202203",
                    77
                ],
                [
                    "202202",
                    39
                ],
                [
                    "202201",
                    40
                ]
            ],
            "rank_gap":-38
        },
        {
            "index":313,
            "아파트명":"한나라빌",
            "투자타입":"일반",
            "전용면적(m2)":"27.08",
            "전용면적(평)":"8평",
            "법정동주소":"부산시 영도구 동삼동 325-232",
            "도로명주소":"부산시 영도구 와치로 191",
            "세대수":0,
            "입주년차":20,
            "용적률점수":"--",
            "건폐율점수":"--",
            "세대당주차수":0,
            "난방방식":30,
            "공급면적":"--",
            "전용률":"--",
            "욕실수":50,
            "현관타입":50,
            "주거총점":17.0,
            "지역구공급총점":0.0,
            "역세권":0,
            "30분내 이동가능 거점":0,
            "1시간내 이동가능 거점":50,
            "교통총점":10.0,
            "백화점":0,
            "아울렛몰":0,
            "대형마트":0,
            "은행":0,
            "병원":0,
            "종합병원":100,
            "공원":80,
            "혐오시설":0,
            "인프라총점":22.4,
            "초등학군":89.85,
            "중학군":48.1,
            "학군총점":56.45,
            "인구수":11.01,
            "인구증감":-3.42,
            "인구총점":6.681,
            "일자리":5.71,
            "소득수준":61.24,
            "일자리총점":22.369,
            "가치 총점":29.405,
            "매매실거래년":20211220.0,
            "매매실거래가":18600.0,
            "전세실거래년":null,
            "전세실거래가":null,
            "전세가율":null,
            "장기전세가율평균":70.04,
            "전세가율거품지수":null,
            "검색코드":128424,
            "세대수":51.0,
            "준공년월":"2002-07-31",
            "준공년차":21.0,
            "가까운역이름":"남포",
            "가까운역거리":3425.83,
            "역세권여부":"비역세권",
            "30분이내주요거점역":0,
            "30분거점역이름":"[]",
            "1시간이내주요거점역":5,
            "1시간거점역이름":"['자갈치', '남포', '부산', '범일', '서면']",
            "3km이내백화점수":0,
            "5km이내아울렛몰수":0,
            "1km이내대형먀트수":0,
            "500m이내은행수":1,
            "500m이내병원수":0,
            "5km이내대형병원수":5,
            "500m이내공원수":1,
            "3km이내혐오시설수":0,
            "초등학교학업성취도":89.85,
            "중학교학업성취도":78.5,
            "용적률":0,
            "건폐율":0,
            "Y":35.078893,
            "X":129.064363,
            "rank":78.0,
            "area_info":"8평(27.08), 9평(32.74), 15평(50.93), 15평(50.5), 16평(54.16), 24평(82.26), 25평(82.77), 25평(83.18), 27평(91.04), 28평(94.43), 30평(100.36), 58평(192.72)",
            "last_sales":"2021-12-20,18600.0,30평(100.36)",
            "rank_history":[
                [
                    "202203",
                    78
                ],
                [
                    "202202",
                    9999
                ]
            ],
            "rank_gap":9999
        },
        {
            "index":272,
            "아파트명":"전원파크맨션(나동)",
            "투자타입":"재건축",
            "전용면적(m2)":"58.13",
            "전용면적(평)":"17평",
            "법정동주소":"부산시 영도구 동삼동 581-5",
            "도로명주소":"부산시 영도구 중리남로 12",
            "세대수":0,
            "입주년차":"--",
            "용적률점수":60,
            "건폐율점수":60,
            "세대당주차수":"--",
            "난방방식":"--",
            "공급면적":50,
            "전용률":80,
            "욕실수":"--",
            "현관타입":"--",
            "주거총점":42.5,
            "지역구공급총점":0.0,
            "역세권":0,
            "30분내 이동가능 거점":0,
            "1시간내 이동가능 거점":50,
            "교통총점":10.0,
            "백화점":0,
            "아울렛몰":0,
            "대형마트":0,
            "은행":0,
            "병원":0,
            "종합병원":100,
            "공원":0,
            "혐오시설":0,
            "인프라총점":20.0,
            "초등학군":90.04,
            "중학군":20.88,
            "학군총점":34.712,
            "인구수":11.01,
            "인구증감":-3.42,
            "인구총점":6.681,
            "일자리":5.71,
            "소득수준":61.24,
            "일자리총점":22.369,
            "가치 총점":28.5386,
            "매매실거래년":"18000101",
            "매매실거래가":null,
            "전세실거래년":null,
            "전세실거래가":null,
            "전세가율":null,
            "장기전세가율평균":70.04,
            "전세가율거품지수":null,
            "검색코드":107315,
            "세대수":72.0,
            "준공년월":"1989-12-30",
            "준공년차":34.0,
            "가까운역이름":"남포",
            "가까운역거리":4336.13,
            "역세권여부":"비역세권",
            "30분이내주요거점역":0,
            "30분거점역이름":"[]",
            "1시간이내주요거점역":5,
            "1시간거점역이름":"['자갈치', '남포', '부산', '범일', '서면']",
            "3km이내백화점수":0,
            "5km이내아울렛몰수":0,
            "1km이내대형먀트수":0,
            "500m이내은행수":0,
            "500m이내병원수":0,
            "5km이내대형병원수":3,
            "500m이내공원수":0,
            "3km이내혐오시설수":0,
            "초등학교학업성취도":90.04,
            "중학교학업성취도":34.8,
            "용적률":183,
            "건폐율":31,
            "Y":35.068805,
            "X":129.066457,
            "rank":79.0,
            "area_info":"17평(58.13), 18평(59.87), 18평(61.9), 20평(68.49), 21평(70.03), 21평(71.49), 22평(73.13), 22평(74.16), 22평(75.16), 23평(77.21), 24평(79.61), 24평(80.77), 24평(80.48), 26평(86.19), 27평(90.27), 27평(90.12), 27평(91.8), 28평(95.47), 29평(96.83)",
            "last_sales":"1800-01-01,nan,17평(58.13)",
            "rank_history":[
                [
                    "202203",
                    79
                ],
                [
                    "202202",
                    9999
                ]
            ],
            "rank_gap":9999
        },
        {
            "index":300,
            "아파트명":"태림",
            "투자타입":"재건축",
            "전용면적(m2)":"64.54",
            "전용면적(평)":"19평",
            "법정동주소":"부산시 영도구 동삼동 314",
            "도로명주소":"부산시 영도구 웃서발로 92",
            "세대수":0,
            "입주년차":"--",
            "용적률점수":0,
            "건폐율점수":0,
            "세대당주차수":"--",
            "난방방식":"--",
            "공급면적":50,
            "전용률":80,
            "욕실수":"--",
            "현관타입":"--",
            "주거총점":6.5,
            "지역구공급총점":0.0,
            "역세권":0,
            "30분내 이동가능 거점":0,
            "1시간내 이동가능 거점":70,
            "교통총점":14.0,
            "백화점":0,
            "아울렛몰":0,
            "대형마트":0,
            "은행":20,
            "병원":0,
            "종합병원":100,
            "공원":100,
            "혐오시설":0,
            "인프라총점":25.0,
            "초등학군":89.98,
            "중학군":48.1,
            "학군총점":56.476,
            "인구수":11.01,
            "인구증감":-3.42,
            "인구총점":6.681,
            "일자리":5.71,
            "소득수준":61.24,
            "일자리총점":22.369,
            "가치 총점":28.1678,
            "매매실거래년":20211017.0,
            "매매실거래가":8700.0,
            "전세실거래년":20210723.0,
            "전세실거래가":5500.0,
            "전세가율":63.22,
            "장기전세가율평균":70.04,
            "전세가율거품지수":6.82,
            "검색코드":24194,
            "세대수":120.0,
            "준공년월":"1980-05-23",
            "준공년차":43.0,
            "가까운역이름":"남포",
            "가까운역거리":4003.45,
            "역세권여부":"비역세권",
            "30분이내주요거점역":0,
            "30분거점역이름":"[]",
            "1시간이내주요거점역":7,
            "1시간거점역이름":"['하단', '자갈치', '남포', '부산', '범일', '서면', '부전']",
            "3km이내백화점수":0,
            "5km이내아울렛몰수":0,
            "1km이내대형먀트수":0,
            "500m이내은행수":2,
            "500m이내병원수":0,
            "5km이내대형병원수":4,
            "500m이내공원수":2,
            "3km이내혐오시설수":0,
            "초등학교학업성취도":89.98,
            "중학교학업성취도":78.5,
            "용적률":0,
            "건폐율":0,
            "Y":35.078493,
            "X":129.071792,
            "rank":80.0,
            "area_info":"19평(64.54), 21평(72.02), 24평(82.14), 25평(83.66)",
            "last_sales":"2021-10-17,8700.0,19평(64.54)",
            "rank_history":[
                [
                    "202203",
                    80
                ],
                [
                    "202202",
                    42
                ],
                [
                    "202201",
                    42
                ]
            ],
            "rank_gap":-38
        },
        {
            "index":109,
            "아파트명":"도시",
            "투자타입":"재건축",
            "전용면적(m2)":"53.46",
            "전용면적(평)":"16평",
            "법정동주소":"부산시 영도구 동삼동 220-1",
            "도로명주소":"부산시 영도구 동삼서로 61",
            "세대수":0,
            "입주년차":"--",
            "용적률점수":0,
            "건폐율점수":0,
            "세대당주차수":"--",
            "난방방식":"--",
            "공급면적":50,
            "전용률":80,
            "욕실수":"--",
            "현관타입":"--",
            "주거총점":6.5,
            "지역구공급총점":0.0,
            "역세권":0,
            "30분내 이동가능 거점":20,
            "1시간내 이동가능 거점":70,
            "교통총점":20.0,
            "백화점":0,
            "아울렛몰":0,
            "대형마트":0,
            "은행":0,
            "병원":0,
            "종합병원":100,
            "공원":100,
            "혐오시설":-50,
            "인프라총점":22.0,
            "초등학군":89.93,
            "중학군":48.1,
            "학군총점":56.466,
            "인구수":11.01,
            "인구증감":-3.42,
            "인구총점":6.681,
            "일자리":5.71,
            "소득수준":61.24,
            "일자리총점":22.369,
            "가치 총점":28.1648,
            "매매실거래년":20211110.0,
            "매매실거래가":15000.0,
            "전세실거래년":20211214.0,
            "전세실거래가":6500.0,
            "전세가율":106.56,
            "장기전세가율평균":70.04,
            "전세가율거품지수":-36.52,
            "검색코드":7790,
            "세대수":144.0,
            "준공년월":"1989-12-04",
            "준공년차":34.0,
            "가까운역이름":"남포",
            "가까운역거리":3579.13,
            "역세권여부":"비역세권",
            "30분이내주요거점역":1,
            "30분거점역이름":"['남포']",
            "1시간이내주요거점역":7,
            "1시간거점역이름":"['하단', '자갈치', '남포', '부산', '범일', '서면', '부전']",
            "3km이내백화점수":0,
            "5km이내아울렛몰수":0,
            "1km이내대형먀트수":0,
            "500m이내은행수":1,
            "500m이내병원수":0,
            "5km이내대형병원수":4,
            "500m이내공원수":4,
            "3km이내혐오시설수":1,
            "초등학교학업성취도":89.93,
            "중학교학업성취도":78.5,
            "용적률":0,
            "건폐율":0,
            "Y":35.084203,
            "X":129.070331,
            "rank":81.0,
            "area_info":"16평(53.46), 22평(74.86), 23평(78.55), 25평(84.61), 28평(94.41), 30평(102.14), 40평(135.48)",
            "last_sales":"2021-11-10,15000.0,30평(102.14)",
            "rank_history":[
                [
                    "202203",
                    81
                ],
                [
                    "202202",
                    45
                ],
                [
                    "202201",
                    47
                ]
            ],
            "rank_gap":-36
        },
        {
            "index":219,
            "아파트명":"신흥동백",
            "투자타입":"재건축",
            "전용면적(m2)":"55.39",
            "전용면적(평)":"16평",
            "법정동주소":"부산시 영도구 동삼동 360-1",
            "도로명주소":"부산시 영도구 태종로 644",
            "세대수":0,
            "입주년차":"--",
            "용적률점수":0,
            "건폐율점수":0,
            "세대당주차수":"--",
            "난방방식":"--",
            "공급면적":50,
            "전용률":80,
            "욕실수":"--",
            "현관타입":"--",
            "주거총점":6.5,
            "지역구공급총점":0.0,
            "역세권":0,
            "30분내 이동가능 거점":0,
            "1시간내 이동가능 거점":70,
            "교통총점":14.0,
            "백화점":0,
            "아울렛몰":0,
            "대형마트":0,
            "은행":0,
            "병원":0,
            "종합병원":100,
            "공원":100,
            "혐오시설":0,
            "인프라총점":23.0,
            "초등학군":90.0,
            "중학군":48.1,
            "학군총점":56.48,
            "인구수":11.01,
            "인구증감":-3.42,
            "인구총점":6.681,
            "일자리":5.71,
            "소득수준":61.24,
            "일자리총점":22.369,
            "가치 총점":27.569,
            "매매실거래년":20220214.0,
            "매매실거래가":15500.0,
            "전세실거래년":20220203.0,
            "전세실거래가":6500.0,
            "전세가율":82.28,
            "장기전세가율평균":70.04,
            "전세가율거품지수":-12.24,
            "검색코드":105175,
            "세대수":78.0,
            "준공년월":"1984-09-08",
            "준공년차":39.0,
            "가까운역이름":"남포",
            "가까운역거리":4214.27,
            "역세권여부":"비역세권",
            "30분이내주요거점역":0,
            "30분거점역이름":"[]",
            "1시간이내주요거점역":7,
            "1시간거점역이름":"['하단', '자갈치', '남포', '부산', '범일', '서면', '부전']",
            "3km이내백화점수":0,
            "5km이내아울렛몰수":0,
            "1km이내대형먀트수":0,
            "500m이내은행수":1,
            "500m이내병원수":0,
            "5km이내대형병원수":2,
            "500m이내공원수":2,
            "3km이내혐오시설수":0,
            "초등학교학업성취도":90.0,
            "중학교학업성취도":78.5,
            "용적률":0,
            "건폐율":0,
            "Y":35.07624,
            "X":129.072738,
            "rank":82.0,
            "area_info":"16평(55.39), 17평(57.68), 17평(58.98), 17평(58.68), 17평(59.18), 18평(59.88), 18평(60.17), 18평(61.66), 25평(85.63), 28평(92.67), 29평(98.75)",
            "last_sales":"2022-02-14,15500.0,29평(98.75)",
            "rank_history":[
                [
                    "202203",
                    82
                ],
                [
                    "202202",
                    9999
                ]
            ],
            "rank_gap":9999
        },
        {
            "index":230,
            "아파트명":"신흥동백맨션",
            "투자타입":"재건축",
            "전용면적(m2)":"57.73",
            "전용면적(평)":"17평",
            "법정동주소":"부산시 영도구 동삼동 356-20",
            "도로명주소":"부산시 영도구 와치로 261",
            "세대수":0,
            "입주년차":"--",
            "용적률점수":0,
            "건폐율점수":0,
            "세대당주차수":"--",
            "난방방식":"--",
            "공급면적":50,
            "전용률":80,
            "욕실수":"--",
            "현관타입":"--",
            "주거총점":6.5,
            "지역구공급총점":0.0,
            "역세권":0,
            "30분내 이동가능 거점":0,
            "1시간내 이동가능 거점":50,
            "교통총점":10.0,
            "백화점":0,
            "아울렛몰":0,
            "대형마트":0,
            "은행":20,
            "병원":0,
            "종합병원":100,
            "공원":100,
            "혐오시설":0,
            "인프라총점":25.0,
            "초등학군":90.0,
            "중학군":48.1,
            "학군총점":56.48,
            "인구수":11.01,
            "인구증감":-3.42,
            "인구총점":6.681,
            "일자리":5.71,
            "소득수준":61.24,
            "일자리총점":22.369,
            "가치 총점":27.569,
            "매매실거래년":20210915.0,
            "매매실거래가":14000.0,
            "전세실거래년":20210223.0,
            "전세실거래가":6500.0,
            "전세가율":50.78,
            "장기전세가율평균":70.04,
            "전세가율거품지수":19.26,
            "검색코드":10615,
            "세대수":84.0,
            "준공년월":"1988-12-14",
            "준공년차":35.0,
            "가까운역이름":"남포",
            "가까운역거리":4046.38,
            "역세권여부":"비역세권",
            "30분이내주요거점역":0,
            "30분거점역이름":"[]",
            "1시간이내주요거점역":5,
            "1시간거점역이름":"['자갈치', '남포', '부산', '범일', '서면']",
            "3km이내백화점수":0,
            "5km이내아울렛몰수":0,
            "1km이내대형먀트수":0,
            "500m이내은행수":2,
            "500m이내병원수":0,
            "5km이내대형병원수":3,
            "500m이내공원수":4,
            "3km이내혐오시설수":0,
            "초등학교학업성취도":90.0,
            "중학교학업성취도":78.5,
            "용적률":0,
            "건폐율":0,
            "Y":35.076072,
            "X":129.070313,
            "rank":82.0,
            "area_info":"17평(57.73), 17평(58.12), 18평(62.66), 22평(74.37), 22평(75.86), 27평(90.11)",
            "last_sales":"2021-09-15,14000.0,22평(75.86)",
            "rank_history":[
                [
                    "202203",
                    82
                ],
                [
                    "202202",
                    9999
                ]
            ],
            "rank_gap":9999
        },
        {
            "index":304,
            "아파트명":"태종파크맨션",
            "투자타입":"재건축",
            "전용면적(m2)":"49.4",
            "전용면적(평)":"14평",
            "법정동주소":"부산시 영도구 동삼동 227-233",
            "도로명주소":"부산시 영도구 웃서발로 15",
            "세대수":0,
            "입주년차":"--",
            "용적률점수":0,
            "건폐율점수":0,
            "세대당주차수":"--",
            "난방방식":"--",
            "공급면적":50,
            "전용률":80,
            "욕실수":"--",
            "현관타입":"--",
            "주거총점":6.5,
            "지역구공급총점":0.0,
            "역세권":0,
            "30분내 이동가능 거점":0,
            "1시간내 이동가능 거점":60,
            "교통총점":12.0,
            "백화점":0,
            "아울렛몰":0,
            "대형마트":0,
            "은행":20,
            "병원":0,
            "종합병원":100,
            "공원":100,
            "혐오시설":-50,
            "인프라총점":24.0,
            "초등학군":89.93,
            "중학군":48.1,
            "학군총점":56.466,
            "인구수":11.01,
            "인구증감":-3.42,
            "인구총점":6.681,
            "일자리":5.71,
            "소득수준":61.24,
            "일자리총점":22.369,
            "가치 총점":27.5648,
            "매매실거래년":20211022.0,
            "매매실거래가":8000.0,
            "전세실거래년":20130321.0,
            "전세실거래가":4700.0,
            "전세가율":66.2,
            "장기전세가율평균":70.04,
            "전세가율거품지수":3.84,
            "검색코드":7873,
            "세대수":119.0,
            "준공년월":"1987-01-07",
            "준공년차":36.0,
            "가까운역이름":"남포",
            "가까운역거리":3504.8,
            "역세권여부":"비역세권",
            "30분이내주요거점역":0,
            "30분거점역이름":"[]",
            "1시간이내주요거점역":6,
            "1시간거점역이름":"['자갈치', '남포', '부산', '범일', '서면', '부전']",
            "3km이내백화점수":0,
            "5km이내아울렛몰수":0,
            "1km이내대형먀트수":0,
            "500m이내은행수":2,
            "500m이내병원수":0,
            "5km이내대형병원수":6,
            "500m이내공원수":3,
            "3km이내혐오시설수":1,
            "초등학교학업성취도":89.93,
            "중학교학업성취도":78.5,
            "용적률":0,
            "건폐율":0,
            "Y":35.081871,
            "X":129.067899,
            "rank":83.0,
            "area_info":"14평(49.4), 17평(58.52), 18평(60.32), 18평(61.33), 18평(62.45), 19평(65.27), 20평(67.07), 20평(68.64), 21평(70.44)",
            "last_sales":"2021-10-22,8000.0,21평(70.44)",
            "rank_history":[
                [
                    "202203",
                    83
                ],
                [
                    "202202",
                    43
                ],
                [
                    "202201",
                    43
                ]
            ],
            "rank_gap":-40
        },
        {
            "index":159,
            "아파트명":"삼창파크타운(363-46)",
            "투자타입":"재건축",
            "전용면적(m2)":"60.51",
            "전용면적(평)":"18평",
            "법정동주소":"부산시 영도구 동삼동 363-46",
            "도로명주소":"부산시 영도구 동삼로29번길 7",
            "세대수":0,
            "입주년차":"--",
            "용적률점수":0,
            "건폐율점수":0,
            "세대당주차수":"--",
            "난방방식":"--",
            "공급면적":50,
            "전용률":80,
            "욕실수":"--",
            "현관타입":"--",
            "주거총점":6.5,
            "지역구공급총점":0.0,
            "역세권":0,
            "30분내 이동가능 거점":0,
            "1시간내 이동가능 거점":60,
            "교통총점":12.0,
            "백화점":0,
            "아울렛몰":0,
            "대형마트":0,
            "은행":0,
            "병원":0,
            "종합병원":100,
            "공원":100,
            "혐오시설":0,
            "인프라총점":23.0,
            "초등학군":90.0,
            "중학군":48.1,
            "학군총점":56.48,
            "인구수":11.01,
            "인구증감":-3.42,
            "인구총점":6.681,
            "일자리":5.71,
            "소득수준":61.24,
            "일자리총점":22.369,
            "가치 총점":27.269,
            "매매실거래년":20211007.0,
            "매매실거래가":18000.0,
            "전세실거래년":20210329.0,
            "전세실거래가":5000.0,
            "전세가율":42.02,
            "장기전세가율평균":70.04,
            "전세가율거품지수":28.02,
            "검색코드":7855,
            "세대수":184.0,
            "준공년월":"1989-02-25",
            "준공년차":34.0,
            "가까운역이름":"남포",
            "가까운역거리":4131.38,
            "역세권여부":"비역세권",
            "30분이내주요거점역":0,
            "30분거점역이름":"[]",
            "1시간이내주요거점역":6,
            "1시간거점역이름":"['자갈치', '남포', '부산', '범일', '서면', '부전']",
            "3km이내백화점수":0,
            "5km이내아울렛몰수":0,
            "1km이내대형먀트수":0,
            "500m이내은행수":1,
            "500m이내병원수":0,
            "5km이내대형병원수":2,
            "500m이내공원수":4,
            "3km이내혐오시설수":0,
            "초등학교학업성취도":90.0,
            "중학교학업성취도":78.5,
            "용적률":0,
            "건폐율":0,
            "Y":35.075874,
            "X":129.071297,
            "rank":84.0,
            "area_info":"18평(60.51), 19평(65.64), 20평(67.86), 22평(74.55), 22평(75.77), 22평(75.47), 23평(76.3), 23평(77.87), 25평(85.39), 26평(86.86), 26평(88.51), 26평(88.35), 26평(88.46), 26평(88.56), 27평(90.45), 28평(93.23), 28평(93.74), 28평(94.65), 29평(95.93), 29평(96.56), 29평(96.42), 30평(99.99), 30평(100.73), 38평(127.12)",
            "last_sales":"2021-10-07,18000.0,30평(99.99)",
            "rank_history":[
                [
                    "202203",
                    84
                ],
                [
                    "202202",
                    44
                ],
                [
                    "202201",
                    44
                ]
            ],
            "rank_gap":-40
        },
        {
            "index":117,
            "아파트명":"동산파크타운",
            "투자타입":"재건축",
            "전용면적(m2)":"48.1",
            "전용면적(평)":"14평",
            "법정동주소":"부산시 영도구 동삼동 400-6",
            "도로명주소":"부산시 영도구 절영로 530",
            "세대수":0,
            "입주년차":"--",
            "용적률점수":0,
            "건폐율점수":0,
            "세대당주차수":"--",
            "난방방식":"--",
            "공급면적":50,
            "전용률":80,
            "욕실수":"--",
            "현관타입":"--",
            "주거총점":6.5,
            "지역구공급총점":0.0,
            "역세권":0,
            "30분내 이동가능 거점":0,
            "1시간내 이동가능 거점":60,
            "교통총점":12.0,
            "백화점":0,
            "아울렛몰":0,
            "대형마트":0,
            "은행":0,
            "병원":0,
            "종합병원":100,
            "공원":80,
            "혐오시설":0,
            "인프라총점":22.4,
            "초등학군":90.0,
            "중학군":48.3,
            "학군총점":56.64,
            "인구수":11.01,
            "인구증감":-3.42,
            "인구총점":6.681,
            "일자리":5.71,
            "소득수준":61.24,
            "일자리총점":22.369,
            "가치 총점":27.137,
            "매매실거래년":20210421.0,
            "매매실거래가":12900.0,
            "전세실거래년":null,
            "전세실거래가":null,
            "전세가율":null,
            "장기전세가율평균":70.04,
            "전세가율거품지수":null,
            "검색코드":24161,
            "세대수":74.0,
            "준공년월":"1988-08-08",
            "준공년차":35.0,
            "가까운역이름":"남포",
            "가까운역거리":4450.24,
            "역세권여부":"비역세권",
            "30분이내주요거점역":0,
            "30분거점역이름":"[]",
            "1시간이내주요거점역":6,
            "1시간거점역이름":"['자갈치', '남포', '부산', '범일', '서면', '부전']",
            "3km이내백화점수":0,
            "5km이내아울렛몰수":0,
            "1km이내대형먀트수":0,
            "500m이내은행수":0,
            "500m이내병원수":0,
            "5km이내대형병원수":2,
            "500m이내공원수":1,
            "3km이내혐오시설수":0,
            "초등학교학업성취도":90.0,
            "중학교학업성취도":80.5,
            "용적률":0,
            "건폐율":0,
            "Y":35.073493,
            "X":129.073492,
            "rank":85.0,
            "area_info":"14평(48.1), 15평(50.52), 15평(50.26), 16평(54.03), 19평(65.1), 21평(70.17), 21평(70.39), 22평(75.27), 23평(76.15), 23평(76.6), 23평(78.86), 23평(78.99), 24평(81.76), 24평(81.24), 27평(90.68)",
            "last_sales":"2021-04-21,12900.0,24평(81.24)",
            "rank_history":[
                [
                    "202203",
                    85
                ],
                [
                    "202202",
                    9999
                ]
            ],
            "rank_gap":9999
        },
        {
            "index":236,
            "아파트명":"에덴금호타운",
            "투자타입":"일반",
            "전용면적(m2)":"84.55",
            "전용면적(평)":"25평",
            "법정동주소":"부산시 영도구 동삼동 680-12",
            "도로명주소":"부산시 영도구 태종로 702",
            "세대수":0,
            "입주년차":0,
            "용적률점수":"--",
            "건폐율점수":"--",
            "세대당주차수":0,
            "난방방식":30,
            "공급면적":"--",
            "전용률":"--",
            "욕실수":50,
            "현관타입":10,
            "주거총점":9.0,
            "지역구공급총점":0.0,
            "역세권":0,
            "30분내 이동가능 거점":0,
            "1시간내 이동가능 거점":60,
            "교통총점":12.0,
            "백화점":0,
            "아울렛몰":0,
            "대형마트":0,
            "은행":0,
            "병원":0,
            "종합병원":100,
            "공원":0,
            "혐오시설":0,
            "인프라총점":20.0,
            "초등학군":90.0,
            "중학군":48.3,
            "학군총점":56.64,
            "인구수":11.01,
            "인구증감":-3.42,
            "인구총점":6.681,
            "일자리":5.71,
            "소득수준":61.24,
            "일자리총점":22.369,
            "가치 총점":27.042,
            "매매실거래년":20220214.0,
            "매매실거래가":11000.0,
            "전세실거래년":20210412.0,
            "전세실거래가":10000.0,
            "전세가율":90.91,
            "장기전세가율평균":70.04,
            "전세가율거품지수":-20.87,
            "검색코드":7869,
            "세대수":285.0,
            "준공년월":"1995-06-09",
            "준공년차":28.0,
            "가까운역이름":"남포",
            "가까운역거리":4815.47,
            "역세권여부":"비역세권",
            "30분이내주요거점역":0,
            "30분거점역이름":"[]",
            "1시간이내주요거점역":6,
            "1시간거점역이름":"['하단', '자갈치', '남포', '부산', '범일', '서면']",
            "3km이내백화점수":0,
            "5km이내아울렛몰수":0,
            "1km이내대형먀트수":0,
            "500m이내은행수":0,
            "500m이내병원수":0,
            "5km이내대형병원수":2,
            "500m이내공원수":0,
            "3km이내혐오시설수":0,
            "초등학교학업성취도":90.0,
            "중학교학업성취도":80.5,
            "용적률":374,
            "건폐율":15,
            "Y":35.071053,
            "X":129.076256,
            "rank":86.0,
            "area_info":"25평(84.55), 32평(106.96), 44평(146.56)",
            "last_sales":"2022-02-14,11000.0,25평(84.55)",
            "rank_history":[
                [
                    "202203",
                    86
                ],
                [
                    "202202",
                    46
                ],
                [
                    "202201",
                    46
                ]
            ],
            "rank_gap":-40
        },
        {
            "index":183,
            "아파트명":"삼창파크타운(363-47)",
            "투자타입":"재건축",
            "전용면적(m2)":"61.98",
            "전용면적(평)":"18평",
            "법정동주소":"부산시 영도구 동삼동 363-47",
            "도로명주소":"부산시 영도구 절영로 553",
            "세대수":0,
            "입주년차":"--",
            "용적률점수":0,
            "건폐율점수":0,
            "세대당주차수":"--",
            "난방방식":"--",
            "공급면적":50,
            "전용률":60,
            "욕실수":"--",
            "현관타입":"--",
            "주거총점":5.5,
            "지역구공급총점":0.0,
            "역세권":0,
            "30분내 이동가능 거점":0,
            "1시간내 이동가능 거점":60,
            "교통총점":12.0,
            "백화점":0,
            "아울렛몰":0,
            "대형마트":0,
            "은행":0,
            "병원":0,
            "종합병원":100,
            "공원":100,
            "혐오시설":0,
            "인프라총점":23.0,
            "초등학군":90.0,
            "중학군":48.1,
            "학군총점":56.48,
            "인구수":11.01,
            "인구증감":-3.42,
            "인구총점":6.681,
            "일자리":5.71,
            "소득수준":61.24,
            "일자리총점":22.369,
            "가치 총점":27.019,
            "매매실거래년":20201217.0,
            "매매실거래가":15500.0,
            "전세실거래년":20211028.0,
            "전세실거래가":7000.0,
            "전세가율":93.33,
            "장기전세가율평균":70.04,
            "전세가율거품지수":-23.29,
            "검색코드":105353,
            "세대수":182.0,
            "준공년월":"1988-01-08",
            "준공년차":35.0,
            "가까운역이름":"남포",
            "가까운역거리":4200.83,
            "역세권여부":"비역세권",
            "30분이내주요거점역":0,
            "30분거점역이름":"[]",
            "1시간이내주요거점역":6,
            "1시간거점역이름":"['자갈치', '남포', '부산', '범일', '서면', '부전']",
            "3km이내백화점수":0,
            "5km이내아울렛몰수":0,
            "1km이내대형먀트수":0,
            "500m이내은행수":1,
            "500m이내병원수":0,
            "5km이내대형병원수":2,
            "500m이내공원수":4,
            "3km이내혐오시설수":0,
            "초등학교학업성취도":90.0,
            "중학교학업성취도":78.5,
            "용적률":0,
            "건폐율":0,
            "Y":35.075204,
            "X":129.071639,
            "rank":87.0,
            "area_info":"18평(61.98), 18평(61.51), 19평(63.97), 19평(64.69), 19평(64.86), 20평(66.25), 20평(66.92), 20평(68.3), 21평(69.88), 21평(72.24), 22평(73.81), 22평(75.62), 22평(75.59), 23평(76.14), 24평(82.08), 25평(83.48), 26평(86.55), 26평(87.2), 26평(87.89), 27평(90.16), 29평(95.87), 29평(97.83), 29평(97.64), 29평(97.44), 29평(98.03), 29평(98.82), 30평(99.41)",
            "last_sales":"2020-12-17,15500.0,30평(99.41)",
            "rank_history":[
                [
                    "202203",
                    87
                ],
                [
                    "202202",
                    47
                ],
                [
                    "202201",
                    45
                ]
            ],
            "rank_gap":-40
        },
        {
            "index":154,
            "아파트명":"삼창그린타운",
            "투자타입":"일반",
            "전용면적(m2)":"83.79",
            "전용면적(평)":"25평",
            "법정동주소":"부산시 영도구 동삼동 679-1",
            "도로명주소":"부산시 영도구 태종로700번길 19",
            "세대수":0,
            "입주년차":0,
            "용적률점수":"--",
            "건폐율점수":"--",
            "세대당주차수":0,
            "난방방식":30,
            "공급면적":"--",
            "전용률":"--",
            "욕실수":50,
            "현관타입":10,
            "주거총점":9.0,
            "지역구공급총점":0.0,
            "역세권":0,
            "30분내 이동가능 거점":0,
            "1시간내 이동가능 거점":50,
            "교통총점":10.0,
            "백화점":0,
            "아울렛몰":0,
            "대형마트":0,
            "은행":0,
            "병원":0,
            "종합병원":100,
            "공원":0,
            "혐오시설":0,
            "인프라총점":20.0,
            "초등학군":90.0,
            "중학군":48.3,
            "학군총점":56.64,
            "인구수":11.01,
            "인구증감":-3.42,
            "인구총점":6.681,
            "일자리":5.71,
            "소득수준":61.24,
            "일자리총점":22.369,
            "가치 총점":26.742,
            "매매실거래년":20220114.0,
            "매매실거래가":12000.0,
            "전세실거래년":20211016.0,
            "전세실거래가":10000.0,
            "전세가율":83.33,
            "장기전세가율평균":70.04,
            "전세가율거품지수":-13.29,
            "검색코드":10740,
            "세대수":174.0,
            "준공년월":"1996-12-31",
            "준공년차":27.0,
            "가까운역이름":"남포",
            "가까운역거리":4735.07,
            "역세권여부":"비역세권",
            "30분이내주요거점역":0,
            "30분거점역이름":"[]",
            "1시간이내주요거점역":5,
            "1시간거점역이름":"['자갈치', '남포', '부산', '범일', '서면']",
            "3km이내백화점수":0,
            "5km이내아울렛몰수":0,
            "1km이내대형먀트수":0,
            "500m이내은행수":0,
            "500m이내병원수":0,
            "5km이내대형병원수":2,
            "500m이내공원수":0,
            "3km이내혐오시설수":0,
            "초등학교학업성취도":90.0,
            "중학교학업성취도":80.5,
            "용적률":0,
            "건폐율":0,
            "Y":35.071134,
            "X":129.075204,
            "rank":88.0,
            "area_info":"25평(83.79), 25평(84.94), 28평(93.74), 29평(96.96), 31평(103.93)",
            "last_sales":"2022-01-14,12000.0,25평(83.79)",
            "rank_history":[
                [
                    "202203",
                    88
                ],
                [
                    "202202",
                    46
                ],
                [
                    "202201",
                    46
                ]
            ],
            "rank_gap":-42
        },
        {
            "index":248,
            "아파트명":"우일화랑",
            "투자타입":"일반",
            "전용면적(m2)":"64.71",
            "전용면적(평)":"19평",
            "법정동주소":"부산시 영도구 동삼동 556-1",
            "도로명주소":"부산시 영도구 중리북로 12",
            "세대수":0,
            "입주년차":0,
            "용적률점수":"--",
            "건폐율점수":"--",
            "세대당주차수":0,
            "난방방식":30,
            "공급면적":"--",
            "전용률":"--",
            "욕실수":50,
            "현관타입":100,
            "주거총점":18.0,
            "지역구공급총점":0.0,
            "역세권":0,
            "30분내 이동가능 거점":0,
            "1시간내 이동가능 거점":70,
            "교통총점":14.0,
            "백화점":0,
            "아울렛몰":0,
            "대형마트":0,
            "은행":0,
            "병원":0,
            "종합병원":100,
            "공원":100,
            "혐오시설":0,
            "인프라총점":23.0,
            "초등학군":90.04,
            "중학군":20.88,
            "학군총점":34.712,
            "인구수":11.01,
            "인구증감":-3.42,
            "인구총점":6.681,
            "일자리":5.71,
            "소득수준":61.24,
            "일자리총점":22.369,
            "가치 총점":23.9136,
            "매매실거래년":20211227.0,
            "매매실거래가":11200.0,
            "전세실거래년":null,
            "전세실거래가":null,
            "전세가율":null,
            "장기전세가율평균":70.04,
            "전세가율거품지수":null,
            "검색코드":11863,
            "세대수":71.0,
            "준공년월":"1993-09-07",
            "준공년차":30.0,
            "가까운역이름":"남포",
            "가까운역거리":4225.68,
            "역세권여부":"비역세권",
            "30분이내주요거점역":0,
            "30분거점역이름":"[]",
            "1시간이내주요거점역":7,
            "1시간거점역이름":"['하단', '자갈치', '남포', '부산', '범일', '서면', '부전']",
            "3km이내백화점수":0,
            "5km이내아울렛몰수":0,
            "1km이내대형먀트수":0,
            "500m이내은행수":0,
            "500m이내병원수":0,
            "5km이내대형병원수":3,
            "500m이내공원수":2,
            "3km이내혐오시설수":0,
            "초등학교학업성취도":90.04,
            "중학교학업성취도":34.8,
            "용적률":270,
            "건폐율":28,
            "Y":35.070623,
            "X":129.067064,
            "rank":89.0,
            "area_info":"19평(64.71), 19평(65.8), 22평(73.75), 22평(74.08), 22평(74.65), 23평(78.7), 27평(90.88), 29평(99.05), 30평(100.12), 33평(110.52)",
            "last_sales":"2021-12-27,11200.0,30평(100.12)",
            "rank_history":[
                [
                    "202203",
                    89
                ],
                [
                    "202202",
                    9999
                ]
            ],
            "rank_gap":9999
        }
    ]
}